3884 6112
98 273 148 324 m

328 463 330 467 ,
430 393 613 449 mmmm

151 501 202 554 Pro
217 498 292 553 bouis
302 499 355 553 sibi
364 501 394 554 iu
404 502 526 569 pueritie
538 501 642 555 collutis
648 504 699 556 Dee
709 502 890 570 pretiesegit.

133 610 176 663 3l.
192 606 248 661 Sed
260 611 369 674 tamen,
388 607 518 672 Domine,
533 606 586 661 tibi
601 606 840 663 excellentissime
857 612 944 678 atque

98 696 208 767 optimo
224 694 364 749 conditori
378 699 406 749 et
422 696 525 750 rectori
541 695 742 763 universitatis,
768 698 825 751 ltce
848 700 946 751 nostro

98 784 214 854 gratias,
237 782 349 838 etiamsi
370 799 416 837 me
437 799 560 854 puerum
579 787 692 838 tautum
715 800 775 838 esse
795 783 942 842 voluisses.

97 873 181 927 Eram
203 870 281 926 enim
304 871 484 941 etiamtunc,
500 872 631 927 vivebam
645 873 653 908 ¹
669 877 755 943 atque
773 873 942 940 sentiebam,

97 976 249 1031 meamque
264 959 499 1028 incolumitatem,
514 960 665 1032 vestigium
679 961 874 1017 secretissima
885 963 946 1018 uni-

96 1051 162 1104 tatis
177 1065 212 1104 ex
225 1066 282 1120 qua
296 1066 384 1115 eram,
409 1066 485 1104 curae
505 1049 644 1104 habebam
658 1067 665 1116 ;
686 1051 881 1105 custodiebam
897 1050 945 1105 in-

96 1138 199 1193 teriere
213 1155 297 1194 sensu
323 1138 517 1209 integritatem
533 1154 670 1193 sensuum
691 1155 833 1205 meorum,
857 1139 945 1211 inque

95 1224 166 1296 ipsis
181 1225 285 1296 parvis,
302 1241 513 1295 parvarumque
533 1240 629 1278 rerum
637 1225 857 1297 cogitationibus
871 1226 939 1280 veri·

95 1316 153 1367 tate
178 1312 350 1368 delectabar.
372 1312 442 1366 Falli
467 1312 611 1379 nolebam,
639 1312 780 1368 memoria
803 1314 943 1385 vigebam,

96 1401 241 1457 locutione
256 1400 428 1468 instruebar,
437 1399 563 1455 amicitia
573 1401 726 1466 mulcebar,
741 1401 886 1472 fugiebam
897 1403 946 1457 do·

97 1490 198 1560 loram,
213 1489 414 1560 abjectionem,
429 1488 635 1560 ignorantiam.
663 1490 736 1554 Quid
759 1489 790 1544 in
810 1489 861 1545 tali
882 1490 946 1545 ani·

129 1626 136 1658 ¹
156 1623 198 1673 Sic
207 1623 268 1672 llas.
280 1637 339 1672 cum
349 1621 415 1672 Edd.
431 1622 571 1685 plerisque.
589 1623 632 1672 ubi
650 1623 711 1671 hor.
723 1622 822 1672 habent
832 1625 877 1672 :nt
887 1623 944 1684 iura

96 1685 362 1797 εῆιέιῐξάαιιῶεῃὸᾶηιώε-
372 1684 475 1796 {lisam
486 1688 551 1736 tuac
559 1684 771 1748 eteeberrr,juxta
786 1686 910 1736 semmel.
920 1691 946 1738 et

702 252 1247 327 mmmmmusmmmm
1802 276 1847 327 m

999 397 1095 448 manta
1116 409 1174 447 non
1199 391 1319 447 mirable
1343 396 1429 464 atque
1444 391 1611 448 laudabile?
1628 394 1665 448 ht
1678 391 1733 448 ista
1758 394 1849 449 emnia

1000 482 1051 536 Dei
1068 482 1123 536 mei
1144 482 1220 537 dona
1234 486 1314 550 sunt,
1330 498 1390 536 non
1408 481 1478 536 mihi
1492 498 1546 553 ego
1559 481 1624 536 dedi
1639 481 1720 536 haec:
1736 485 1767 538 et
1780 481 1849 539 bena

1000 575 1074 635 suut,
1089 574 1118 625 et
1136 571 1305 625 haecomnia
1323 587 1387 643 ege.
1404 571 1499 625 Bonus
1515 585 1583 641 argo
1598 569 1704 642 estqui
1718 569 1850 640 facitme,

999 663 1029 712 et
1041 658 1102 730 ipse
1119 664 1162 714 cst
1180 660 1286 715 bouum
1302 676 1409 726 meam,
1427 665 1456 715 et
1471 659 1514 714 illi
1527 659 1638 714 exsulto
1657 658 1739 713 bonis
1762 659 1849 713 emni-

997 747 1052 802 bus
1073 748 1177 819 quibes
1199 748 1285 804 etiam
1306 765 1379 820 puer
1394 764 1484 803 eram.
1509 749 1568 803 llec
1589 747 1668 801 euim
1689 747 1846 819 peccabam,

999 837 1076 907 quod
1094 853 1153 892 non
1176 837 1208 891 in
1224 838 1296 909 ipso,
1320 838 1367 891 sed
1388 837 1418 892 in
1441 837 1580 892 creaturis
1602 837 1676 908 ejus,
1701 852 1749 891 me
1771 840 1850 908 atque

999 923 1145 993 caeteris-¹,
1166 926 1337 996 voluptates,
1360 925 1561 993 sublimitates,
1584 924 1719 980 veritates
1743 941 1850 997 quaere·

998 1014 1081 1083 bam;
1106 1018 1191 1086 atque
1214 1014 1256 1069 ita
1282 1014 1429 1070 irruebam
1454 1013 1484 1069 in
1506 1014 1629 1082 dolores,
1655 1013 1843 1084 confusiones,

998 1119 1118 1158 errores.
1142 1104 1251 1159 Gratias
1270 1102 1331 1166 tibi,
1355 1103 1477 1161 dulcedo
1501 1120 1574 1172 mea,
1595 1106 1624 1157 et
1648 1103 1743 1158 honor
1761 1119 1845 1174 meus,

998 1197 1026 1247 et
1048 1192 1153 1247 fiducia
1181 1209 1254 1258 mea,
1281 1193 1356 1247 Deus
1380 1209 1477 1247 meus:
1509 1191 1615 1265 gratias
1639 1191 1693 1247 tibi
1713 1191 1750 1246 de
1774 1192 1849 1247 donis

998 1281 1070 1348 tuis;
1097 1282 1147 1335 sed
1168 1287 1197 1336 tu
1221 1281 1291 1335 mihi
1315 1298 1348 1336 ea
1368 1298 1458 1336 serva.
1480 1282 1522 1336 lta
1540 1281 1617 1336 enirn
1644 1280 1774 1336 servabis
1794 1297 1847 1348 me3

998 1370 1224 1441 etaugebuntur
1247 1374 1275 1424 et
1298 1369 1483 1442 perficientur
1507 1386 1572 1441 quse
1595 1369 1701 1425 dedisti
1728 1369 1808 1438 mihi,
1822 1372 1847 1424 et

999 1473 1047 1511 ero
1059 1458 1120 1529 ipse
1131 1463 1243 1522 tecum,·
1258 1458 1326 1529 quia
1336 1463 1364 1512 et
1377 1461 1408 1511 ut
1418 1457 1482 1519 sim,
1499 1461 1530 1511 tu
1544 1457 1649 1513 dedisti
1660 1457 1743 1513 mihi.

1029 1567 1037 1599 ¹
1049 1564 1110 1613 Bad.
1124 1566 1180 1613 hm.
1193 1564 1234 1614 Er.
1245 1568 1271 1613 et
1280 1565 1339 1614 Lov.
1351 1567 1470 1615 ceteras.
1481 1564 1549 1613 Casti
1570 1568 1643 1613 atum
1654 1562 1847 1615 ostentmst

997 1627 1061 1675 blas.
1079 1626 1304 1690 ratariaomppe
1314 1627 1430 1676 hocloco
1444 1626 1539 1676 fatetur
1549 1578 1719 1690 {agustinus
1733 1640 1761 1676 ss
1776 1626 1803 1674 in
1817 1639 1844 1675 ee

997 1703 1127 1799 Berressa,
1142 1690 1214 1751 quod
1228 1689 1387 1752 voluptates,
1402 1688 1588 1748 sublimitates,
1604 1689 1743 1752 veritates,
1758 1688 1847 1739 nenia

1020 1764 1060 1812 eo,
1071 1752 1116 1801 sed
1131 1752 1160 1801 iu
1174 1752 1260 1815 seipso
1274 1755 1300 1800 st
1313 1751 1441 1801 creaturis
1456 1751 1514 1800 aliis
1526 1755 1669 1815 quereret.

596 2007 854 2132 LIBER
892 2006 1349 2135 SECUNDUS.

126 2194 164 2244 hd
178 2199 280 2245 atatem
296 2193 374 2243 aliam
391 2194 567 2258 progreditur,
580 2194 762 2257 Primumque
775 2194 959 2244 adolescentia
973 2209 1038 2255 suaa,
1047 2195 1074 2245 id
1088 2200 1137 2256 est,
1151 2201 1255 2245 sextum
1265 2194 1397 2246 decimum
1407 2195 1468 2246 vitas
1479 2209 1590 2256 annum,
1608 2207 1691 2259 quem
1704 2195 1733 2245 in
1746 2197 1848 2260 paterna

95 2276 173 2325 domo
189 2275 283 2325 studiis
300 2274 458 2327 intermissis
473 2278 671 2337 consumpserat
682 2275 760 2337 genio
784 2289 813 2322 ac
830 2273 984 2325 libidinibus
997 2275 1148 2339 indulgens,
1166 2276 1199 2325 ad
1214 2279 1331 2326 mentem
1344 2279 1451 2326 revocat
1464 2290 1525 2326 cum
1536 2275 1613 2341 gravi
1628 2274 1733 2337 delere,
1748 2288 1848 2326 saraae

94 2355 237 2405 admodum
252 2355 280 2405 in
293 2353 465 2421 dijudicando
482 2354 553 2404 furto
570 2368 625 2404 ase
637 2358 701 2403 tune
713 2355 838 2426 temperis
852 2368 912 2403 cum
930 2354 1064 2405 sodalibus
1078 2359 1238 2420 perpetrato.

903 2463 1050 2478 —

379 2550 659 2606 caperratum.

239 2638 435 2695 Adebsceatiae
448 2643 553 2695 atatem
568 2644 593 2694 et
605 2642 674 2694 aitte
687 2641 791 2696 recolit.

132 2731 156 2782 l.
179 2728 333 2784 Recordari
360 2730 423 2784 vele
451 2733 607 2784 transactas
631 2729 771 2785 foeditates
801 2746 891 2800 meas,
915 2732 945 2783 et

93 2818 220 2872 carnales
243 2817 439 2890 corruptiones
458 2818 563 2873 animae
583 2834 675 2874 meaa:
702 2836 761 2874 non
788 2819 865 2893 qued
896 2835 943 2873 eas

27 2922 30 2927 ·
93 2921 207 2974 amem3
224 2908 272 2961 sed
286 2912 421 2962 uternam
438 2912 477 2978 te,
499 2907 573 2962 Deus
595 2923 687 2964 meus.
708 2912 813 2963 Amore
837 2907 943 2962 ameris

92 2993 134 3047 tui
156 2994 228 3050 facio
255 2996 341 3063 istud,
368 2997 494 3050 recolens
516 2996 575 3050 vias
596 3013 675 3052 meas
701 2997 892 3069 nequissimas
913 2995 943 3051 in

93 3083 284 3138 amaritudine
295 3084 508 3155 recogitationis
524 3101 605 3152 meaa,
621 3090 693 3140 uttu
704 3086 847 3141 dulcescas
860 3085 940 3149 mihi,

95 3172 213 3228 dulcedo
225 3187 285 3226 nen
299 3172 394 3240 fallax,
414 3171 533 3227 dulcedo
555 3173 623 3227 felix
644 3177 797 3236 otacrum,
818 3180 847 3228 et
864 3173 944 3228 colli·

94 3263 188 3332 gens¹
208 3277 254 3315 me
277 3277 294 3315 a
317 3259 494 3331 dispersione
511 3260 541 3314 in
563 3277 619 3332 qua
639 3261 783 3316 frustatim
809 3261 940 3315 discissus

93 3367 167 3417 sum,
181 3350 250 3406 dum
265 3351 300 3406 ab
312 3366 371 3405 uno
387 3355 415 3404 tc
431 3365 543 3404 aversus
558 3349 586 3403 in
607 3351 697 3404 multa
718 3348 829 3403 evanui.
848 3349 943 3404 Exarsi

93 3439 171 3495 enim
196 3439 350 3512 aliquande
374 3438 471 3493 saliari
494 3437 593 3493 inferis
611 3437 624 3471 ¹
640 3438 671 3493 in
690 3438 889 3506 adolescentia,
914 3442 942 3492 et

95 3528 242 3584 silvescere
256 3546 342 3585 auses
353 3544 415 3583 sum
426 3527 510 3583 variis
527 3533 556 3583 ct
569 3528 713 3583 umbrosis
734 3527 898 3594 amoribus;
915 3530 942 3580 et

92 3619 238 3675 contabuit
254 3619 360 3690 species
385 3634 468 3686 mea3
494 3621 522 3672 et
544 3617 708 3689 computrui
729 3633 826 3672 coram
850 3615 941 3670 oculis

90 3711 147 3767 tuis
160 3709 275 3779 placens
286 3707 369 3775 mihi,
381 3711 408 3762 et
419 3708 532 3778 placere
547 3707 664 3777 cupiens
675 3706 765 3762 oculis
775 3705 927 3760 hominum

431 3796 542 3850 CAPUT
558 3796 592 3849 ll.

89 3889 200 3944 Annam
213 3885 302 3939 etatis
315 3898 370 3938 sue
382 3882 514 3936 decimam
527 3888 633 3937 scortum
646 3883 783 3937 inardere
797 3883 940 3937 libidinoso

415 3975 610 4040 eoasrrmptum.

127 4067 152 4120 l.
171 4064 205 4118 Et
218 4060 287 4133 quid
300 4064 361 4116 erat
376 4059 451 4131 quod
464 4075 510 4113 me
534 4059 702 4133 delectabat,
718 4058 773 4113 nisi
797 4075 892 4114 amare
912 4061 940 4112 et

89 4151 199 4207 amari?
213 4150 267 4207 Sed
280 4166 337 4204 non
352 4148 504 4204 tenebatur
516 4148 619 4204 modus
634 4148 669 4204 ab
685 4148 781 4204 animo
801 4147 939 4220 usquead

88 4242 218 4296 animum
243 4242 385 4312 quatenus
413 4241 455 4292 est
475 4237 637 4293 luminosus
655 4237 762 4293 ¹limes
782 4236 938 4302 amicitiae;

89 4331 137 4386 sed
161 4331 369 4386 exhalabantur
388 4327 501 4382 nebulae
524 4326 559 4381 de
587 4327 689 4382 limosa
710 4323 940 4397 concupiscentia

86 4419 180 4473 earnis
196 4423 224 4474 et
247 4418 375 4473 scatebra
393 4415 562 4489 pubertatis,
579 4419 607 4469 et
626 4415 833 4471 obnubilabant
852 4419 938 4486 atque

89 4507 266 4562 offuscabant
279 4522 327 4561 cor
346 4522 456 4575 meum,
480 4509 585 4560 utnon
606 4503 816 4559 discerneretur
830 4501 938 4557 sereni-

88 4599 130 4649 tas
141 4595 302 4652 dilectionis
317 4613 333 4651 a
347 4594 468 4667 caligine
491 4592 627 4649 libidinis.
652 4594 810 4664 Utrumque
825 4592 855 4646 in
870 4608 938 4646 con·

86 4685 149 4738 suso
176 4685 323 4752 aestuabat,
342 4689 370 4740 et
392 4683 523 4756 rapiebat
542 4681 716 4737 imbecillam
740 4685 855 4736 aetatem
887 4696 939 4752 per

87 4774 208 4844 abrupta
223 4773 423 4844 cupiditatum,
445 4778 531 4845 atque
555 4771 699 4827 mersabat
719 4770 832 4843 gurgite
855 4769 938 4840 llagi·

86 4861 205 4917 tiorum.
223 4862 383 4916 lnvaluerat
403 4878 488 4934 super
509 4877 555 4916 mc
577 4861 621 4916 ira
634 4865 695 4930 tua,
717 4864 747 4914 et
764 4857 936 4913 nesciebam.

87 4948 330 5008 Obsurdueraml
355 4950 475 5006 stridore
503 4953 611 5006 eatenae
644 4947 827 5005 mortalitatis
855 4963 937 5015 meas,

117 5071 125 5104 ¹
143 5069 205 5118 Tres
219 5069 280 5116 llas.
296 5064 383 5127 hugi,
398 5065 517 5126 cotiique.

115 5133 125 5167 ²
139 5133 264 5182 boarum
273 5127 465 5191 antiquioribus
473 5125 796 5192 Edd.,satiuritaiaseria.
804 5124 939 5188 Expunxi·

85 5191 511 5306 mppniffllxstpdtlltpgagtffiico
527 5251 671 5303 Sommalie
681 5250 818 5302 Societatis
827 5250 899 5299 lesu.
912 5250 939 5298 et

85 5331 100 5366 a
113 5319 210 5369 Thema
219 5317 314 5375 Blasio,
321 5315 418 5378 legitur
426 5330 432 5363 :
439 5315 553 5364 timores
560 5313 639 5366 lienes,
649 5315 776 5365 lucedice
786 5312 863 5362 Corb.
871 5312 940 5361 limi·

84 5372 939 5449 aeaus.Utrebiquaoerrupts:illicenimdelletltugustiuusquod

84 5455 140 5492 sese
149 5443 218 5493 intra
228 5443 347 5493 honestae
358 5439 482 5490 amicitiae
489 5438 586 5488 limites
596 5439 669 5489 haud
678 5439 840 5489 continuarit
848 5451 855 5497 ς
862 5436 939 5485 adse·

85 5515 135 5566 que
148 5505 290 5567 legendum
307 5517 368 5553 eum
390 5503 451 5552 llss.
469 5505 495 5551 et
516 5499 574 5550 aliis
592 5500 668 5558 adds
693 5500 840 5572 luminosas
854 5497 937 5549 times.

116 5567 165 5616 ‘ln
176 5568 237 5617 hev.
245 5568 345 5617 Senam.
354 5570 379 5617 et
387 5566 466 5616 litua:
479 5560 685 5615 obsurdueram.
694 5562 885 5612 substituimus
895 5559 936 5610 oe-

996 2567 1081 2623 peana
1095 2551 1253 2623 surperbiae
1269 2551 1374 2606 animae
1386 2567 1477 2617 meae;
1494 2556 1524 2606 et
1544 2551 1622 2607 ibam
1643 2551 1765 2624 longius
1786 2555 1849 2620 ate,

998 2643 1026 2693 et
1039 2640 1168 2706 sinebas;
1196 2645 1224 2694 et
1237 2641 1374 2712 jactabar,
1390 2645 1418 2694 et
1432 2639 1609 2707 effundebar,
1626 2645 1653 2694 et
1673 2640 1847 2706 diffluebam,

997 2732 1025 2783 et
1039 2728 1212 2784 ebulliebam
1227 2745 1279 2800 per
1299 2728 1502 2784 fornicationes
1523 2745 1613 2796 meas,
1637 2733 1666 2784 et
1690 2728 1847 2785 tacebasil

998 2818 1111 2872 tardum
1127 2818 1265 2888 gaudium
1280 2817 1390 2873 meuml
1413 2818 1535 2873 Tacebas
1555 2822 1632 2884 tuuc,
1649 2824 1679 2874 et
1700 2835 1755 2890 ege
1777 2819 1847 2873 ibam

995 2922 1083 2976 perro
1105 2907 1191 2979 longe
1210 2912 1267 2961 ate
1287 2908 1316 2962 in
1338 2908 1421 2979 plura
1442 2907 1549 2962 sterilia
1571 2907 1686 2962 semina
1708 2908 1845 2974 dolorum,

996 2996 1120 3067 superba
1129 2995 1298 3066 dejectione,
1314 3001 1341 3050 et
1352 2996 1481 3068 inquieta
1495 2996 1676 3051 lassitudine.

1032 3088 1058 3139 3.
1070 3084 1138 3149 Quis
1149 3084 1220 3138 mihi
1232 3084 1449 3140 moderaretur¹
1463 3101 1624 3139 erumnam
1638 3089 1788 3153 meamet
1800 3101 1843 3141 ne

995 3171 1177 3228 vissimarum
1199 3189 1299 3228 rerum
1326 3174 1441 3245 fugaces
1462 3174 1694 3245 pulchritudines
1713 3175 1747 3230 in
1769 3190 1846 3231 usum

996 3266 1129 3329 verteret,
1145 3278 1302 3334 carumque
1317 3262 1505 3318 suavitatibus
1522 3267 1614 3317 metas
1627 3264 1808 3336 praefigeret,
1819 3268 1844 3318 ut

997 3351 1136 3422 usquead
1158 3352 1308 3422 conjugale
1324 3351 1403 3406 littus
1425 3356 1614 3406 exaestuarent
1629 3352 1738 3406 fluctus
1761 3350 1844 3407 aaa

996 3456 1078 3505 mere,
1095 3439 1119 3493 si
1131 3439 1322 3510 tranquillitas
1337 3439 1367 3493 in
1382 3440 1423 3494 cis
1435 3456 1493 3495 non
1507 3444 1619 3511 poterat
1629 3457 1704 3508 esse,
1720 3440 1843 3511 iinepre·

995 3527 1185 3581 creandorum
1199 3527 1358 3582 liberorum
1379 3534 1525 3598 contenta,
1541 3528 1614 3583 sicut
1628 3529 1793 3600 praescribit
1804 3529 1840 3584 lex

995 3616 1053 3681 tua,
1075 3614 1206 3684 Domine,
1225 3616 1275 3687 qui
1287 3616 1394 3671 formas
1410 3616 1498 3672 etiam
1511 3617 1705 3689 propaginem
1720 3615 1840 3673 mortali·

995 3703 1059 3757 tatis
1084 3710 1188 3758 uostrae
1218 3708 1238 3771 ²,
1258 3711 1358 3775 petens
1380 3706 1528 3777 imponere
1554 3707 1649 3762 lenem
1674 3722 1794 3762 manum
1814 3702 1842 3758 ad

994 3796 1254 3863 temperamentum
1262 3793 1411 3864 spinarum
1423 3811 1438 3848 a
1449 3795 1581 3866 paradiso
1593 3801 1644 3850 tuo
1653 3793 1843 3851 seclusarum?

994 3881 1058 3936 Non
1072 3882 1150 3937 enim
1167 3883 1308 3955 longeest
1326 3874 1439 3938 anobis
1455 3884 1668 3956 omnipotentia
1681 3888 1745 3954 tua,
1765 3882 1841 3939 etiam

994 3987 1060 4025 cum
1080 3972 1165 4043 longe
1183 3988 1312 4027 samusa
1336 3977 1375 4026 te.
1391 3963 1447 4027 llut
1470 3978 1547 4027 certe
1574 3973 1704 4028 sonitum
1729 3971 1841 4028 nubium

992 4064 1108 4114 tuarum
1130 4060 1293 4131 vigilantius
1317 4061 1508 4115 adverterem:
1531 4063 1747 4116 Tributotieaem
1762 4064 1841 4116 caum

993 4151 1083 4204 ceritis
1095 4148 1230 4222 laubabunt
1245 4150 1411 4219 hujusmodi.
1428 4153 1484 4218 Eae
1500 4151 1675 4206 eatemeebis
1687 4167 1792 4222 pereo3
1806 4157 1840 4212 et.

992 4240 1095 4293 Bonum
1109 4245 1148 4293 cst
1167 4240 1270 4293 bomini
1285 4234 1423 4294 mutierem
1443 4255 1496 4294 iren
1517 4246 1646 4308 feugere3
1662 4245 1701 4308 et,
1724 4241 1776 4307 Orsi
1793 4241 1842 4295 aare

992 4343 1076 4382 urere
1090 4332 1138 4394 est,
1162 4331 1263 4395 rogitet
1285 4344 1317 4383 ee
1341 4344 1400 4397 qua
1421 4334 1484 4384 suat
1504 4331 1561 4394 liei,
1585 4329 1719 4398 quomedo
1740 4330 1842 4400 placat

992 4415 1223 4486 lamentantem
1237 4419 1409 4472 matrimonio
1420 4418 1533 4486 junctus
1549 4421 1599 4484 est,
1620 4421 1726 4487 cogitet
1743 4434 1776 4473 ee
1790 4431 1842 4488 qua

992 4509 1055 4561 sarit
1068 4504 1175 4572 mundi,
1191 4506 1321 4574 quomedo
1338 4505 1447 4575 placeat
1461 4507 1543 4560 aseri
1563 4506 1583 4576 (l
1599 4507 1661 4574 Ger,
1682 4523 1733 4573 vir,
1757 4508 1801 4575 28,
1818 4507 1840 4571 l,

994 4597 1037 4661 32,
1057 4597 1100 4662 33,
1117 4596 1170 4665 tl).
1195 4596 1249 4648 llas
1265 4611 1334 4666 erge
1349 4610 1430 4649 voces
1445 4594 1611 4649 exaudirem
1624 4594 1802 4666 vigilantior,
1816 4596 1842 4648 et

992 4683 1118 4738 abscisus
1145 4689 1264 4754 propter
1286 4699 1408 4755 regnum
1430 4684 1565 4738 coelorum
1580 4684 1692 4756 (blettb.
1714 4700 1771 4754 nx,
1792 4683 1841 4754 lt),

992 4770 1102 4827 felicior
1117 4776 1308 4842 exspectarem
1325 4772 1472 4843 aruplexus
1485 4776 1559 4826 tuos.

1026 4863 1053 4915 l.
1067 4860 1120 4914 Sed
1134 4859 1253 4915 efferbui
1268 4860 1363 4927 miser,
1379 4876 1503 4931 sequeus
1515 4860 1658 4931 impetum
1672 4862 1770 4916 fluxus
1786 4857 1838 4916 mei

991 4949 1089 5003 relicto
1112 4954 1154 5014 te3
1177 4954 1206 5004 et
1222 4949 1328 5004 excessi
1346 4949 1443 5004 omnia
1465 4949 1597 5021 legitima
1619 4954 1679 5019 tua,
1699 4966 1753 5005 nec
1771 4945 1842 5005 evasi

993 5035 1107 5109 flagella
1116 5043 1180 5093 tua:
1193 5039 1342 5110 quisenim
1352 5039 1681 5094 hermertaliumffiam
1691 5042 1724 5094 tu
1733 5052 1840 5109 semper

993 5129 1093 5183 aderas
1105 5127 1326 5182 misericorditer
1345 5127 1475 5193 servieus,
1492 5132 1521 5184 et
1536 5127 1728 5184 amarissimis
1746 5142 1839 5200 aspar·

993 5233 1064 5288 gens
1080 5217 1284 5272 offensionibus
1295 5233 1395 5271 omnes
1410 5216 1523 5272 illicitas
1539 5218 1737 5288 jhcunditates
1755 5230 1838 5281 meas,

992 5305 1164 5364 rardrierem,
1174 5305 1288 5356 aliorum
1301 5306 1421 5357 codicum
1434 5306 1599 5365 auctoritate,
1608 5320 1714 5357 necnon
1722 5306 1838 5370 exigente

992 5370 1121 5419 vocabalo
1132 5370 1256 5428 stridere,
1271 5370 1342 5433 quod
1357 5369 1476 5419 adseres
1488 5369 1609 5418 refertur.

1025 5434 1033 5466 ¹
1048 5433 1111 5481 blas.
1122 5431 1214 5495 primia
1225 5436 1294 5481 notae
1303 5437 1329 5480 et
1338 5445 1385 5496 pro
1404 5444 1519 5480 somnes
1525 5430 1633 5491 habent,
1641 5430 1836 5487 modulantem

991 5507 1070 5558 qaam
1086 5493 1223 5544 lectionem
1241 5507 1334 5557 parum
1349 5494 1381 5542 ab
1412 5492 1433 5541 it
1448 5497 1475 5542 et
1487 5491 1713 5557 praefigeremus.

1023 5556 1034 5591 ⁹
1053 5556 1083 5604 ln
1096 5555 1158 5606 llas.
1173 5556 1287 5620 optimis,
1302 5555 1401 5607 inertis
1417 5556 1519 5605 uestrae.
