3884 6112
91 296 142 349 963
685 285 733 341 DE
752 281 987 350 saltatlis,
1009 279 1036 335 S.
1057 278 1250 338 AUGUSTlNl
1288 286 1295 295 '
1807 282 1853 336 sos

126 421 169 471 tus
193 419 239 470 cst.
255 413 327 480 Ouid
347 414 400 468 sibi
419 413 494 467 tomo
512 423 669 479 comparare
686 408 762 463 dotet
780 408 862 461 utsii
877 406 940 460 bee-

127 509 178 559 tus.
196 503 261 570 Quis
281 506 364 558 Deum
385 502 494 556 lrabeat.
511 500 689 556 Academicus
708 497 800 551 tectus
818 511 941 551 essenon

123 598 222 665 potest,
238 608 299 660 erqo
308 608 355 646 uec
369 593 488 660 sepiens.

996 404 1060 461 rest
1074 404 1256 460 Manifestum
1271 419 1333 459 esse
1352 402 1493 458 dixerunt.
1511 404 1603 458 Recte
1620 402 1713 474 igitur
1738 403 1856 460 dicimus

996 493 1282 564 eorumanimos,qui
1297 493 1383 548 nrrllis
1396 491 1769 564 discipliniseruditisunt,
1781 494 1858 547 nihil

995 600 1051 656 que
1067 584 1209 639 bonarum
1226 582 1332 638 artium
1351 584 1520 650 hauserunt,
1533 582 1660 653 Jejunos
1674 586 1705 636 et
1720 582 1806 654 quasi
1819 583 1857 638 fa·

125 688 151 736 7.
169 682 348 738 Manifestum
374 679 453 733 vobis
471 677 585 732 videtur
601 692 634 730 ex
654 673 751 730 anima
771 678 800 729 et
821 689 940 744 corpore
994 672 1111 728 melicos
1124 689 1194 727 esse.
1212 674 1323 739 Plenes,
1338 671 1610 745 inquitTrygetius,
1623 673 1654 725 et
1668 670 1791 726 illorum
1805 673 1858 726 ani·

90 785 141 824 nos
158 784 219 822 esse
234 766 427 838 compositos?
438 765 509 821 Cum
521 781 620 820 omnes
632 762 835 829 consentirent,
855 761 939 816 Navi·
995 779 1056 816 mos
1069 762 1277 828 esse-arbitror,
1294 761 1343 816 scd
1358 761 1433 816 vitiis
1445 766 1533 832 atque
1548 759 1695 832 nequitia.
1719 761 1779 814 Iste
1800 759 1857 832 ipsa

92 858 156 930 gius
179 875 208 912 se
222 857 355 928 ignorare
370 854 528 926 respondit.
553 853 605 908 Cui
629 868 700 924 ego:
719 851 805 917 Nihil,
829 849 939 905 nihilne
995 855 1052 918 est,
1064 850 1193 922 inquam,
1210 850 1292 905 erede
1306 849 1388 916 mihi,
1404 850 1537 918 qoaedam
1560 848 1707 905 sterilitas
1726 852 1758 903 et
1781 851 1857 921 quasi

91 946 209 1001 omnino
223 945 287 1011 seis,
310 944 429 1015 inquam
455 958 502 1010 an,
522 942 598 996 inter
622 941 718 1012 aliqua
745 955 809 1011 qum
824 938 940 1010 ignoras
995 940 1084 994 fames
1099 938 1857 1011 animorum.Namqucmadmodumcerpusdetracto

91 1034 244 1089 etiamhoe
261 1033 470 1087 numerandum
487 1030 628 1085 csthon
657 1035 726 1101 puto
749 1045 806 1094 me,
834 1026 938 1099 inquit,
995 1026 1058 1081 cibo
1073 1027 1245 1098 plerumque
1260 1028 1368 1082 morbis
1383 1032 1469 1100 atque
1484 1028 1580 1083 scabie
1596 1028 1748 1099 repletur,
1758 1028 1857 1101 quein

92 1122 189 1178 omnia
203 1121 320 1177 nescire.
338 1123 469 1190 Potesne,
484 1121 612 1192 inquam,
626 1118 709 1173 nobis
725 1118 818 1172 dicere
831 1115 939 1187 aliquid
995 1131 1028 1169 eo
1043 1115 1112 1170 vitia
1125 1115 1254 1170 indicant
1267 1116 1372 1170 famem
1390 1133 1397 1183 ;
1413 1116 1452 1172 ita
1473 1122 1503 1172 et
1524 1117 1648 1172 illorum
1670 1116 1770 1171 animi
1784 1116 1857 1188 pleni

91 1227 192 1265 eorum
203 1209 377 1281 quoenostit
388 1210 517 1274 Possum,
528 1208 631 1279 inquit.
649 1207 708 1261 Nisi
724 1205 876 1260 molestum
886 1208 938 1271 est,
995 1211 1062 1262 sunt
1085 1206 1192 1261 morbis
1206 1207 1311 1278 quibos
1327 1223 1377 1261 sua
1389 1207 1502 1279 JeJ'unia
1525 1207 1723 1264 confitentur.
1749 1208 1856 1264 Etenim

91 1300 220 1371 inquam,
236 1298 333 1370 profer
348 1296 463 1368 aliquid.
481 1297 590 1350 Etcum
605 1294 766 1350 dubitaret:
781 1293 888 1360 Seisne,
898 1292 941 1347 in·
993 1295 1085 1366 ipsam
1093 1294 1250 1367 nequitiam
1261 1299 1381 1350 matrem
1389 1295 1681 1364 omniumvitiorum,
1694 1298 1855 1369 excoquet

91 1404 190 1460 quam,
204 1387 305 1441 saltem
320 1390 348 1440 te
362 1384 476 1439 vivere?
491 1383 564 1449 Scio,
576 1383 679 1455 inquit.
691 1382 749 1437 Scis
759 1381 939 1452 ergohebere
994 1383 1190 1455 nequidquam
1209 1383 1256 1450 sit,
1272 1383 1357 1438 idest
1373 1400 1406 1438 ex
1420 1400 1453 1438 eo
1468 1384 1546 1456 quod
1561 1385 1640 1440 nihil
1666 1385 1720 1454 sit,
1751 1389 1856 1441 veteres

90 1475 232 1541 tevitam,
257 1473 399 1545 siquidem
414 1473 508 1526 vivere
523 1488 607 1526 nemo
622 1471 676 1526 nisi
698 1470 755 1524 vita
773 1473 876 1541 potest.
908 1470 940 1523 Et
994 1472 1099 1527 dictam
1116 1487 1177 1527 csse
1190 1472 1351 1527 volucrunt.
1368 1471 1420 1527 Cui
1430 1471 1498 1528 vitio
1519 1490 1587 1545 quae
1602 1474 1855 1531 eontrariavirtas

89 1563 267 1634 hoc,inquit,
282 1562 353 1618 seio.
372 1561 431 1617 Scis
446 1560 532 1616 etiam
545 1576 646 1635 corpus
657 1564 685 1614 te
695 1559 819 1613 hebere?
832 1559 938 1612 Assen-
994 1565 1048 1629 est,
1063 1559 1211 1632 frugalitas
1225 1559 1400 1615 nominator.
1416 1561 1449 1615 Ut
1464 1560 1630 1631 igiturhaec
1643 1562 1765 1634 afruge,
1777 1563 1856 1619 idest

91 1651 227 1707 tiebatur.
242 1651 315 1720 Ergo
328 1649 388 1720 jam
404 1648 457 1703 scis
470 1652 499 1703 te
517 1653 648 1703 constare
662 1664 696 1702 ex
710 1662 814 1719 copore
829 1648 857 1700 ct
871 1645 937 1700 vita.
994 1650 1129 1716 escuem,
1145 1653 1264 1720 propter
1278 1648 1433 1720 quamdam
1443 1649 1612 1705 animorum
1623 1651 1852 1720 fecunditatem

91 1740 153 1796 Scio
167 1739 300 1808 interim;
315 1738 365 1793 sed
377 1741 473 1794 utrum
489 1738 549 1792 hece
564 1738 622 1791 solo
636 1736 703 1802 sint,
717 1735 842 1790 incertus
857 1735 933 1789 sum.
994 1738 1033 1792 ita
1047 1737 1097 1792 illa
1111 1738 1145 1792 ab
1161 1737 1321 1804 sterilitate,
1337 1738 1390 1792 hoc
1404 1742 1446 1793 est
1461 1755 1477 1793 a
1492 1739 1596 1806 nihilo,
1612 1741 1754 1812 nequitia
1768 1742 1851 1797 nomi-

92 1829 165 1899 Erge
180 1826 237 1883 duo
252 1827 315 1893 ista,
340 1826 470 1898 inquam,
490 1842 551 1880 esse
572 1841 632 1879 non
656 1823 780 1891 dubites,
795 1838 897 1894 eorpus
912 1825 940 1877 et
994 1831 1061 1882 nata
1076 1831 1135 1881 est:
1151 1825 1225 1881 nihil
1239 1830 1283 1881 cst
1297 1826 1374 1882 enim
1385 1843 1470 1882 omne
1484 1829 1563 1900 qnod
1579 1828 1660 1896 fluit,
1678 1830 1762 1902 quod
1776 1831 1852 1887 mlvi·

91 1917 234 1972 animem:
256 1916 306 1971 sed
328 1914 454 1970 incertus
481 1931 510 1969 es
529 1919 627 1969 utrum
651 1912 687 1968 sit
711 1912 789 1969 eliud
805 1911 882 1984 quod
903 1911 938 1966 ad
993 1918 1050 1978 tur,
1066 1914 1143 1984 quod
1154 1914 1286 1987 liquescit
1304 1919 1332 1970 et
1348 1916 1429 1987 quasi
1443 1933 1557 1988 semper
1580 1918 1672 1988 perit.
1699 1919 1772 1990 ¹Ideo
1787 1921 1850 1975 tales

90 2003 294 2076 complendum
309 2019 340 2058 ac
352 2002 559 2074 perficiendum
574 2000 722 2057 hominem
732 2000 818 2057 vaiet.
832 2002 884 2066 lta,
894 1999 938 2055 in·
992 2002 1125 2057 homines
1141 2004 1226 2058 etiarn
1241 2003 1366 2074 perditos
1380 2004 1511 2060 dicimus.
1532 2007 1582 2060 Est
1605 2011 1711 2061 autem
1736 2008 1847 2080 aliquid,

90 2093 163 2165 quit.
180 2093 238 2147 lloc
252 2092 336 2163 quale
344 2092 391 2158 sit,
406 2090 487 2160 alies,
499 2090 523 2145 si
534 2106 695 2162 possumus,
705 2104 877 2160 quaeremus,
892 2087 938 2142 in·
993 2089 1016 2144 si
1031 2095 1137 2157 manet,
1152 2091 1175 2145 si
1189 2095 1308 2159 constat,
1323 2092 1345 2146 si
1366 2108 1480 2165 semper
1493 2093 1550 2149 tale
1566 2098 1621 2162 est,
1642 2098 1677 2149 ut
1693 2099 1740 2150 est
1753 2096 1845 2161 virtus,

89 2197 187 2254 quem.
204 2182 285 2235 Nune
299 2178 370 2233 illud
382 2178 441 2250 jam
457 2195 490 2233 cx
501 2178 635 2234 omnibus
649 2194 758 2248 quaero,
768 2192 833 2231 cum
849 2176 937 2231 fatea·
993 2180 1073 2252 eujus
1085 2196 1190 2251 magna
1204 2197 1270 2251 pars
1286 2184 1428 2253 astatque
1443 2181 1733 2256 pulcherrime,quae
1748 2190 1847 2257 tempe

89 2285 155 2325 mur
171 2268 267 2325 cuncti
281 2283 375 2339 neque
406 2267 467 2323 sine
490 2283 616 2339 corpore,
645 2282 738 2338 neque
759 2265 818 2320 sina
842 2265 938 2319 anima
992 2270 1124 2325 rantiaet
1138 2266 1288 2340 frugalitas
1303 2270 1417 2325 dicitur.
1436 2270 1491 2326 Sed
1515 2271 1539 2326 si
1563 2273 1621 2327 hoc
1642 2274 1846 2330 obscuriusest

90 2373 151 2413 esse
166 2373 249 2429 posse
264 2355 507 2424 hominem,eib0s
516 2360 634 2427 propter
646 2354 716 2427 quid
729 2355 833 2411 horum
849 2369 937 2425 appe·
992 2374 1080 2430 quam
1093 2360 1126 2412 ut
1139 2356 1168 2412 id
1177 2357 1239 2429 J‘am
1251 2373 1301 2412 vos
1312 2356 1407 2412 videre
1421 2358 1535 2428 possitis
1547 2375 1555 2428 ;
1571 2364 1651 2414 certe
1666 2360 1744 2417 illud
1758 2378 1844 2417 conce

90 2450 194 2502 tamus.
211 2447 331 2518 Propter
341 2461 454 2517 eorpus,
469 2444 564 2516 inquit
578 2444 731 2499 licentius.
756 2443 857 2499 Caeteri
884 2458 936 2497 au-

89 2538 148 2590 tem
174 2533 390 2602 cunctabantur,
406 2533 542 2605 varioque
566 2548 698 2589 sermone
722 2532 798 2587 inter
825 2548 854 2587 se
869 2549 937 2605 age·

89 2624 168 2692 bant,
184 2622 329 2695 quomode
342 2626 438 2694 posset
458 2626 575 2694 propter
589 2639 691 2693 eorpus
707 2621 787 2676 cibus
807 2636 936 2677 neccssa-

89 2714 148 2768 rius
162 2711 263 2775 videri,
280 2728 345 2767 cum
360 2715 546 2784 appetererur
569 2716 687 2782 propter
709 2710 809 2779 vitam,
826 2715 855 2766 ct
879 2710 938 2766 vita

89 2817 148 2856 non
168 2800 223 2856 nisi
238 2799 274 2855 ad
290 2799 417 2855 animam
431 2799 597 2871 pertineret.
621 2800 693 2853 Tum
707 2815 760 2870 ego
778 2815 784 2853 :
809 2798 937 2870 Videtur,

87 2890 219 2961 inquam,
234 2887 313 2943 vobis
328 2889 432 2943 adeam
447 2886 664 2959 partemcibum
679 2888 833 2959 pertinere,
850 2904 937 2959 quam

89 2977 153 3032 cibo
172 2993 297 3033 erescere
321 2976 571 3048 robustioremque
586 2975 649 3031 llari
669 2976 820 3032 videmus?
833 2980 936 3033 Assen-

89 3066 235 3121 tiebantur
249 3069 355 3137 praeter
367 3065 545 3137 trygetium.
564 3065 611 3119 Ait
625 3065 718 3120 enim:
729 3065 785 3120 Cur
799 3081 868 3137 erge
879 3082 937 3121 non

88 3170 141 3225 pro
155 3153 293 3209 edacitate
319 3169 384 3208 mea
408 3151 506 3209 erevit
524 3154 647 3221 Modum,
676 3154 806 3225 inquam,
822 3170 938 3209 souma

90 3247 193 3298 natura
207 3241 393 3297 constitutum
407 3242 513 3297 habent
522 3243 619 3298 omnia
628 3259 758 3314 corpora,
769 3244 937 3314 ultraquam

89 3348 255 3388 mensuram
275 3331 412 3403 progredi
437 3334 600 3403 nequeant:
629 3336 726 3387 temen
752 3348 785 3387 ea
805 3348 939 3387 mensura

89 3420 202 3476 minora
215 3423 319 3488 essent,
336 3420 359 3474 si
375 3419 415 3473 eis
430 3420 566 3475 alimenta
585 3420 759 3488 defuissent;
776 3422 852 3492 quod
867 3425 895 3476 et
908 3421 938 3476 in

88 3510 240 3582 pecoribus
252 3509 362 3565 facilius
377 3509 642 3566 animadvertimus.
662 3511 695 3566 Et
717 3526 802 3566 nemo
827 3510 939 3566 dubitat

89 3598 159 3654 cibis
186 3599 337 3655 subtractis
358 3599 487 3655 omnium
511 3599 701 3655 animantium
726 3616 848 3672 corpore
876 3618 936 3655 ma·

88 3705 224 3744 cresccre.
252 3690 431 3753 Macrescere,
470 3689 565 3760 inquit
597 3690 750 3758 licentius,
786 3707 845 3745 non
887 3691 937 3746 de-

88 3792 223 3831 crescere.
241 3776 314 3831 Satis
334 3780 376 3831 est
398 3776 480 3843 milri,
505 3777 634 3850 inquam.
663 3778 741 3834 adid
766 3779 843 3850 quod
857 3780 932 3835 velo.

993 2447 1068 2511 ditis,
1085 2445 1184 2518 quiesi
1195 2446 1283 2500 animi
1292 2446 1491 2517 imperitorum
1508 2448 1596 2503 etiam
1609 2449 1671 2521 ipsi
1680 2451 1765 2520 pleni
1775 2455 1842 2518 sunt,

991 2535 1200 2602 etcorporum,
1216 2530 1256 2586 ita
1271 2531 1433 2586 animorum
1450 2531 1505 2587 duo
1520 2533 1737 2590 alimentorum
1750 2553 1845 2608 genere

992 2620 1195 2687 inveniuntur;
1210 2636 1301 2674 onom
1317 2620 1430 2675 salubre
1441 2622 1616 2692 atqueutile,
1634 2624 1766 2681 alterum
1778 2641 1845 2681 mor

991 2709 1091 2766 bidum
1111 2713 1196 2781 atque
1209 2709 1386 2780 pestiferum.

1029 2802 1054 2854 9.
1071 2799 1140 2863 Quae
1154 2815 1219 2853 eum
1234 2797 1274 2853 ita
1288 2797 1355 2865 sint,
1372 2797 1495 2853 arbitror
1512 2799 1557 2855 die
1574 2802 1670 2857 natali
1686 2819 1764 2871 meo,
1780 2820 1844 2876 qno·

992 2889 1069 2943 niam
1085 2887 1142 2943 duo
1158 2887 1288 2959 quaedm
1305 2886 1403 2943 essein
1415 2888 1533 2943 homine
1545 2891 1689 2946 convenit
1704 2893 1843 2957 internos,

992 2978 1020 3033 id
1035 2993 1137 3049 eorpus
1158 2980 1244 3048 atque
1260 2976 1397 3043 animam,
1421 2993 1477 3032 non
1504 2993 1551 3032 me
1578 2980 1743 3049 prandium
1767 2981 1844 3053 paulo

991 3065 1489 3136 lautiuscorporibusnostrissolum,
1499 3067 1586 3121 sedet
1596 3068 1845 3124 animisetiamex·

992 3156 1091 3212 hibere
1102 3155 1215 3210 debere.
1223 3155 1305 3219 Quod
1312 3159 1407 3210 summ
1414 3155 1690 3228 hoesitprandium,
1697 3157 1845 3225 siesuritis,

991 3246 1147 3318 proferam.
1165 3245 1235 3298 Nam
1255 3243 1278 3297 si
1302 3260 1351 3299 vos
1373 3243 1488 3311 invitos,
1515 3249 1544 3299 et
1568 3245 1757 3304 fastidientes
1779 3249 1846 3304 alere

993 3335 1126 3400 conabor,
1156 3332 1261 3387 frustra
1285 3349 1401 3404 operam
1424 3332 1588 3399 insumam:
1619 3337 1766 3408 magique
1790 3342 1848 3393 vota

992 3422 1120 3478 facienda
1134 3427 1210 3488 sunt,
1225 3425 1258 3476 ut
1280 3423 1350 3476 tales
1369 3422 1467 3493 epulas
1487 3422 1695 3495 potiusquam
1711 3425 1778 3480 illus
1791 3441 1847 3480 mr·

992 3512 1070 3585 poris
1086 3510 1259 3567 desideretis.
1284 3511 1365 3576 Quod
1386 3511 1498 3567 eveniet
1516 3511 1540 3566 si
1565 3513 1630 3568 sani
1655 3514 1752 3569 aninri
1765 3512 1848 3570 vestri

992 3601 1118 3659 fuerint:
1134 3600 1204 3672 agri
1229 3600 1317 3667 enim,
1334 3600 1405 3654 sicut
1418 3599 1450 3654 in
1464 3599 1571 3655 morbis
1595 3601 1694 3673 ipsius
1723 3602 1847 3675 eorporis

991 3691 1133 3761 videmos,
1147 3689 1225 3745 cibos
1245 3705 1310 3744 suos
1329 3693 1462 3744 recusant
1473 3694 1502 3744 ct
1516 3695 1674 3762 respuunt.
1695 3693 1804 3747 Omnes
1822 3707 1847 3747 se

992 3782 1072 3836 vultu
1085 3780 1183 3851 ipsoet
1195 3778 1388 3834 consentiente
1396 3793 1473 3848 voce,
1482 3778 1626 3851 quidquid
1636 3796 1846 3854 properassem

90 3864 201 3920 Etenim
216 3864 335 3936 questio
351 3867 392 3918 est
406 3869 504 3919 utrum
517 3866 550 3920 ad
573 3881 675 3937 corpus
690 3866 770 3921 cibus
783 3867 936 3937 pertineat.
989 3869 1049 3940 jaro
1062 3871 1173 3923 tumere
1186 3883 1217 3921 ac
1231 3882 1330 3921 vorare
1345 3867 1416 3921 velle
1431 3865 1574 3920 dixerunt.

89 3953 217 4008 Pertinet
231 3956 336 4019 autem,
352 3968 417 4007 eum
434 3969 467 4007 co
483 3954 631 4017 subducto,
646 3954 682 4009 ad
702 3954 822 4010 maciem
849 3955 936 4011 dedo-

90 4040 173 4096 citur.
191 4040 296 4095 Omnes
309 4039 349 4095 ita
364 4056 424 4096 esse
437 4045 618 4097 censuerunt

123 4132 149 4184 8.
164 4128 238 4194 Quid
252 4145 320 4200 ergo
330 4129 439 4199 anima,
454 4130 596 4203 inquam?
611 4132 691 4188 nulla
715 4149 751 4189 ne
775 4134 861 4189 habet
885 4135 936 4190 ali-

88 4222 184 4274 menta
198 4217 342 4291 propria?
356 4234 392 4273 an
408 4218 470 4289 ejus
484 4235 548 4274 esca
561 4219 679 4275 scientia
698 4220 779 4276 vobis
803 4222 936 4278 videturt

88 4309 189 4378 Plane,
201 4308 296 4380 inquit
310 4311 418 4376 meter;
432 4309 511 4363 nulla
525 4325 556 4364 re
570 4309 626 4364 alia
640 4311 725 4367 credo
747 4310 785 4366 oli
810 4311 937 4367 animam

88 4414 176 4469 qoam
190 4398 334 4453 intellecto
354 4414 452 4454 rerum
480 4402 566 4471 atque
584 4399 711 4455 scientie.
737 4401 848 4473 Deque
872 4417 936 4455 scn-

89 4485 178 4539 tentia
193 4501 256 4540 cum
270 4485 419 4556 frygetius
438 4485 558 4540 dubium
579 4502 609 4541 se
634 4487 817 4543 ostenderet:
839 4488 935 4554 hodie,

90 4573 249 4644 inquitilla‚
257 4578 289 4628 tu
302 4573 363 4645 ipse
370 4589 467 4629 nonne
482 4573 617 4629 docuistis
627 4575 703 4630 unde
718 4579 767 4631 eut
781 4576 830 4632 ubi
841 4577 937 4633 anima

89 4664 247 4731 pascatur?
267 4663 339 4717 Nam
353 4668 419 4733 post
439 4663 615 4736 aliquantam
638 4664 753 4735 prandii
773 4670 884 4737 partem
908 4672 936 4722 te

91 4748 187 4803 dixisti
201 4765 260 4803 non
274 4751 426 4809 advertisse
462 4769 520 4825 que
544 4753 658 4808 vasculo
682 4757 840 4824 uteremur,
861 4755 936 4827 quod

92 4837 146 4891 alia
161 4837 256 4891 neseio
280 4854 346 4909 quoe
361 4843 524 4911 cogitasses,
539 4858 591 4897 nec
613 4847 710 4898 tamen
724 4843 759 4898 ab
778 4843 840 4915 ipsa
857 4844 935 4899 cibo·

89 4943 154 4997 rum
170 4930 250 4998 parte
263 4927 441 4984 abstinueras
454 4947 556 4985 manos
569 4935 653 5003 atque
665 4947 789 4989 morsus.
808 4931 861 4989 Ubi
881 4932 937 5003 igi-

89 5019 137 5071 tur
151 5020 212 5071 erat
226 5016 338 5071 animus
350 5020 427 5085 tuus,
444 5036 500 5091 quo
514 5024 643 5092 tempore
658 5019 738 5088 illud,
753 5026 781 5077 te
797 5028 935 5091 vescente,

89 5121 147 5160 non
172 5104 355 5173 attendebat;
380 5105 457 5175 inde,
474 5109 544 5163 mihi
564 5110 657 5177 crede,
678 5113 706 5164 ct
726 5111 829 5167 talibus
844 5110 936 5183 epulis

88 5194 202 5250 unimus
214 5194 350 5267 pascitur,
366 5194 449 5250 idest
462 5197 581 5253 theoriis
593 5204 622 5254 et
631 5201 850 5272 cogitationibus
863 5199 935 5269 suis,

89 5284 113 5337 si
127 5301 179 5356 per
193 5302 241 5340 eas
255 5284 365 5357 aliquid
373 5284 628 5358 perciperepossit.
645 5291 684 5345 De
697 5306 754 5362 qua
766 5307 796 5345 re
807 5306 870 5345 cum
882 5289 936 5343 du·

88 5371 213 5429 bitanter
228 5378 404 5447 streperent:
428 5375 538 5442 Nonne,
563 5376 691 5449 inquam,
715 5378 869 5434 conceditis
882 5378 935 5433 ho·

86 5459 199 5516 minum
213 5462 443 5520 doctissimorum
467 5463 577 5520 animos
590 5466 682 5522 multo
708 5482 769 5523 esse
783 5484 870 5540 quam
884 5467 936 5522 im-

90 5547 249 5617 peritorum
260 5553 341 5623 quasi
354 5553 385 5609 in
400 5569 451 5610 suo
466 5569 571 5625 genere
581 5555 724 5625 pleniores
738 5560 824 5628 atque
845 5556 937 5626 majo·

1029 3959 1071 4013 10.
1097 3957 1190 4028 Atque
1205 3971 1257 4026 ego
1272 3969 1371 4010 rursus
1387 3954 1552 4009 exordiens:
1587 3955 1696 4012 Beatos
1724 3975 1787 4014 esse
1801 3975 1847 4014 nos

991 4046 1132 4113 volemus,
1147 4044 1294 4117 inquam?
1318 4043 1368 4098 Vix
1383 4043 1437 4098 hoe
1465 4043 1637 4112 effuderam,
1662 4052 1848 4103 occurrerunt

991 4152 1050 4191 una
1070 4151 1137 4190 voce
1164 4133 1387 4189 consentientes.
1415 4132 1568 4188 Videtornc
1594 4134 1693 4205 vobis,
1714 4136 1846 4208 inquam,

992 4224 1091 4279 beatus
1109 4238 1183 4278 essse
1205 4222 1255 4295 qni
1277 4222 1353 4294 qood
1369 4222 1430 4276 vult
1444 4237 1502 4276 non
1517 4221 1629 4277 babet?
1653 4225 1845 4297 Negevernnt

992 4311 1089 4377 Quid?
1104 4311 1196 4367 omnis
1211 4309 1261 4382 qui
1276 4311 1354 4383 qnod
1379 4309 1440 4365 vult
1454 4309 1550 4378 habet,
1565 4311 1671 4366 beatus
1691 4315 1765 4370 est‘f
1781 4315 1847 4370 Tum

991 4405 1099 4456 meter:
1114 4401 1142 4456 si
1165 4399 1251 4468 bona,
1273 4398 1378 4471 inquit,
1398 4397 1465 4454 velit
1480 4402 1508 4453 et
1527 4398 1645 4466 habeat,
1661 4401 1768 4458 beatus
1790 4406 1847 4470 est3

991 4490 1015 4544 si
1029 4494 1125 4545 autem
1141 4489 1218 4543 mala
1231 4488 1310 4556 velit,
1326 4487 1457 4559 quamvis
1480 4487 1594 4555 habeat,
1609 4489 1705 4546 miser
1721 4499 1776 4548 est
1801 4491 1848 4547 Cui

992 4595 1045 4650 ego
1058 4577 1188 4634 arridens
1202 4581 1288 4648 atque
1299 4576 1425 4648 gestiens
1436 4578 1556 4648 :lpsam,
1568 4576 1704 4649 inquam,
1721 4595 1847 4651 prorem,

991 4672 1092 4734 mater,
1107 4683 1202 4721 arcem
1216 4665 1409 4737 philosophice
1436 4664 1562 4721 tenuisti.
1582 4667 1658 4722 Nam
1674 4668 1731 4723 tibi
1748 4667 1847 4740 procul

992 4757 1079 4815 dubio
1093 4757 1180 4811 verba
1196 4755 1360 4824 defuerunt,
1375 4760 1407 4811 nt
1421 4772 1480 4811 non
1494 4754 1568 4810 sicut
1578 4756 1694 4813 Tullius
1719 4763 1751 4814 te
1765 4758 1848 4815 medo

991 4845 1229 4921 panderes,eujus
1243 4844 1278 4899 de
1293 4847 1346 4900 bac
1362 4845 1502 4900 sententia
1511 4845 1599 4899 verba
1608 4845 1667 4901 ista
1681 4852 1764 4903 sunt.
1781 4848 1848 4902 Nam

992 4937 1022 4992 in
1035 4933 1197 5001 Hortensio,
1213 4949 1299 5005 qoem
1322 4933 1358 4989 de
1382 4932 1466 4988 laude
1481 4949 1512 4987 ec
1534 4932 1708 4991 defensione
1724 4935 1847 5008 philoso-

990 5025 1067 5098 pbioe
1093 5024 1199 5080 librom
1224 5022 1308 5077 fecit:
1329 5024 1395 5077 Ecce
1409 5025 1509 5092 auten,
1538 5020 1588 5088 ait,
1613 5038 1670 5078 noo
1691 5024 1848 5095 poduopis'

992 5115 1111 5186 quiden,
1132 5113 1180 5168 sed
1199 5114 1322 5182 prompti
1345 5116 1434 5166 tomen
1463 5110 1500 5165 od
1525 5109 1742 5182 disputaudum,
1763 5128 1847 5169 omues

991 5206 1069 5258 oiuut
1090 5217 1145 5257 esse
1165 5201 1253 5255 beatos
1277 5201 1326 5270 qui
1347 5202 1444 5255 vicent
1462 5202 1492 5254 ut
1514 5199 1847 5268 speculatricem

991 5292 1118 5363 quidem:
1137 5290 1210 5346 Velle
1228 5291 1298 5343 euim
1311 5288 1382 5357 quod
1404 5303 1458 5342 nou
1475 5287 1578 5356 deceat,
1595 5287 1671 5344 idem
1692 5292 1787 5360 ipsum
1803 5291 1847 5344 nri-

990 5381 1143 5436 serrimum.
1159 5379 1213 5434 ltcc
1227 5380 1283 5432 tom
1292 5379 1419 5432 meeum
1431 5380 1471 5432 est
1484 5391 1538 5432 uon
1551 5376 1676 5447 adipisci
1684 5379 1762 5448 quod
1773 5380 1844 5443 uelis,

992 5481 1073 5534 quem
1092 5466 1212 5536 adipisci
1223 5466 1290 5519 vatic
1303 5466 1376 5535 quod
1389 5480 1442 5521 uon
1457 5469 1591 5536 oporteat.
1609 5467 1679 5522 Pius
1689 5469 1765 5522 enim
1784 5468 1846 5522 meti

990 5558 1116 5624 prauitas
1134 5556 1281 5610 coleritatis
1294 5553 1384 5624 effect,
1400 5570 1482 5626 quom
1498 5555 1613 5623 tutuno
1628 5558 1762 5626 cutem
1776 5557 1842 5612 tout
