3884 6112
86 277 88 280 ’
142 292 196 348 soa

144 414 280 487 redirent)
304 413 401 486 aliquo
416 411 550 484 dignetur
564 422 710 481 responso.
725 408 841 464 Gavisus
851 411 894 461 est
907 405 991 461 vehe-

97 538 105 551 ·
145 509 258 561 menter
276 502 464 576 Augustinus,
488 502 561 556 hanc
587 515 698 554 moram
722 498 894 565 litterarum,
923 510 993 567 quas

146 594 236 667 priori
250 593 376 665 epistolae
391 589 504 646 Paulini
515 588 705 659 rescripserat,
720 585 806 656 hujus
817 583 993 655 posterioria,

147 699 234 756 quam
249 698 308 737 non
322 680 417 736 minus
433 679 561 733 laetanter
581 674 720 747 perlegit,
736 675 847 728 lucrum
864 671 917 726 sibi
932 687 996 726 con-

146 772 256 829 tulisse.
280 772 440 826 llouranum
464 770 492 820 et
516 765 628 836 Agilem
649 763 734 834 hujus
749 761 877 833 epistolae
891 761 996 815 latores

147 874 181 914 eo
196 858 381 914 cumulatiore
401 854 506 927 gaudio
528 852 719 924 excepitque
735 849 811 905 illius
826 848 935 904 auctori
954 849 995 904 vi·

148 948 235 1003 sendo
250 945 359 1001 avidius
373 943 511 1007 inhiabat,
528 957 615 1012 quem
640 939 727 995 etiam
752 939 782 994 in
802 938 997 1011 spiritualibus

146 1036 215 1090 tiliis
233 1039 405 1106 presentem
424 1031 596 1087 intuebatur.
614 1030 680 1084 lllos
696 1029 782 1084 aliam
802 1027 915 1084 Paulini
934 1027 996 1099 epi-

147 1125 248 1179 stolam
264 1126 422 1193 nuncupat,
445 1136 478 1175 co
497 1118 709 1191 jucundiorem,
727 1118 805 1190 quod
825 1133 883 1171 uon
908 1117 995 1171 modo

146 1211 308 1283 vulgarium
330 1210 421 1264 instar
433 1208 594 1264 litterarum
618 1206 672 1262 ista
688 1206 742 1261 sibi
757 1206 922 1277 loqueretur
936 1204 996 1277 epi-

146 1301 229 1362 stola,
240 1300 287 1354 sed
299 1315 382 1354 voces
392 1296 478 1353 etiam
488 1296 600 1352 audiret
609 1312 642 1350 ac
655 1295 794 1350 redderet.
808 1296 901 1365 Longe
914 1295 997 1365 plura

147 1389 183 1444 de
199 1387 317 1444 Paulino
334 1402 367 1440 ex
381 1400 481 1440 eorum
492 1401 540 1438 ore
556 1382 666 1448 didicit,
683 1398 769 1454 quam
784 1381 833 1436 illo
847 1381 996 1437 scribendo

146 1477 253 1533 referre
268 1473 419 1547 potuisset.
436 1473 505 1527 llinc
518 1471 695 1542 Augustinus
711 1471 740 1525 in
756 1470 869 1538 litteris,
884 1487 955 1542 quas
971 1469 997 1524 ci

146 1565 303 1638 rescripsit,
318 1565 378 1619 litae
388 1562 487 1633 adjicit
502 1577 508 1616 ε
521 1562 624 1616 Admat
633 1563 725 1626 etiam,
736 1560 809 1630 quod
819 1560 888 1614 nulli
897 1561 998 1614 charta

147 1657 241 1711 adesse
252 1658 349 1724 potest,
374 1657 479 1707 tantum
497 1652 526 1705 in
547 1649 724 1705 narrantibus
747 1648 888 1717 caudium,
903 1654 934 1703 ut
947 1664 998 1719 per

147 1743 239 1810 ipsum
248 1739 330 1792 etiam
340 1736 444 1792 truttam
450 1735 590 1804 oculosque
600 1735 766 1802 loquentium
776 1749 822 1788 uos
833 1735 862 1787 in
871 1733 997 1788 cordibus

148 1843 240 1885 eoram
262 1828 378 1896 scriptos
400 1840 460 1879 cum
481 1823 616 1892 ineffabili
638 1823 735 1877 taetitia
758 1823 912 1891 teperemus.
941 1824 995 1877 llcc

148 1932 254 1987 quoquc
268 1916 387 1985 amptius
404 1918 473 1981 nat,
486 1912 559 1982 quod
568 1914 675 1982 popina
685 1911 810 1982 qualibet
822 1916 998 1981 quantacum-

148 2021 199 2075 que
215 2005 283 2060 bona
306 2005 409 2072 scripta
424 2002 567 2067 contineat,
583 2001 653 2054 nibil
668 2001 857 2070 ipsaprottcit,
873 2001 998 2070 quamuis

147 2096 185 2150 nd
193 2097 344 2164 profectam
358 2092 508 2160 explicetur
522 2091 637 2144 aiiornm
653 2090 741 2144 :harae
756 2094 845 2143 autem
857 2090 998 2159 epistotam

147 2186 275 2249 uestram,
290 2181 443 2247 fraternam
461 2178 562 2231 scilicet
581 2179 711 2243 animum,
735 2179 774 2231 sic
795 2178 825 2230 in
839 2192 929 2231 eorum
944 2178 996 2232 cot·

148 2271 238 2339 inquio
259 2269 418 2335 tepebamus,
448 2271 478 2320 ut
503 2271 577 2320 tortio
601 2264 704 2319 beatior
735 2271 878 2335 appareret
909 2267 996 2333 rtobis,

149 2361 251 2428 quanto
264 2357 372 2411 uberius
385 2353 538 2424 conscripta
552 2358 619 2408 esset
632 2368 666 2407 cac
679 2353 763 2408 uobis.
773 2355 951 2424 ltaqueittom
961 2355 998 2409 ad

149 2447 269 2517 ejusdem
293 2445 431 2499 beatitatis
453 2444 640 2503 imitationem,
661 2443 856 2497 studiosissime
876 2443 908 2498 de
922 2445 997 2499 vobis

148 2539 241 2592 omnia
259 2533 472 2605 percunctando,
496 2534 526 2586 in
548 2536 641 2586 nostra
664 2532 747 2586 corda
776 2536 998 2603 transcripsimus

150 2626 252 2695 (Epist.
268 2626 312 2690 at,
327 2639 355 2677 n.
370 2623 408 2691 2).

482 2709 596 2764 CAPUT
614 2708 658 2763 Xl.

150 2804 160 2858 l
180 2802 280 2859 Contra
297 2801 442 2872 pessimam
456 2798 672 2853 consuetudinem
686 2798 715 2852 in
729 2799 839 2853 ccclesia
853 2800 996 2853 cortuiran-

184 2890 215 2946 di
226 2904 372 2946 samonem
391 2888 470 2943 habet
489 2887 527 2942 ad
542 2886 648 2958 plebem
662 2889 868 2957 hipponensem.
885 2891 997 2942 ilium-

184 2979 246 3035 dem
260 2977 476 3034 consuetudinem
494 2976 675 3031 vehementius
689 2980 828 3046 oppuqnat
843 2977 927 3031 attero
943 2977 995 3032 die.

184 3071 200 3123 3
210 3067 338 3135 Sequenti
346 3066 391 3119 die
397 3067 506 3134 penitus
516 3064 598 3120 tollit.
610 3065 627 3119 i
637 3063 719 3133 Operi
729 3064 762 3119 de
770 3065 866 3120 Libero
873 3066 998 3121 Arbitrio

183 3170 337 3225 supremam
356 3169 466 3208 manum
486 3155 609 3222 opponit.
631 3156 646 3206 5
675 3154 812 3210 Nonnulla
830 3155 859 3208 in
874 3169 902 3208 co
920 3170 999 3224 opere

183 3259 235 3314 pro
244 3259 272 3298 se
284 3243 374 3310 lacere
381 3227 526 3310 jactarunt
538 3242 682 3308 Pelopia-rii
693 3256 725 3295 uc
740 3242 961 3311 Semipetaqiani.

186 3335 210 3388 t.
227 3333 301 3387 lium
316 3329 346 3384 in
356 3329 562 3384 huncmodum
575 3344 627 3400 per
637 3328 745 3383 litteras
759 3329 865 3400 pietate
879 3331 996 3386 refertas

71 3438 74 3444 ·
143 3420 271 3493 iracunde
282 3419 358 3475 iuter
370 3434 399 3473 se
411 3417 614 3489 colloquuntur
624 3416 760 3471 Paulinus
771 3423 800 3473 et
810 3418 996 3489 Augustinus,

145 3510 214 3567 ‘nuic
228 3509 337 3566 interea
348 3506 501 3579 voluptatis
516 3507 663 3562 cumulum
678 3506 761 3562 affert
775 3523 906 3563 concessa
925 3509 995 3564 diri·

147 3600 298 3671 nitusejus
311 3599 383 3654 votis
397 3613 442 3653 res
465 3597 555 3651 multo
583 3595 736 3652 laetissima.
757 3598 819 3652 iam
847 3602 911 3653 ante
928 3614 996 3653 nar·

146 3696 242 3744 ratum
262 3692 304 3743 est
315 3688 429 3758 (Supra,
448 3701 508 3756 cap.
525 3689 551 3753 b',
568 3702 595 3740 n.
609 3687 650 3756 i),
663 3702 750 3757 quam
765 3685 883 3758 indigno
898 3689 997 3744 tulerit

50 3791 53 3797 ’
147 3781 261 3832 sanctus
277 3776 437 3846 Presbyter,
458 3791 537 3829 sacra
558 3774 620 3828 luca
640 3774 799 3846 ignominia
814 3775 888 3830 allici
902 3777 995 3847 specie

747 283 832 340 Vl'lA
852 283 878 337 S.
904 279 1102 338 attausrtrtt
1131 278 1301 335 El'lSCOPl.

1847 275 1895 327 aut

1047 403 1211 476 episcopum
1227 400 1339 472 scripsit
1359 400 1456 471 (Epist.
1481 400 1526 467 29,
1545 398 1587 470 t).
1612 397 1722 467 Nempe
1746 397 1807 450 erat
1824 395 1896 466 apud

1047 493 1209 565 Hipponem
1229 490 1274 546 die
1297 488 1386 544 sancti
1409 488 1530 558 alicuius
1555 485 1700 541 memoria,
1726 499 1807 538 sacro
1827 484 1898 538 sole·

1048 581 1255 652 mnitas,quam
1264 579 1338 634 cives
1349 575 1490 632 aetitiam
1500 575 1700 645 nominabant,
1708 573 1763 642 hoc
1772 571 1902 627 videlicet

1049 669 1144 725 minus
1153 669 1288 724 indecoro
1298 666 1435 722 vocabulo
1446 664 1608 721 vinolentiae
1618 661 1831 734 turpitudinem
1840 677 1901 716 cou-

1049 759 1292 830 tegentesNeque
1301 772 1386 828 porro
1394 750 1791 825 Donatistisllipponensibus
1798 749 1900 819 minor,

1050 864 1137 920 quam
1148 846 1309 913 Catholicis,
1327 862 1360 902 eo
1371 845 1417 901 die
1427 842 1578 900 celebritas
1590 846 1661 910 erat,
1675 856 1770 913 nequa
1788 839 1900 896 illorum

1049 937 1224 994 moderatior
1248 934 1479 1006 intemperantia.
1506 937 1668 1005 Antequam
1688 928 1829 987 solemnis
1842 928 1899 984 dies

1049 1025 1227 1091 recurrisset,
1250 1040 1316 1079 cum
1330 1022 1494 1078 nuntiatum
1513 1025 1587 1077 esset
1601 1018 1774 1092 Augustino,
1798 1017 1900 1073 tumul·

1050 1112 1126 1169 tuari
1138 1112 1281 1176 homiues,
1299 1115 1327 1167 et
1341 1111 1444 1177 dicere,
1459 1125 1488 1165 se
1501 1109 1642 1165 ferrcnou
1656 1123 1741 1181 posse
1755 1109 1789 1162 ut
1803 1106 1901 1162 illaso·

1053 1201 1187 1258 lemuitas
1201 1200 1419 1272 prohiberetur3
1445 1203 1607 1271 opportune
1628 1196 1731 1252 accidit
1752 1199 1787 1251 ut
1801 1200 1900 1268 quarta

1050 1291 1122 1346 feria
1140 1294 1206 1346 ante
1226 1289 1302 1344 diem
1320 1287 1550 1360 Quadragesimoe
1577 1286 1734 1359 capitulum
1759 1284 1901 1356 Evangelii

1051 1397 1085 1436 ex
1100 1380 1199 1435 ordine
1212 1395 1263 1434 seu
1277 1381 1485 1451 consequenter
1499 1375 1681 1432 tractandum
1697 1390 1760 1430 sese
1775 1373 1846 1430 illud
1861 1373 1900 1429 of·

1050 1470 1138 1524 ferret
1164 1468 1276 1526 :Nolite
1302 1467 1368 1522 darc
1393 1471 1517 1522 sanctum
1538 1463 1899 1536 canibasllfattb.r11,b).

1053 1560 1091 1614 Eo
1107 1557 1142 1612 ad
1157 1555 1335 1629 propositum
1351 1555 1477 1611 adhibito
1493 1554 1596 1621 effecit,
1618 1558 1648 1608 ut
1669 1553 1803 1608 viderent
1816 1566 1900 1622 quam

1052 1649 1125 1702 esset
1140 1645 1291 1710 nefarium,
1309 1643 1387 1700 intra
1405 1643 1531 1699 ccclesiae
1546 1641 1668 1715 parietes
1682 1640 1712 1696 id
1725 1639 1900 1713 agere,qnod

1050 1734 1081 1790 in
1095 1733 1154 1789 suis
1173 1733 1306 1789 domibus
1321 1731 1344 1787 si
1367 1748 1451 1805 agere
1475 1733 1700 1804 perseverarent,
1723 1745 1741 1784 a
1766 1733 1862 1784 sancto
1876 1732 1901 1783 et

1052 1821 1214 1895 margaritis
1227 1821 1422 1876 ecclesiasticis
1436 1837 1484 1876 eos
1493 1819 1584 1876 arceri
1598 1821 1757 1891 oporteret.
1771 1817 1829 1874 Sed
1842 1817 1898 1873 inec

1052 1910 1183 1985 quamvis
1197 1914 1278 1982 grate
1293 1914 1408 1982 accepta
1427 1913 1531 1978 essent,
1547 1912 1643 1963 tamen
1656 1906 1725 1980 quia
1740 1905 1777 1961 ad
1790 1905 1898 1961 concio·

1052 2016 1119 2055 nem
1134 2001 1217 2072 pauci
1232 2003 1433 2067 convenerant,
1458 2015 1516 2054 non
1536 2002 1598 2054 erat
1619 1995 1798 2052 satisfactum
1823 1999 1898 2050 lauto

1051 2090 1191 2161 negotio:
1213 2093 1406 2162 preterquam
1431 2088 1508 2161 quod
1530 2088 1583 2143 iste
1604 2102 1711 2156 sermo,
1732 2101 1800 2142 cum
1814 2084 1898 2140 abeis

1050 2179 1103 2252 ‚qui
1116 2179 1267 2235 adfuerant
1289 2194 1342 2249 pro
1366 2178 1504 2250 cujusque
1523 2175 1656 2232 facultate
1677 2178 1706 2230 et
1725 2173 1822 2230 studio
1835 2172 1897 2229 foris

1052 2269 1248 2334 ventilaretur,
1265 2266 1488 2322 contradictores
1500 2266 1606 2321 multos
1619 2263 1732 2320 habuit.

1087 2361 1114 2412 t.
1131 2358 1231 2428 ltaque
1241 2361 1430 2428 posteaquam
1440 2355 1500 2410 dies
1511 2353 1743 2425 Quadragesimoe
1753 2350 1897 2417 illuxisset,

1053 2463 1110 2518 quo
1124 2445 1303 2515 frequentior
1321 2444 1474 2500 multitudo
1494 2443 1529 2499 ad
1547 2445 1648 2499 horam
1666 2441 1848 2498 tractationis
1859 2456 1898 2495 oc·

1052 2535 1149 2602 currit,
1166 2536 1273 2590 lectum
1287 2540 1330 2590 est
1343 2534 1419 2589 istud
1432 2533 1462 2588 in
1478 2532 1642 2605 Evangelio,
1655 2532 1704 2587 ubi
1717 2530 1855 2587 Dominus
1867 2529 1897 2585 de

1052 2624 1159 2696 templo
1182 2623 1292 2694 expauit
1313 2622 1476 2678 venditores
1495 2621 1675 2688 animalium,
1695 2624 1725 2677 et
1738 2621 1896 2676 nummula·

1053 2713 1164 2768 riorum
1183 2728 1297 2767 mensas
1314 2711 1416 2767 evertit
1429 2712 1481 2782 (ld.
1503 2728 1560 2781 xxv,
1578 2710 1630 2782 ta).
1645 2710 1730 2776 Quod
1744 2709 1896 2782 capitulum

1052 2800 1114 2873 ipse
1135 2818 1251 2874 quoquc
1267 2801 1444 2873 Augustinus
1465 2800 1612 2872 proposita
1632 2799 1799 2855 vinolentiae
1826 2813 1898 2870 qun-

1052 2890 1145 2946 stione
1160 2889 1494 2962 recitarit,adjunxitque
1505 2888 1804 2962 disputationemque
1814 2891 1898 2942 osten·

1053 2980 1142 3048 derat,
1158 2986 1265 3053 quanto
1287 2979 1457 3035 commotius
1486 2984 1515 3035 et
1534 2978 1734 3036 vehementius
1748 2976 1897 3034 Dominum

1052 3073 1181 3125 nostrum
1195 3069 1205 3105 ¹
1221 3069 1333 3125 ebriosa
1347 3067 1486 3136 convivia,
1502 3084 1567 3141 quae
1582 3068 1688 3140 ubique
1712 3071 1782 3124 sunt
1798 3066 1895 3139 turpia,

1052 3158 1087 3213 da
1101 3158 1210 3230 templo
1226 3158 1389 3229 expelleret,
1410 3157 1487 3213 unde
1503 3157 1542 3213 sic
1557 3158 1667 3230 expulit
1681 3172 1817 3213 concessa
1830 3169 1898 3210 com·

1051 3247 1167 3301 mercia.
1194 3248 1265 3300 Tum
1292 3263 1325 3301 ex
1349 3247 1517 3318 praeparatis
1532 3246 1587 3300 sibi
1604 3245 1777 3301 lectionibus
1789 3242 1898 3316 adjecit,

1051 3334 1147 3406 ipsum
1173 3336 1265 3390 adhuc
1287 3336 1431 3390 carnalem
1454 3336 1595 3408 populum
1613 3335 1794 3402 ludaeorum,
1810 3333 1841 3389 in
1853 3332 1897 3387 illo

1051 3425 1170 3494 templo,
1186 3423 1235 3479 ubi
1248 3424 1374 3480 nondum
1389 3441 1494 3496 corpus
1508 3428 1536 3479 et
1549 3424 1666 3496 sanguis
1676 3422 1794 3478 Domini
1807 3421 1898 3477 ottae

1050 3511 1144 3576 hatur,
1171 3528 1229 3566 nou
1252 3513 1346 3567 solum
1367 3512 1522 3579 vinolenta,
1539 3511 1589 3567 sed
1604 3528 1657 3567 nec
1671 3511 1769 3567 sobria
1789 3509 1897 3583 quidem

1050 3617 1180 3673 unquam
1195 3601 1353 3656 celebrasse
1363 3601 1501 3671 convivia,
1510 3617 1619 3657 uecaos
1631 3600 1745 3673 publice
1755 3597 1898 3672 religionis

1051 3690 1167 3746 nomine
1182 3690 1337 3746 inebriatos
1352 3691 1476 3747 inveniri
1489 3691 1520 3746 in
1535 3691 1664 3758 historia,
1681 3691 1738 3746 nisi
1752 3706 1821 3747 cum
1833 3690 1897 3745 festa

1049 3777 1244 3834 fabricationis
1268 3779 1339 3834 idoli
1364 3780 1543 3835 exsolverent
1571 3778 1671 3849 (Ecod.
1700 3795 1769 3845 xxu,
1798 3782 1835 3850 6).
1861 3777 1897 3832 lbl

146 3863 305 3935 religionis,
319 3863 425 3918 cumin
440 3862 609 3917 caemeteriis
620 3868 836 3935 martyrumque
849 3865 995 3920 memoriis
1050 3871 1146 3922 autem
1167 3868 1262 3923 codice
1284 3873 1408 3939 accepto,
1437 3868 1738 3924 locumillumtotum
1753 3866 1894 3924 recitarit:

85 3975 88 3981 ·
146 3951 322 4025 frequentari
344 3956 472 4006 cerneret
495 3950 640 4006 vinolenta
655 3951 792 4018 convivia,
809 3952 890 4023 queis
914 3954 995 4025 plebs
1050 3955 1216 4027 addiditque
1239 3957 1429 4022 cumdolore,
1446 3955 1894 4029 quopotuitsiquidemssoyscs

146 4041 279 4116 imperita
293 4057 352 4096 uon
367 4044 478 4095 tantum
491 4039 630 4094 honorem
643 4040 746 4095 sanctis
761 4042 995 4112 martyribus,sed
1049 4049 1165 4116 propter
1176 4044 1240 4099 illos
1252 4045 1347 4100 ebrios
1357 4045 1691 4118 biuaslapideastabulas
1700 4044 1891 4118 confregisset;

146 4131 233 4188 etiam
247 4130 305 4188 suis
319 4128 453 4185 solatium
468 4127 588 4183 mortuis
603 4128 727 4182 conferri
741 4128 869 4198 putabat.
885 4131 943 4184 llac
959 4132 994 4186 dc
1050 4133 1196 4204 quomodo
1211 4148 1272 4187 nou
1289 4150 1439 4204 possemus
1460 4134 1574 4189 illorum
1598 4134 1686 4189 corda
1709 4133 1891 4206 confringere,

144 4238 176 4277 ra
191 4221 225 4277 ad
240 4219 388 4277 Aurelium
399 4217 575 4289 episcopum,
586 4216 681 4272 statim
694 4221 778 4287 atque
792 4218 874 4273 illum
885 4217 916 4272 in
926 4219 993 4274 Car·
1049 4220 1100 4292 qui
1113 4221 1245 4275 homines
1259 4222 1326 4277 novi
1339 4223 1517 4278 Testamenti
1532 4226 1696 4278 sanctorum
1716 4223 1819 4279 diebus
1831 4222 1891 4279 cele·

145 4310 309 4382 thagiuensi
324 4309 389 4365 sede
403 4308 571 4363 collocatum
587 4306 705 4373 audivit,
720 4307 843 4361 scribere
859 4324 917 4362 non
937 4308 993 4363 dis·
1049 4310 1165 4365 brandis
1179 4327 1212 4365 ea
1237 4311 1343 4366 vellent
1355 4312 1522 4367 solemniter
1536 4312 1680 4380 calibem,
1696 4328 1764 4384 quae
1778 4312 1891 4386 populus

143 4399 249 4452 tulerat
263 4399 362 4470 (Epist.
389 4398 443 4466 tt),
474 4395 627 4467 ipsumque
655 4395 776 4456 hortari,
800 4400 833 4452 nt
855 4396 929 4451 hauc
958 4397 993 4452 ab
1048 4399 1151 4453 veteris
1164 4399 1338 4454 Testamenti
1351 4404 1379 4455 et
1398 4402 1485 4455 semel
1500 4404 1530 4457 et
1544 4400 1621 4456 idolo
1634 4401 1808 4457 celebrarit?
1823 4401 1890 4456 Tunc

143 4486 238 4542 Africa
253 4487 405 4542 faeditatem
421 4483 589 4541 auctoritate
604 4483 833 4552 conciliorum‚et
846 4486 993 4557 proposito
1047 4487 1159 4543 reddito
1175 4487 1271 4543 codice
1293 4489 1402 4544 crimen
1415 4489 1560 4546 ebrietatis
1574 4505 1763 4561 exaggerans,
1779 4488 1891 4561 sumpsit

143 4575 253 4630 caeteris
276 4576 406 4646 exemplo
434 4574 563 4630 Ecclesiae
592 4573 824 4643 carthaginensis
851 4575 988 4629 auferret.
1047 4577 1226 4646 Apostolum,
1243 4581 1271 4632 et
1301 4578 1376 4632 inter
1399 4595 1463 4651 qum
1479 4584 1596 4651 peccata
1620 4578 1650 4634 id
1664 4579 1794 4650 positum
1814 4582 1889 4644 esset,

141 4667 225 4719 Anno
240 4668 339 4735 postea
358 4663 557 4719 trecentesimo
582 4662 767 4733 nonagesimo
782 4662 865 4717 tertio
885 4663 992 4734 llippo·
1047 4666 1183 4732 ostendit,
1196 4666 1294 4737 legens
1307 4667 1384 4722 hunc
1399 4669 1509 4722 locum:
1524 4669 1555 4724 st
1569 4669 1731 4738 quissrater
1744 4670 1891 4723 nominata

143 4768 231 4808 nense
253 4751 405 4807 roncilium
428 4753 561 4824 generale
585 4755 690 4807 statuto
713 4767 823 4806 canone
843 4752 942 4821 vetuit,
957 4769 992 4807 ne
1046 4755 1266 4823 autsornicator,
1288 4760 1336 4811 ant
1351 4756 1432 4812 idolis
1447 4759 1576 4825 cemicas,
1592 4761 1641 4811 cat
1658 4772 1773 4825 auarus,
1786 4761 1891 4813 attae

141 4841 194 4898 ulli
219 4841 349 4913 Episcopi
366 4842 410 4896 rel
432 4842 526 4897 clerici
549 4840 579 4896 in
605 4840 723 4896 ecclesia
743 4840 962 4897 convivarentur
983 4858 990 4896 :
1046 4842 1156 4911 tedicus,
1173 4848 1222 4898 aut
1240 4844 1371 4913 ebriosus,
1393 4850 1442 4900 aut
1455 4861 1556 4915 ropac,
1574 4861 1634 4900 cum
1650 4845 1787 4915 ejusmodi
1799 4861 1846 4901 nce
1858 4845 1890 4900 ei·

139 4929 222 5001 jussit
231 4929 340 5002 pariter
352 4933 386 4985 ut
398 4929 497 5001 populi
512 4930 547 4985 ab
561 4929 726 5003 hujusmodi
741 4929 887 5000 conviviis,
903 4946 992 5001 quan·
1046 4931 1108 4986 bam
1122 4949 1225 4988 sumere
1241 4934 1263 5005 (l
1279 4936 1340 4991 cor.
1356 4951 1383 4998 v,
1401 4935 1444 5005 ll)
1461 4951 1468 4988 :
1485 4934 1703 5006 ingemiscendo
1727 4935 1890 4997 admonens,

141 5024 204 5075 tum
227 5018 290 5074 lieri
317 5022 422 5091 posset,
458 5018 678 5090 prohiberentur
714 5019 818 5079 tCodice
853 5020 990 5077 Cortonam
1044 5035 1109 5074 cum
1125 5026 1233 5092 quanto
1247 5020 1375 5093 periculo
1386 5020 1603 5076 convivaremur
1612 5037 1678 5078 cum
1693 5021 1736 5077 eis
1751 5023 1803 5095 qui
1816 5021 1892 5079 veliu

140 5108 246 5178 apte,
270 5122 329 5162 can.
352 5106 407 5177 ii.)
426 5108 470 5161 Aa
493 5111 589 5162 autem
611 5108 783 5181 fartlsagine
796 5111 989 5180 corruptelam
1044 5109 1209 5165 dominibus
1228 5110 1421 5168 inebriantur.
1454 5112 1534 5182 hegil
1548 5111 1635 5167 etiam
1654 5111 1727 5168 illud
1746 5112 1826 5184 quod
1840 5126 1891 5167 nou

139 5198 213 5254 hanc
224 5201 282 5254 tam
304 5195 360 5252 cito
375 5195 528 5252 emendare
542 5198 657 5252 Aurelio
673 5197 797 5268 licuerit,
817 5198 894 5253 haud
909 5199 989 5255 nobis
1044 5198 1130 5270 longo
1140 5198 1289 5255 intervallo
1304 5201 1451 5272 sequitur:
1463 5203 1551 5258 Nolite
1565 5216 1666 5268 errare,
1678 5216 1764 5270 nequa
1775 5203 1891 5269 sombe-

134 5291 241 5342 notum
254 5288 315 5342 est:
331 5288 408 5340 certe
422 5282 596 5354 Augustinus
609 5300 693 5352 anuo,
710 5285 745 5340 de
756 5300 814 5356 quo
827 5300 987 5351 narramus,
1043 5293 1123 5354 tores,
1136 5305 1221 5358 raeque
1235 5289 1316 5345 idolis
1331 5293 1485 5357 seruientes,
1501 5295 1556 5345 etc.
1567 5289 1676 5355 Quibus
1685 5289 1768 5344 lectis
1776 5289 1890 5354 monuit,

139 5370 849 5443 trecentesimononagesimoquintofeliciterillam
859 5373 988 5445 Hippone
1042 5379 1072 5431 ut
1087 5377 1301 5433 considerarent
1319 5379 1461 5450 quomodo
1475 5384 1593 5451 possent
1606 5378 1716 5446 audire,
1732 5380 1787 5436 Sed
1813 5378 1893 5434 abun
1933 5428 1940 5437 .

140 5463 271 5523 abolevit.
279 5466 311 5521 ld
319 5481 353 5520 ex
363 5461 854 5537 epistoladidicimusenobisnuper
863 5469 986 5536 reperta,
1073 5484 1080 5517 t
1098 5482 1140 5532 510
1150 5483 1249 5534 habent
1260 5486 1338 5537 „pm
1355 5499 1420 5550 qu„
1440 5485 1778 5550 consuqujmmdffionffl,
1794 5500 1843 5542 ng,
1856 5485 1890 5536 pu.
1933 5454 1940 5505 ·Ῑ

140 5568 228 5626 quam
243 5559 358 5613 sanctus
379 5554 427 5611 Vir
449 5552 542 5611 adhuc
560 5552 709 5625 presbyter
723 5552 759 5608 ad
772 5552 907 5626 Alypium
926 5553 986 5626 jam
1041 5561 1108 5620 cide,
1123 5563 1230 5617 Rectius
1244 5566 1384 5630 legeretur,
1400 5567 1533 5621 Damione
1549 5569 1644 5619 noster.
1732 5569 1766 5620 ‚ll
