3884 6112
125 281 159 333 35
727 275 809 330 vnn
837 274 868 329 S.
894 273 1082 332 AUGUSTINI
1111 276 1276 336 EPlSCOl'l.
1848 299 1882 352 36

126 399 223 465 stessi,
241 398 276 453 de
297 412 418 452 numero
434 397 586 452 curialium
609 397 776 469 perentibus
798 395 926 451 honestis
949 398 978 449 et

1032 400 1180 470 Dominus,
1196 403 1273 459 idem
1288 405 1331 460 vir
1345 411 1457 463 sanctus
1472 411 1565 465 facere
1574 412 1691 483 cupiens
1707 431 1714 467 z
1729 415 1760 470 si
1773 417 1813 470 cis
1828 431 1885 473 esse

125 487 287 543 christianis
313 485 481 558 progenitus
509 491 585 553 crat;
617 486 761 557 alitusque
790 501 821 539 ac
852 483 976 539 nutritus
1027 493 1174 558 perfectus,
1189 495 1376 552 oeedeomeie
1391 499 1550 568 qualiebcs,
1567 505 1592 554 et
1618 502 1884 572 depeeperibus,et

125 593 225 632 eornm
235 591 312 639 eura,
325 580 353 630 et
362 574 511 646 diligentia
520 574 725 646 impensisque,
741 572 917 628 secularibus
927 571 974 625 lit·

125 665 195 722 toris
209 665 339 720 eruditus
354 663 496 736 apprime,
511 664 645 719 omnibus
666 662 797 718 videlicet
817 659 974 732 disciplinis

127 755 266 821 imbutus,
281 770 352 827 quas
367 753 498 809 liberales
513 757 615 807 reorent
630 754 650 805 ¹.
671 752 742 805 Nam
757 754 784 804 et
804 747 973 820 grammati·

125 860 189 899 cam
204 844 284 915 prius
298 843 328 898 in
343 860 394 897 sua
404 842 525 907 civitate,
542 844 570 895 ct
582 838 753 894 rhetoricam
770 838 799 891 in
814 837 915 892 tlh‘icae
931 853 974 890 ca·

126 932 184 1005 pite
200 931 370 1002 Carthagine
385 927 597 1002 posteadocnit.
608 928 798 999 consequenti
808 926 974 981 etiamtem·

126 1036 195 1094 pore
210 1026 381 1076 transmare
396 1018 425 1072 in
441 1018 510 1072 erbe
525 1018 624 1083 Roma,
636 1021 664 1071 et
678 1015 753 1087 apud
770 1015 972 1084 Mediolanum,

125 1110 175 1166 ubi
189 1115 256 1163 tunc
279 1107 461 1178 imperatoris
477 1104 668 1160 Valentiniani
683 1103 801 1159 minoris
821 1104 972 1159 comitatus

123 1199 215 1254 iuerat
230 1195 411 1250 constitutus.
428 1195 460 1249 ln
474 1210 531 1265 qua
545 1194 616 1248 urbe
629 1198 698 1248 tunc
712 1193 907 1264 episcopatum
922 1192 971 1247 ad-

123 1285 304 1341 ministrabat
313 1282 525 1354 acceptissimus
534 1283 602 1347 neo,
613 1287 642 1337 et
655 1281 810 1351 iuoplimis
822 1280 888 1336 viris
897 1297 971 1352 prae·

121 1373 295 1430 clarissimus
309 1372 440 1426 sacerdos
461 1370 637 1425 Ambrosius.
656 1370 745 1441 Hujus
762 1369 871 1425 interea
893 1368 973 1424 verbi

123 1461 175 1517 Dei
188 1459 382 1533 praedicatoris
404 1458 642 1530 frequentissimis
663 1457 693 1512 in
709 1458 827 1512 ecclesia
842 1458 971 1528 disputa-

121 1549 247 1606 tionibus
261 1553 356 1603 astans
370 1549 400 1603 in
413 1549 527 1620 populo,
543 1547 709 1602 intendebat
717 1563 870 1619 suspensus
884 1551 970 1618 atque

120 1637 234 1694 affixus.
250 1639 354 1693 Verum
366 1636 520 1709 aliquando
531 1636 750 1693 hlenichaeornm
764 1635 841 1706 apud
855 1636 973 1697 Carthe-

120 1725 217 1797 giuem
229 1726 391 1781 adolescens
404 1726 600 1780 iueraterrorc
610 1724 741 1779 seductas
752 1741 759 1779 :
771 1729 799 1779 et
808 1725 873 1779 idco
887 1729 971 1779 crete·

120 1813 160 1869 ris
175 1814 339 1886 suspensior
347 1814 457 1878 aderet,
473 1830 509 1868 ue
520 1813 589 1886 quid
603 1814 646 1868 rel
659 1830 711 1885 pro
724 1813 796 1884 ipsa,
814 1815 858 1868 rel
873 1817 970 1868 contra

118 1902 212 1975 ipsam
227 1902 359 1959 haeresim
375 1903 530 1959 diceretur.
550 1902 756 1973 Etproevonit²
772 1901 821 1957 Dei
834 1902 969 1957 liberato-

119 1991 158 2047 ris
175 1991 326 2047 elementia
340 1992 384 2047 sui
398 1990 551 2047 sacerdotis
566 2008 615 2046 cor
629 1991 836 2063 pertractantis,
854 1995 886 2045 ut
900 2006 968 2045 con·

118 2080 252 2136 traillum
260 2097 385 2136 ermrem
397 2080 553 2135 incidentes
565 2079 636 2151 legis
648 2080 827 2151 solverentur
837 2079 968 2151 quaestio·

118 2186 168 2224 nes
185 2187 192 2224 ε
210 2175 296 2236 etque
311 2169 351 2225 ita
362 2170 486 2233 edoctus,
505 2168 612 2224 sensim
628 2173 714 2240 etque
730 2168 867 2239 paulatim
879 2170 968 2223 haere·

118 2257 156 2313 sis
174 2258 225 2312 illa
246 2257 428 2313 miseratione
444 2257 540 2313 divina
555 2257 616 2328 ejus
640 2273 675 2312 ex
698 2257 795 2311 animo
809 2258 891 2329 pulsa
905 2263 965 2324 est;

117 2346 306 2419 protinusque
320 2347 381 2417 ipsc
399 2347 429 2401 in
443 2346 499 2402 tide
515 2346 652 2400 catholica
668 2346 862 2411 coulirmetns,
877 2344 965 2417 profi·

117 2435 210 2490 ciendi
225 2435 254 2490 in
274 2435 413 2506 religione
427 2434 519 2490 eidem
546 2434 651 2489 amoris
667 2435 752 2489 arder
772 2435 886 2489 innatus
912 2437 965 2503 est,

116 2539 174 2595 quo
197 2522 460 2595 propinquantibus
480 2523 581 2579 diebus
605 2523 708 2577 sanctis
730 2524 845 2579 Paschae
866 2523 965 2577 salutis

116 2628 220 2684 aquam
231 2611 401 2684 perciperet.
418 2613 451 2666 Et
460 2613 567 2666 factum
579 2616 621 2665 est
634 2611 728 2666 divina
736 2616 890 2683 prestante
902 2612 966 2683 opi-

114 2700 263 2766 tulatione,
279 2705 377 2770 ntper
401 2700 484 2755 illum
512 2701 598 2754 talem
614 2717 647 2754 ac
669 2704 783 2755 tantum
809 2700 964 2754 antistitem

114 2789 308 2855 Ambrosium,
324 2793 353 2843 et
366 2789 524 2844 doctrinam
541 2789 694 2843 salutarem
720 2788 849 2843 Ecclesiae
865 2788 964 2843 catho-

114 2877 186 2939 licoe,
203 2882 231 2932 et
243 2878 339 2933 divina
353 2877 514 2949 perciperet
524 2878 708 2933 Sacramenta
722 2875 742 2934 ¹⁵.

114 2975 228 3030 CAPUT
251 2976 286 3029 ll.
312 3005 346 3015 -
375 2976 483 3030 Relictis
507 2975 629 3029 omnibus
656 2977 771 3044 suscipit
794 2976 964 3045 propositum

230 3063 365 3117 screandi
378 3065 439 3130 lieo,
453 3063 514 3132 jem
527 3065 606 3118 eneis
621 3064 709 3134 meier
722 3065 848 3132 teiqinte.

149 3159 271 3230 liosque
286 3173 321 3211 ex
349 3157 458 3211 intimis
482 3158 574 3213 cordis
598 3158 731 3213 medullis
750 3175 830 3231 spem
847 3175 962 3216 omnem

113 3262 200 3319 quem
216 3246 340 3301 habebat
364 3246 395 3300 in
419 3247 534 3314 saeculo,
549 3246 704 3319 dereliquit
718 3264 725 3314 ;
745 3248 805 3319 jam
819 3265 877 3303 non
892 3265 963 3304 uro·

113 3352 184 3399 rem,
196 3352 255 3390 nun
265 3335 340 3390 tilios
349 3334 452 3404 carnis,
464 3352 523 3390 non
531 3334 655 3403 divitias,
666 3352 724 3390 non
733 3336 856 3391 honores
865 3336 962 3391 saecuti

112 3444 255 3500 quaerens3
265 3427 315 3482 sed
325 3428 382 3483 Deo
392 3425 475 3483 “cum
487 3427 545 3482 suis
552 3427 656 3482 servire
665 3428 775 3495 statuit,
784 3433 812 3483 et
823 3429 853 3483 in
862 3429 924 3493 illo,
935 3433 963 3484 et

69 3558 74 3563 -
111 3532 145 3572 cx
155 3516 205 3571 illo
220 3516 325 3588 pusillo
340 3532 427 3588 grege
438 3532 500 3571 esse
510 3517 637 3583 studens,
649 3533 735 3587 quem
746 3518 883 3573 Dominus
893 3519 962 3573 alto·

110 3593 218 3677 quit'ur,
235 3605 331 3660 dicens
348 3622 354 3660 :
370 3608 460 3664 Nolite
474 3608 577 3674 timere,
589 3607 711 3676 pusitius
734 3623 811 3676 eree,
833 3610 960 3676 quoniam

109 3694 271 3765 complacuit
282 3696 361 3748 Petri
371 3700 459 3749 vestre
473 3694 539 3749 dure
553 3695 628 3749 vebis
643 3710 763 3762 reputem.
780 3696 961 3767 umerisque

106 3783 262 3853 possidetis,
278 3788 303 3836 et
318 3783 381 3837 dete
393 3784 604 3851 eleemosynam:
635 3787 720 3851 serite
738 3785 812 3839 cobis
841 3787 959 3841 secceetos

108 3885 161 3925 noe
179 3875 380 3939 palaestrales,
407 3873 563 3926 thesaurum
583 3888 637 3926 nore
659 3872 824 3944 deficientem
839 3877 868 3928 ie
888 3877 959 3931 emtis

108 3961 182 4030 (tue.
196 3975 244 4020 xre,
261 3962 314 4030 32),
340 3964 368 4014 et
388 3949 499 4015 caetera.
528 3961 562 4016 Et
589 3960 662 4015 illud
676 3962 754 4033 qued
769 3963 836 4018 dicit
853 3963 958 4018 iterum

107 4072 243 4136 provincia
256 4076 341 4132 ortus,
350 4073 395 4122 sed
404 4073 432 4121 in
441 4073 572 4132 Numidia,
580 4074 656 4138 cujus
666 4075 820 4139 opulentum
832 4091 861 4126 ec
870 4077 957 4128 nobile

106 4138 163 4184 crat
176 4135 302 4198 oppidum
313 4135 431 4198 Tegeate,
447 4140 584 4200 propterea
596 4137 693 4186 rectius
708 4138 840 4188 diceretur·
854 4153 885 4187 cx
900 4155 958 4202 rire·

105 4196 193 4247 vincia
200 4196 294 4246 Atriam
305 4203 395 4247 natus:
404 4203 510 4262 accepte
517 4198 643 4248 nimirum
649 4199 744 4257 Ainea,
752 4206 781 4249 ut
788 4201 851 4250 olim
861 4202 957 4251 al‘enr·

106 4258 954 4373 popiobidelahquoltomreo,bputiquitusqueeplecclqsiestieopiore,

105 4334 673 4457 alitflsflliahtitist’ulilt'ltlla
688 4337 956 4458 {institerit

104 4457 250 4507 provencia.
262 4447 296 4495 tt
308 4446 401 4496 isidori
411 4446 572 4510 Hispalensis
580 4453 728 4497 reverentia
739 4448 875 4512 prohibuit
885 4464 917 4499 no
928 4452 955 4500 in

103 4510 207 4556 matum
228 4507 429 4557 immitteremus
443 4509 622 4572 conjecturam
637 4513 765 4570 nostram,
780 4512 841 4573 quie
858 4513 912 4583 ipse
927 4513 953 4562 iu

104 4567 171 4619 libro
182 4569 214 4618 de
224 4569 403 4633 Scriptoribus
413 4571 606 4631 ecclesiasticis,
613 4585 670 4635 cap.
686 4574 709 4629 8,
720 4578 796 4622 vocat
806 4574 953 4624 Possedium

103 4629 237 4704 Africanae
245 4632 555 4697 provineiaeepiseopum,
566 4633 626 4683 licet
636 4635 664 4683 in
674 4634 797 4685 Numidia
807 4637 870 4686 urbs
880 4636 953 4687 Cela·

103 4705 202 4742 mensis
217 4698 265 4742 sita
281 4698 357 4744 esset.
420 4696 454 4743 ltl.

140 4756 149 4788 ¹
166 4754 782 4829 SalinasexCdddnebustletic.:Alitesqecet
800 4762 955 4810 ucnutritus

101 4772 954 4883 corumcureetditreeniee,irrepentessaceleriessitttcriseeu-

102 4877 186 4939 ditus,
201 4893 236 4942 ep
255 4883 321 4929 eme
334 4881 454 4952 orueitus
463 4880 608 4954 disciplinis
617 4883 747 4942 imbutus,
757 4885 953 4947 questiberetes

102 4943 206 5013 exeret.
248 4956 289 5014 ern
304 4947 353 4992 etsi
365 4951 486 5006 parentes
500 4957 561 4994 eum
576 4959 612 4994 rm
632 4945 704 4994 ensis
718 4945 814 5008 quibus
832 4951 954 5010 poterent

98 5002 227 5068 juverint,
237 5017 271 5054 ex
280 5009 433 5067 spectamen
442 5005 469 5054 S.
485 5005 605 5067 Doctore,
614 4960 684 5057 iibro
695 5008 953 5059 icontrehcadsmi·

101 5078 156 5127 ces,
167 5079 195 5116 n.
211 5067 235 5125 3,
246 5067 506 5131 constatsumptibus
514 5068 681 5128 Rementem,
692 5069 773 5119 insue
782 5070 848 5120 urbe
856 5072 952 5134 prime·

101 5127 145 5202 tis,
163 5127 307 5193 proiecisse
332 5129 360 5177 in
374 5129 481 5190 litteris3
496 5129 589 5193 hisque
605 5132 692 5181 verbis
719 5136 823 5197 gratnm
842 5136 952 5183 testetur

101 5202 218 5240 mimum
234 5205 240 5239 ε
256 5207 270 5237 «
282 5191 320 5239 'ln
337 5204 379 5240 me
396 5190 621 5242 adolescentulum
637 5206 788 5257 pauperem,
804 5195 899 5258 inquit,
918 5196 950 5245 ed

100 5253 240 5316 peregrine
253 5252 341 5304 studia
353 5258 515 5316 pergentem,
529 5259 555 5304 et
566 5254 645 5305 domo
660 5258 687 5306 et
700 5261 817 5320 sumptu,
831 5260 866 5317 et,
880 5258 950 5321 quod

99 5311 161 5376 plus
173 5319 222 5381 est,
236 5316 326 5365 animo
337 5316 471 5379 excepisti.
483 5333 496 5362 o
573 5316 608 5366 n.

130 5376 142 5410 ¹
156 5373 247 5426 Plures
259 5378 331 5436 lise,
347 5382 371 5428 ct
403 5377 515 5428 resena.

130 5436 140 5465 ¹
155 5392 402 5499 Salinas,exCdd.i

100 5500 225 5548 mentem.
305 5501 340 5550 ll.

130 5558 288 5620 ‘naemu
305 5566 368 5614 Deo.
385 5564 467 5616 Abest
478 5564 623 5617 setieblss.
639 5562 780 5615 -Selinas
799 5566 949 5618 exedens

99 5619 183 5672 Vstlc.
200 5634 206 5671 :
224 5621 276 5672 scd
287 5626 340 5674 oco
352 5627 627 5678 ceremonensem.
637 5623 710 5677 Alter
723 5625 769 5677 Gd.
782 5601 885 5679 heho:
898 5630 950 5682 see

99 5684 246 5744 numme
259 5695 413 5738 terensem
421 5688 569 5741 ceiesttlutt.
649 5686 684 5737 u.

397 5442 449 5504 leg.
460 5443 520 5490 toas
528 5455 534 5489 ι
542 5441 573 5492 Et
578 5439 700 5492 divinem
706 5441 854 5506 perciperet
859 5446 950 5494 Secre-

1029 577 1138 633 hebebis
1153 580 1308 638 thesaurum
1322 587 1351 639 in
1368 587 1454 655 eoelis;
1466 592 1492 642 et
1505 591 1575 653 certi,
1593 604 1754 658 sequererne
1769 592 1882 662 (blatii.

1028 681 1085 728 xrs,
1099 668 1152 739 il).
1172 671 1204 724 nt
1219 688 1304 742 super
1318 674 1385 729 tidei
1407 675 1630 732 fundamentum
1645 679 1786 735 aedificare
1803 681 1880 736 desi·

1030 755 1132 812 derans
1147 759 1168 826 ¹,
1186 777 1244 816 nou
1255 763 1342 834 ligna,
1358 765 1467 830 lenum,
1485 770 1514 821 et
1528 767 1682 838 stipulam3
1700 769 1748 823 sed
1764 787 1881 839 aurunt,

1030 850 1192 916 argentum,
1213 855 1242 905 et
1265 852 1374 923 lapides
1397 855 1548 925 pretiosos.
1571 858 1604 911 Et
1623 863 1684 912 erat
1707 863 1776 913 tunc
1799 860 1885 915 annis

1029 934 1121 1006 major
1135 938 1264 1010 triginta,
1275 944 1335 997 sota
1350 945 1501 1015 superstite
1512 951 1602 1001 matre
1622 945 1642 1015 ¹,
1657 947 1768 1019 sibique
1783 949 1883 1004 adhra-

1028 1029 1118 1093 rente,
1144 1030 1173 1080 et
1198 1028 1232 1082 de
1251 1035 1380 1102 suscepte
1402 1033 1463 1104 ojus
1487 1036 1633 1106 proposito
1649 1037 1790 1092 serviendi
1818 1039 1877 1094 Deo

1028 1112 1152 1183 amplius
1172 1118 1309 1187 quamde
1332 1121 1425 1175 carnis
1444 1123 1597 1194 nepotibus
1619 1126 1788 1182 exsultante.
1806 1128 1879 1182 Nam

1028 1200 1090 1271 ejus
1105 1207 1186 1273 peter
1213 1211 1297 1262 antea
1318 1209 1467 1266 defunctus
1491 1217 1562 1270 eret.
1581 1214 1767 1271 Renuntiarit
1790 1216 1877 1271 etiam

1027 1290 1213 1361 scholasticis,
1229 1312 1301 1367 quos
1315 1298 1489 1355 rhetoricam
1506 1302 1635 1367 docebat,
1660 1307 1693 1357 nt
1712 1303 1765 1358 sibi
1784 1305 1878 1376 magi·

1027 1382 1119 1522 {hum
1134 1381 1223 1438 atium
1246 1387 1439 1457 providerent,
1465 1406 1498 1444 ee
1525 1391 1602 1463 quod
1622 1392 1728 1446 servire
1744 1394 1801 1448 neo
1815 1395 1877 1464 ipse

1046 1469 1208 1526 screvisset.

1097 1585 1211 1641 CAPUT
1230 1589 1282 1646 lll.
1295 1621 1330 1631 -
1343 1592 1464 1672 Secessus
1475 1595 1636 1661 Aequstiei.
1652 1594 1769 1661 Quidem
1783 1595 1817 1650 eb

1291 1681 1443 1748 Aequstiue
1459 1698 1608 1738 censemus.

1059 1790 1099 1843 hc.
1113 1789 1220 1860 placuit
1243 1789 1270 1844 ei
1291 1794 1426 1861 percepta
1450 1789 1542 1858 gratia
1564 1793 1654 1845 ’cum
1678 1789 1741 1844 aliis
1767 1788 1875 1845 civibus

1025 1882 1055 1932 et
1084 1877 1182 1933 amicis
1210 1879 1269 1933 suis
1299 1879 1356 1932 lieo
1382 1877 1490 1950 pariter
1518 1878 1707 1933 servientibus
1734 1877 1768 1933 ad
1801 1879 1875 1934 Airi-

1025 1982 1086 2021 cam
1102 1972 1130 2022 et
1144 1968 1291 2039 propriam
1308 1969 1425 2022 domum
1438 1983 1580 2040 agrosque
1594 1983 1732 2023 remeare.
1744 1967 1784 2022 hd
1801 1984 1874 2040 quos

1024 2057 1151 2124 veniens,
1163 2062 1191 2112 et
1205 2057 1237 2112 in
1251 2057 1356 2129 quibus
1370 2057 1551 2125 constitutus,
1567 2057 1657 2112 terme
1668 2056 1803 2123 triennio,
1816 2061 1873 2111 eta

1023 2146 1122 2216 sejam
1131 2146 1262 2201 alienatis
1272 2146 1348 2201 curis
1362 2145 1573 2213 sacretaribust,
1589 2163 1654 2201 cum
1667 2146 1703 2200 iis
1718 2145 1768 2218 qui
1778 2145 1872 2200 eidem

1023 2234 1216 2302 adhaerebant,
1232 2237 1290 2291 Deo
1304 2235 1424 2301 vivebat,
1431 2234 1560 2306 jejuniis,
1577 2234 1763 2302 orationibus,
1778 2234 1872 2289 bonis·

1023 2339 1078 2393 qne
1094 2323 1239 2394 operibus,
1254 2323 1284 2378 in
1296 2324 1360 2394 lege
1380 2324 1492 2378 [lentini
1507 2323 1647 2377 rricditans
1664 2323 1709 2379 die
1724 2340 1756 2377 ac
1776 2328 1870 2378 nocte.

1023 2412 1057 2466 et
1070 2412 1104 2466 de
1116 2412 1152 2467 iis
1168 2429 1231 2484 qum
1246 2411 1300 2469 sibi
1315 2414 1389 2467 Dens
1402 2411 1540 2484 cogitanti
1555 2415 1641 2482 atque
1656 2411 1748 2466 oranti
1762 2412 1872 2466 intelle·

1021 2506 1066 2555 cta
1080 2503 1242 2567 1·evelabat;
1258 2506 1286 2555 et
1314 2507 1469 2573 praesentes
1493 2505 1522 2555 et
1536 2501 1666 2555 absentes
1690 2501 1871 2556 sermonibus

1021 2607 1053 2645 ac
1069 2589 1148 2644 libris
1173 2579 1305 2645 decebat.
1334 2589 1459 2660 Contigit
1477 2589 1549 2643 forto
1564 2589 1664 2643 codem
1681 2594 1822 2661 tempore,
1841 2595 1871 2643 nt

1021 2679 1137 2751 quidam
1162 2696 1195 2733 cx
1222 2678 1257 2732 iis
1276 2694 1348 2749 quos
1371 2677 1470 2733 dicunt
1484 2680 1607 2748 Agentes
1628 2677 1658 2731 in
1673 2678 1769 2745 rebus,
1794 2678 1869 2748 apud

1020 2767 1319 2839 Hipponem-Regium
1350 2766 1533 2827 constitutus,
1569 2766 1642 2820 bene
1684 2765 1868 2832 christianus,

1020 2855 1168 2926 Deumque
1181 2855 1296 2921 timeus,
1311 2859 1456 2926 comporta
1470 2855 1532 2924 ejus
1547 2854 1708 2908 bonafama
1721 2855 1868 2926 atquedo-

1020 2944 1121 3014 ctrina,
1138 2944 1310 3001 desideraret
1325 2949 1410 3016 atque
1425 2948 1538 3014 optaret
1551 2959 1618 2998 eum
1628 2944 1734 3010 ridere,
1749 2945 1868 3016 promit·

1019 3037 1083 3088 tens
1097 3050 1127 3089 se
1141 3050 1224 3105 posse
1239 3033 1340 3089 mundi
1355 3032 1439 3100 hujus
1451 3048 1551 3087 omnes
1560 3037 1742 3087 contemnere
1756 3033 1868 3106 cupidi·

1018 3127 1091 3179 ures
1106 3128 1190 3194 atquo
1203 3123 1360 3190 illecebras,
1390 3122 1414 3177 si
1429 3121 1595 3194 aliquando,
1611 3137 1643 3176 ex
1665 3122 1726 3193 eJus
1750 3138 1800 3177 ore
1817 3123 1868 3178 liei

1018 3213 1137 3268 verbnm
1152 3211 1251 3267 andire
1265 3211 1424 3267 meruisset.
1442 3212 1522 3277 Quod
1537 3227 1603 3266 cum
1618 3211 1652 3266 ad
1666 3227 1695 3264 se
1710 3209 1788 3266 fideli
1798 3212 1868 3266 luis-

1018 3306 1060 3357 set
1072 3301 1209 3357 relatione
1233 3302 1369 3367 delatnm,
1386 3301 1507 3355 liberare
1522 3298 1533 3334 ⁵
1548 3301 1675 3355 animam
1696 3300 1816 3371 cupiens
1831 3303 1868 3356 ab

1017 3391 1103 3463 hujus
1114 3391 1180 3446 vitae
1192 3390 1327 3462 periculis
1341 3395 1617 3461 mortequeaeterna,
1631 3389 1666 3443 ad
1676 3395 1866 3445 memoratam

1016 3481 1093 3535 ultro
1113 3484 1199 3551 atque
1218 3479 1368 3534 coelestim
1383 3480 1468 3538 venit,
1484 3478 1639 3545 civitatem,
1663 3483 1692 3534 et
1717 3475 1865 3533 hominem

1017 3570 1109 3624 risum
1135 3569 1273 3624 allocutus
1305 3567 1483 3640 frequentius
1509 3573 1594 3639 atque
1621 3568 1789 3623 exhortatus
1812 3574 1864 3635 est,

1016 3664 1157 3731 quantum
1172 3660 1246 3713 Deus
1262 3658 1396 3725 donabat,
1412 3662 1444 3713 ut
1463 3656 1539 3729 quod
1556 3658 1613 3712 Deo
1637 3661 1752 3712 voverat
1766 3657 1863 3713 reddi·

1015 3749 1111 3805 disset.
1125 3747 1188 3801 Ac⁶
1204 3763 1233 3801 se
1248 3747 1296 3802 ille
1312 3747 1347 3801 de
1366 3745 1411 3800 die
1424 3746 1455 3801 in
1467 3745 1542 3800 diem
1558 3746 1700 3801 lecturum
1711 3747 1864 3818 polliceba-

1014 3843 1071 3905 tur,
1092 3853 1144 3892 uec
1157 3842 1254 3892 ωιηηη
1269 3836 1299 3890 ω
1315 3837 1375 3906 ejus
1389 3840 1457 3890 tune
1472 3835 1525 3889 hoc
1540 3835 1670 3906 implerit
1684 3835 1839 3906 praesentia
1855 3851 1862 3890 ε

1014 3926 1062 3981 sed
1077 3942 1174 3981 vacare
1192 3925 1291 3997 utique
1314 3923 1324 3958 ⁷
1340 3929 1368 3978 et
1393 3923 1478 3978 inane
1494 3939 1554 3978 esse
1578 3940 1637 3978 non
1652 3923 1757 3994 potuit,
1786 3923 1863 3995 quod

1013 4032 1065 4088 per
1079 4017 1135 4070 tale
1158 4031 1204 4069 vas
1219 4013 1361 4069 mundum
1376 4016 1405 4067 et
1418 4013 1449 4067 in
1462 4012 1580 4079 honore,
1598 4010 1667 4065 utile
1688 4011 1821 4080 Domino,
1836 4017 1865 4066 et

1013 4106 1048 4159 ad
1064 4121 1148 4159 omne
1162 4120 1235 4175 opus
1251 4103 1359 4157 bonum
1374 4106 1521 4172 'paratum
1542 4101 1576 4165 (ll
1593 4102 1663 4155 lim.
1695 4117 1726 4170 n,
1749 4104 1804 4167 il),
1833 4100 1863 4155 in

1013 4193 1091 4247 omni
1105 4195 1166 4248 loco
1183 4192 1278 4248 divina
1294 4192 1411 4261 gerebat
1426 4188 1616 4260 providentia.

1072 4308 1185 4364 CttPllT
1205 4308 1250 4361 lV.
1267 4337 1300 4345 -
1315 4303 1430 4375 Capitur·
1448 4303 1485 4357 ed
1498 4303 1661 4374 presbyterii
1671 4303 1799 4370 predum.

1048 4414 1153 4470 Eodem
1183 4412 1279 4484 itaque
1307 4415 1435 4481 tempore
1465 4409 1495 4463 in
1533 4408 1655 4465 Ecclesia
1684 4407 1861 4480 Hipponensi

1011 4501 1150 4558 catholica
1165 4500 1294 4554 Valerius
1318 4502 1431 4552 sanctus
1446 4497 1643 4568 episcopatum
1659 4497 1787 4566 gerebat.
1807 4496 1861 4562 Qui

1010 4609 1085 4657 cum,
1108 4590 1252 4662 tlagitentc
1274 4587 1461 4642 ecclesiastica
1477 4587 1643 4642 necessitate
1657 4585 1680 4650 ⁸,
1708 4586 1743 4641 de
1766 4586 1860 4658 provi-

1041 4699 1049 4733 ¹
1068 4695 1180 4752 Salinas,
1189 4708 1220 4743 ex
1230 4692 1277 4742 Cd.
1290 4692 1396 4756 ltegiure
1410 4707 1415 4740 :
1427 4689 1795 4756 Etseepeefideisendemceie
1802 4690 1861 4741 aee-

1007 4756 1089 4824 fieore
1101 4756 1264 4807 desiderans.
1281 4755 1352 4803 hlter
1366 4755 1412 4804 Cd.
1429 4755 1546 4819 aegina,
1562 4753 1735 4804 desiderebet.
1783 4753 1818 4803 tt.

1039 4823 1049 4858 ¹
1063 4822 1142 4871 lustu
1151 4817 1376 4880 Salinas,quidem
1384 4817 1448 4866 cdd.
1459 4817 1667 4866 adduntnomen
1677 4814 1778 4875 metris,
1787 4817 1861 4865 Meu·

1008 4889 1086 4941 nicer
1099 4886 1126 4931 et
1139 4880 1289 4945 paulopost
1303 4880 1384 4943 petris
1398 4892 1504 4938 nomen,
1521 4879 1592 4942 quod
1606 4883 1646 4927 est
1658 4878 1807 4929 Patricius.
1823 4878 1858 4927 bl.

1038 4948 1049 4981 ³
1066 4944 1131 4994 Edd.
1146 4959 1152 4991 z
1166 4946 1291 5006 Percepte
1305 4942 1436 5007 baptismi
1447 4941 1554 5004 pretim·
1569 4940 1616 4990 sed
1629 4953 1719 4990 vocem
1732 4939 1859 5004 Baptismi

1008 5020 1062 5059 nou
1077 5007 1176 5055 hebent
1189 5005 1250 5054 lise.
1756 5063 1762 5074 .

1038 5078 1048 5106 ⁴
1062 5072 1159 5119 Omnes
1169 5068 1230 5119 iss.
1240 5067 1366 5117 omittunt
1377 5063 1640 5124 curisserceieribua
1651 5068 1677 5113 et
1689 5078 1721 5113 ex
1736 5062 1778 5113 lus
1790 5077 1859 5113 unns

1007 5129 1179 5183 Fleriecensis
1192 5143 1239 5192 pro
1252 5129 1379 5181 alienatis
1393 5126 1658 5191 prelerteticuetes.
1667 5126 1855 5185 -Selines,ex

1007 5194 1110 5244 duobus
1125 5192 1269 5251 codicibus,
1285 5195 1371 5241 serent
1384 5193 1457 5239 curis
1476 5189 1669 5248 seruientem
1684 5201 1717 5237 ex
1732 5189 1779 5237 Cd.
1793 5188 1857 5251 lteg.

1007 5259 1066 5307 teus
1079 5271 1085 5304 :
1097 5256 1129 5303 et
1137 5268 1154 5302 e
1162 5267 1190 5305 se
1193 5256 1251 5316 jem
1259 5254 1379 5304 eliceretis
1387 5254 1512 5364 pristinis
1519 5252 1603 5310 sittim
1613 5265 1645 5300 ex
1655 5263 1708 5299 uno
1719 5250 1857 5310 Vaticano,

1006 5320 1051 5417 qui
1063 5317 1163 5430 prqittit
1177 5323 1249 5367 ceris
1256 5315 1386 5426 pacsqlieqi
1404 5314 1526 5426 equom
1541 5314 1690 5425 ptpceetes.
1710 5313 1759 5424 ³pl.

1038 5379 1435 5505 ..teramnanae
1457 5382 1526 5487 sstr
1739 5411 1745 5424 ·

1036 5508 1046 5541 ⁷
1058 5505 1124 5555 Edd.
1139 5517 1144 5551 :
1159 5504 1211 5556 Sed
1224 5515 1328 5555 uenum
1339 5501 1443 5565 utiquc.
1452 5527 1484 5540 -
1495 5501 1567 5550 ldem
1578 5499 1682 5550 Salmas
1697 5513 1731 5550 ex
1742 5512 1798 5548 uno
1808 5499 1855 5549 Cd.

1004 5567 1854 5736 Rig'sniniiaxcensgsnffleeeeetsecclesiasticosque.
