3884 6112
136 277 168 330 ur
743 279 829 336 VITA
855 278 884 335 s.
906 278 1102 337 Auddstlltt
1122 277 1293 340 Episcopi.
1862 295 1897 344 na

134 398 293 454 Verecuudi
314 399 432 471 degens,
456 399 662 472 philosophicis
693 401 756 473 ejus
779 402 988 458 dissertationi·
1042 404 1120 475 quod
1135 420 1193 460 uua
1207 421 1273 463 cnm
1288 405 1361 462 lacte
1376 404 1476 461 matris
1496 405 1659 480 imbiberat,
1673 409 1783 466 sicutte
1797 416 1901 468 tenero

134 488 188 543 bus
201 487 349 553 intererat,
363 488 495 543 laborans
509 490 608 561 splene
623 489 724 545 vitioso
748 490 796 563 (De
809 493 893 547 Beata
913 493 987 558 Vita,
1042 493 1104 564 ejus
1116 494 1195 549 cordi
1208 495 1334 565 inhesit,
1348 501 1380 551 ut
1393 496 1473 552 nulla
1488 496 1590 553 exinde
1603 500 1897 570 quantumvislacun-

133 592 180 632 nn.
193 580 221 644 7,
242 576 282 648 11)
298 593 304 631 :
320 593 376 649 quo
398 576 574 635 hauddubie
594 583 676 651 putre
701 585 857 651 procreatas
872 581 985 635 inerant
1040 582 1069 637 di
1084 587 1113 638 et
1127 583 1243 655 expoliti
1259 585 1398 641 sermonis
1409 584 1551 641 lenocinia
1560 602 1627 641 eum
1639 591 1731 643 toturn
1746 596 1896 662 raperent,

133 666 190 720 illes
206 665 359 737 Augustini
373 683 406 721 ex
423 666 508 722 tratre
523 672 633 738 neptes,
647 684 712 740 quas
728 669 786 723 Deo
800 669 908 738 pariter
924 685 984 724 ser·
1041 686 1106 741 quae
1120 688 1178 727 uon
1200 673 1262 745 ejus
1283 674 1409 731 nominis
1424 674 1574 732 dulcedine
1598 677 1785 734 condirentur
1800 678 1895 751 (tota,

132 753 248 810 ciebant
263 754 359 824 (Poss,
379 758 409 809 iu
428 757 492 811 Vita
504 756 637 823 Aucust,
649 772 673 811 c.
688 757 745 826 26),
767 772 833 811 oum
846 758 984 828 ejusdem,

132 849 166 900 ut
187 842 309 909 videtur,
325 843 415 899 sancti
431 842 569 899 Antistilis
585 860 724 916 germana
738 861 846 913 sorore,
863 862 928 918 quae
942 847 984 902 ri·

134 932 191 989 dua
215 932 314 988 relicta
333 933 438 988 multus
453 948 542 988 anuos
562 932 593 987 iu
611 933 688 988 diem
710 950 800 1006 usque
824 934 921 991 obitus
941 935 985 991 sui

134 1022 245 1078 Christo
259 1022 384 1098 serviens
399 1020 566 1075 ancillarum
583 1021 633 1077 Dei
648 1022 778 1078 coeuobio
793 1023 982 1094 1111311ιί1111-

131 1115 217 1180 gust,
234 1112 322 1181 Epist.
339 1112 404 1179 tlt,
424 1126 452 1166 u.
473 1112 513 1179 1).
533 1109 661 1166 ldemiuit
679 1127 795 1184 qnoque
809 1111 986 1183 Augustinus

133 1198 245 1254 Patricii
259 1199 372 1270 nepotis
388 1198 443 1265 sui,
460 1198 652 1270 Hipponensis
673 1199 803 1254 Ecclesiae
818 1199 985 1256 subdiaconi

132 1288 230 1357 (serm.
246 1289 307 1356 356,
322 1304 354 1343 n.
373 1287 412 1359 3),
427 1287 472 1343 cni
487 1292 516 1343 et
535 1303 645 1344 sorores
668 1293 751 1344 erant
769 1290 941 1361 complures,
957 1293 986 1345 et

132 1380 224 1433 mater
242 1377 449 1449 pertinentium
473 1377 509 1432 ad
530 1377 664 1432 cumdem
687 1378 897 1449 possessionem
916 1395 984 1433 usu·

132 1466 297 1523 fructuaria.
321 1466 354 1521 ln
373 1483 425 1521 suo
449 1467 525 1537 apud
553 1466 750 1523 verecundum
779 1482 888 1522 secessu
915 1466 985 1522 dnos

131 1557 218 1612 etiam
244 1574 260 1611 e
282 1555 457 1612 consobrinis
476 1555 534 1610 suis
549 1571 644 1611 secum
666 1555 777 1626 babuit,
791 1555 986 1611 Lastidianum

131 1650 160 1702 et
182 1645 341 1701 Rusticum.
365 1645 469 1700 Eadem
494 1644 748 1718 consanguinitatis
775 1646 984 1701 necessitudine

131 1735 278 1791 deuinctus
303 1736 364 1788 erat
388 1732 548 1804 Augustino
573 1733 725 1788 Scaeuinus
740 1733 798 1797 ille,
816 1750 903 1806 quem
927 1736 985 1807 epi-

132 1825 203 1880 stola
217 1824 303 1879 oflicii
317 1828 346 1878 et
360 1822 505 1878 charitatis
518 1823 614 1893 plena,
630 1822 663 1877 ad
689 1821 817 1877 Ecclesiae
840 1822 984 1878 catholice

133 1914 283 1980 unitatem,
299 1929 333 1967 ex
353 1912 564 1968 Donatistarum
586 1910 708 1966 factione
728 1912 878 1967 traducere
902 1927 985 1968 couc-

130 2003 216 2060 batur
242 2003 340 2074 (Epist.
367 2000 423 2072 ta).
453 1998 596 2055 Licentius
623 1999 747 2073 denique
781 1999 858 2056 filins
885 2001 985 2056 Roma·

130 2088 211 2144 niani
221 2087 297 2142 illius
311 2085 380 2140 civis
393 2084 573 2156 Tagastensis
585 2100 690 2151 genere
703 2089 789 2156 atque
800 2084 902 2158 opibus
916 2085 985 2139 iusi-

131 2177 204 2249 gnis,
220 2193 249 2231 se
269 2176 381 2241 eadem,
396 2190 483 2245 quum
505 2173 690 2245 Augustinus,
706 2173 793 2245 stirpe
811 2164 983 2245 prognatum

130 2264 377 2320 videturinuuere
401 2265 499 2333 (Epist.
521 2265 566 2328 tt,
593 2277 622 2316 n.
646 2262 682 2328 3).
706 2264 743 2317 At
766 2261 903 2317 Paulinus
925 2278 983 2317 uuo

131 2354 289 2426 eodemque
304 2353 367 2407 loco
383 2351 489 2417 scribit,
504 2349 639 2422 Alypium
656 2349 773 2404 Licentii
787 2350 903 2406 tratrem
919 2367 981 2406 esse

130 2442 275 2497 consortio
282 2437 711 2512 sauguinis,Augustiuumrero
718 2439 845 2510 ejusdem
858 2437 983 2495 inscien-

130 2530 177 2586 tiis
191 2529 360 2601 magistrum
379 2532 407 2583 et
421 2527 529 2599 ingenii
545 2532 667 2582 satorem
689 2527 820 2584 existere.
837 2527 981 2592 Quamob-

130 2635 192 2676 rem
207 2617 349 2672 Liceutius
368 2616 542 2685 adolescens,
564 2632 622 2688 quo
635 2615 793 2688 impensius
812 2616 982 2689 preceptori

132 2707 356 2776 adblandiretur,
370 2705 480 2778 poetica
499 2704 614 2760 licentia
636 2706 748 2760 loculus
764 2704 853 2760 videri
876 2710 980 2777 potest,

130 2814 188 2869 qna
202 2812 410 2868 nonuunquam
425 2794 597 2850 uuiusurbis
607 2794 682 2850 cives
695 2810 753 2849 uno
767 2795 904 2867 sauguine
915 2811 981 2866 pro·

81 2890 85 2898 '
130 2889 209 2960 gnati
222 2889 364 2945 dicuutur.
374 2889 580 2959 lioecsuntquie
591 2887 783 2958 deAugustiui
791 2903 981 2960 generacom-

129 2979 266 3052 parianus.
281 2977 362 3043 Quod
384 2977 418 3034 ad
441 2976 531 3047 ipsius
551 2982 673 3032 matrem
689 2976 849 3032 ldounicam
870 2977 980 3042 attinet,

129 3068 209 3123 omui
223 3067 351 3137 prolecto
361 3066 478 3135 diguam
489 3065 572 3121 laude
586 3065 747 3133 mulierem,
761 3065 875 3138 longior
883 3067 917 3122 de
932 3067 981 3122 illa

129 3155 322 3211 instituendus
354 3159 397 3210 est
419 3170 524 3224 sermo,
553 3170 641 3226 quam
664 3159 695 3210 ut
718 3155 771 3210 hoc
799 3154 861 3210 loco
887 3155 977 3227 possit

129 3241 350 3317 comprehendi.

470 3422 583 3478 CAPUT
602 3423 638 3478 ll.

130 3590 141 3641 1
173 3588 344 3655 Augustinus
365 3585 459 3652 iusum
484 3584 679 3639 catechumenis
707 3583 920 3641 ausculitant
948 3589 980 3643 la

162 3677 282 3746 pueritia
297 3675 387 3730 mmbo
402 3679 540 3744 ennepius
555 3673 724 3742 baptismum
736 3672 882 3742 nouitati
899 3676 980 3731 Deum

162 3765 293 3835 puerulus
316 3765 434 3830 inuocat,
448 3777 482 3817 ue
505 3763 534 3816 in
548 3761 639 3816 schola
652 3761 773 3831 vapulet.
790 3761 808 3815 1
826 3764 857 3817 lu
876 3764 980 3819 scholas

164 3853 245 3909 datus
260 3858 290 3908 ut
305 3854 410 3908 litteras
426 3853 525 3918 ducat,
542 3851 644 3906 latinas
658 3854 742 3906 amat.
759 3854 774 3905 5
790 3853 896 3908 Grecos
910 3853 977 3911 odit.

165 3944 181 3997 θ
197 3943 323 3997 Prteritie
337 3943 424 4012 ipsius
437 3944 538 3997 errata

165 4125 191 4180 1.
208 4119 390 4177 Sanctissima
411 4123 496 4191 atque
520 4117 628 4189 optima
648 4115 754 4172 semina
772 4117 979 4190 cumprimum

127 4211 266 4268 iniaulem
282 4211 367 4266 enixa
380 4212 433 4276 est,
449 4208 520 4263 nihil
535 4206 631 4279 potius
642 4205 753 4274 babuit,
768 4197 855 4278 quam
869 4212 902 4263 ut
912 4224 978 4264 eum

127 4301 203 4356 iuter
214 4299 432 4355 teuchumenos
446 4295 592 4367 signaculo
606 4294 697 4350 crucis
707 4295 812 4352 Christi
823 4296 978 4370 obsignan-

126 4389 206 4458 dum,
232 4392 261 4444 et
279 4387 398 4459 mystico
423 4386 480 4441 sale
503 4384 825 4441 condiendum'curarel
846 4388 975 4459 (Confess.

126 4473 206 4548 libro,
220 4480 245 4546 1,
261 4492 322 4547 cop.
341 4480 384 4544 11,
399 4491 427 4530 n.
446 4475 505 4545 lii:
518 4473 569 4546 qui
582 4473 654 4529 utus
669 4474 905 4531 catechumenum
919 4477 977 4532 int·

58 4620 59 4623 ,
125 4565 215 4623 tundi
236 4567 313 4621 inter
335 4565 476 4620 solemnes
500 4562 639 4635 baptismi
659 4564 844 4620 caeremonias
865 4582 979 4638 semper

125 4659 264 4724 retentus,
280 4671 392 4711 summa
405 4652 564 4709 etiamnum
588 4653 727 4726 religione
751 4661 889 4711 servatur.
909 4657 979 4714 ilinc

125 4750 201 4800 certe
216 4744 391 4818 Augustinus
408 4742 592 4799 christianam
613 4742 783 4815 religionem
802 4743 856 4799 sibi
872 4759 978 4815 pueru-

125 4837 153 4892 lo
168 4833 363 4907 aparentibus
375 4832 501 4901 insilam,
515 4838 544 4890 et
558 4849 588 4888 se
602 4831 790 4888 christianum
803 4831 976 4890 catholicum

125 4922 291 4980 antefuisse
306 4923 469 4996 prolitctur,
484 4940 570 4996 quam
581 4922 613 4977 in
629 4922 849 4978 Manichaeorum
864 4940 975 4979 errores

123 4998 270 5070 incidisset
292 5013 339 5086 (De
363 5014 450 5070 Utilit.
467 5012 604 5080 credendi,
619 5028 648 5067 u.
670 5010 708 5083 t).
724 5011 861 5068 Audierat
883 5013 976 5069 adbuc

123 5119 197 5176 puer
218 5103 253 5158 de
275 5103 331 5157 vita
357 5106 464 5157 aeterna
483 5101 564 5156 uobis
585 5099 725 5173 promissa
743 5117 794 5174 per
809 5102 976 5173 mysterium

124 5190 329 5248 lucarnatiouis
352 5189 466 5246 Domini
481 5188 532 5245 Dei
544 5190 644 5260 nostri,
663 5189 713 5262 qui
734 5189 897 5263 superbiam
923 5208 975 5246 no·

123 5287 212 5337 stram
228 5280 389 5338 humilitate
401 5296 451 5335 sua
467 5283 619 5334 sanaturus
634 5279 749 5335 advenit
762 5279 894 5352 (consess.
907 5280 976 5336 libro

125 5372 150 5438 1,
166 5385 227 5441 cap,
248 5374 290 5437 11,
306 5387 334 5426 n.
355 5369 407 5441 tt).
426 5370 523 5441 ltaque
540 5368 599 5441 jam
621 5372 682 5424 tum
697 5368 830 5425 credebat
851 5368 881 5424 iu
896 5369 975 5425 Chri·

123 5462 209 5526 stum,
225 5464 257 5515 ut
270 5465 299 5514 el
312 5458 374 5532 ejus
390 5462 492 5529 mater,
508 5461 537 5513 et
551 5457 643 5514 omnis
658 5459 770 5525 domus,
786 5474 844 5513 uno
857 5462 973 5530 excepto

122 5550 220 5619 patres
235 5549 318 5619 cujus
332 5554 429 5605 tamen
442 5548 544 5621 iniqua
560 5545 676 5603 consilia
691 5552 720 5603 et
733 5546 914 5602 hortamenta
925 5546 974 5618 jus

121 5640 260 5695 memmae
269 5634 384 5711 pietatis
393 5637 522 5695 evincere
536 5637 567 5693 iu
577 5637 640 5710 ejus
651 5635 749 5692 auimo
761 5648 910 5709 nunquam
923 5651 972 5692 ra·

1041 759 1110 815 libro
1124 762 1151 829 t,
1165 776 1226 832 rap.
1243 765 1270 830 1,
1283 777 1311 818 n.
1325 763 1363 834 8).

1075 905 1104 959 2.
1120 905 1177 960 ilac
1200 904 1290 977 igitur
1302 907 1360 962 tide
1382 924 1399 962 a
1421 909 1526 966 teneris
1547 908 1684 977 imbutus,
1700 909 1799 966 nobile
1818 910 1896 976 illius

1041 992 1247 1049 documentum
1263 1011 1334 1068 puer
1348 999 1482 1068 parvulus
1497 998 1575 1055 dedit
1589 1004 1661 1070 tam,
1675 1015 1743 1056 cum
1755 1001 1896 1056 stomachi

1040 1097 1141 1152 pressu
1155 1088 1302 1155 correptus
1312 1086 1463 1157 repentino
1475 1092 1591 1159 lamque
1602 1088 1777 1154 vehementi,
1788 1096 1822 1145 ut
1830 1105 1894 1161 pro·

1040 1186 1075 1243 pe
1089 1171 1216 1227 animam
1229 1176 1344 1229 acturus
1356 1174 1509 1243 videretur,
1531 1176 1709 1248 baptismum
1723 1182 1831 1248 quanto
1845 1195 1894 1251 po

1040 1259 1095 1314 tuit
1106 1259 1175 1315 ildei
1187 1265 1215 1316 et
1228 1261 1331 1317 mentis
1347 1263 1448 1318 ardore
1462 1263 1619 1335 apiissima
1632 1271 1723 1321 matre
1736 1265 1891 1337 flagitarit:

1040 1364 1105 1419 que
1118 1348 1318 1406 festinabunda
1332 1350 1410 1407 dedit
1424 1368 1553 1424 operam,
1570 1357 1601 1408 ut
1619 1370 1699 1408 sacro
1720 1370 1809 1425 quam
1832 1356 1894 1427 pri·

1040 1452 1120 1492 mum
1134 1437 1212 1493 ioute
1228 1439 1401 1495 ablueretur.
1418 1441 1522 1496 Verum
1540 1457 1606 1496 cum
1621 1443 1731 1498 interea
1743 1443 1784 1498 uis
1798 1444 1891 1499 morbi

1040 1525 1203 1594 remisisset,
1223 1528 1341 1599 provida
1354 1529 1384 1584 iu
1408 1529 1536 1585 laturum
1552 1535 1645 1586 mater
1668 1532 1846 1603 baptismum
1862 1533 1890 1588 in

1040 1615 1118 1671 uliud
1139 1621 1253 1688 tempus
1277 1616 1466 1674 dillereudum
1481 1620 1609 1690 putarit;
1624 1621 1714 1675 verita
1735 1620 1891 1677 scilicetne

1038 1721 1092 1777 per
1105 1704 1299 1776 impendentis
1312 1707 1404 1761 relatis
1419 1707 1561 1764 lubricum
1577 1709 1657 1763 noris
1671 1725 1701 1764 se
1718 1709 1768 1763 ille
1782 1709 1891 1765 delictis

1039 1790 1214 1864 inquinaret,
1225 1800 1363 1867 reatuque
1377 1796 1414 1851 ob
1424 1797 1558 1852 violatam
1568 1798 1700 1853 salutaris
1710 1799 1816 1853 lavacri
1827 1816 1890 1854 sau-

1039 1882 1167 1938 ctilutem
1176 1884 1283 1955 majore
1295 1886 1384 1941 mullo
1392 1885 1577 1957 obligaretur.
1587 1886 1768 1959 Quamquam
1778 1904 1841 1943 eam
1849 1888 1890 1945 di·

1038 1968 1175 2025 lationem
1188 1971 1266 2027 baud
1279 1972 1347 2029 satis
1362 1973 1500 2046 approbat
1514 1974 1707 2045 Augustinus:
1720 1976 1889 2042 Quantome-

1039 2060 1102 2127 liras,
1113 2059 1217 2133 iuquit,
1233 2066 1258 2117 et
1272 2064 1325 2117 cito
1339 2078 1463 2131 sanarer,
1478 2068 1504 2118 et
1517 2063 1548 2118 id
1560 2067 1686 2131 aquetur
1699 2079 1812 2131 mecum,
1824 2080 1890 2119 meo·

1037 2165 1099 2204 rum
1112 2166 1224 2222 meaque
1242 2151 1398 2221 diligentia,
1411 2157 1441 2207 ut
1454 2157 1561 2223 recepta
1575 2154 1649 2209 salus
1663 2156 1762 2209 anime
1776 2170 1841 2209 mee
1852 2159 1890 2209 tu·

1037 2243 1068 2294 ta
1082 2245 1149 2295 esset
1163 2242 1247 2295 tutela
1263 2245 1321 2306 tuo,
1333 2245 1382 2311 qui
1396 2241 1514 2297 dedisses
1529 2241 1610 2298 cum?
1626 2242 1744 2314 (consess
1776 2242 1845 2298 libro
1865 2245 1888 2307 1,

1038 2343 1099 2398 cap.
1115 2332 1156 2394 11,
1172 2344 1220 2384 un.
1237 2333 1279 2397 17,
1298 2332 1348 2400 18).

1074 2472 1100 2527 3.
1117 2472 1224 2526 Praeler
1239 2470 1459 2540 iustitutionem,
1476 2488 1562 2544 qnam
1577 2470 1699 2527 habebat
1718 2471 1890 2543 optimama

1037 2562 1139 2627 matre,
1156 2560 1242 2615 eliam
1257 2560 1292 2615 ab
1312 2560 1478 2616 homiuibus
1500 2559 1671 2632 quibusdam
1691 2560 1757 2632 piis,
1773 2561 1804 2615 in
1818 2577 1890 2632 quos

1036 2649 1097 2720 ipse
1111 2665 1183 2721 puer
1197 2649 1307 2718 incidit,
1321 2649 1419 2705 didicit
1434 2651 1534 2718 Deum,
1548 2656 1688 2722 quantum
1711 2650 1746 2705 de
1768 2650 1818 2705 illo
1838 2666 1889 2721 pro

1037 2739 1126 2793 aetatis
1149 2743 1235 2810 captu
1258 2739 1363 2795 sentire
1383 2744 1506 2812 poterat,
1530 2755 1736 2809 eccemagnum
1760 2740 1889 2809 aliquem,

1037 2828 1086 2896 qui
1096 2832 1197 2898 posset,
1212 2829 1293 2882 etiam
1307 2842 1361 2882 nou
1376 2842 1512 2898 apparens
1530 2828 1651 2883 sensibus
1674 2828 1785 2894 neruis,
1801 2843 1889 2881 mau-

1037 2916 1098 2970 1ῑί11
1110 2931 1158 2971 nos
1177 2922 1202 2971 et
1215 2916 1357 2972 subuenire
1378 2917 1469 2972 uobis.
1487 2917 1566 2972 Unde
1582 2917 1634 2971 sub
1657 2916 1717 2971 liaeo
1734 2916 1824 2971 Deum
1852 2916 1889 2970 sio

1037 3004 1193 3076 alloquitur
1208 3021 1215 3060 :
1237 3007 1306 3061 Puer
1319 3007 1387 3076 coepi
1406 3022 1503 3076 rogare
1517 3011 1542 3061 te
1561 3007 1699 3061 auritium
1711 3009 1736 3060 ct
1750 3006 1889 3074 refugium

1036 3109 1123 3148 meum
1132 3110 1140 3161 3
1149 3099 1174 3149 et
1186 3096 1215 3150 in
1226 3100 1300 3150 tuam
1315 3097 1510 3151 introcatiouem
1523 3095 1680 3166 rumpebam
1694 3094 1778 3150 nodos
1790 3095 1889 3163 linqua

1035 3198 1116 3249 mee3
1135 3188 1160 3238 et
1180 3184 1311 3252 ropabam
1323 3188 1348 3239 tc
1368 3199 1483 3254 paruus,
1503 3200 1556 3240 uon
1576 3200 1663 3255 paruo
1681 3184 1791 3253 affectu,
1806 3199 1840 3238 ne
1860 3185 1888 3237 in

1035 3272 1127 3329 schola
1148 3275 1306 3344 capularem
1322 3274 1518 3343 :peccabamus
1539 3279 1638 3341 lamera,
1653 3275 1743 3328 minus
1769 3273 1888 3329 somber-

1036 3362 1080 3430 do,
1097 3366 1146 3417 aut
1160 3362 1279 3430 tenendo,
1295 3366 1343 3417 aul
1359 3363 1504 3430 cenitando
1528 3362 1561 3417 de
1579 3363 1689 3432 litteris,
1703 3377 1786 3432 quam
1800 3363 1889 3430 erige·

1036 3450 1148 3505 batura
1165 3451 1327 3510 11οὸ1111111
1344 3455 1415 3507 euim
1439 3451 1541 3519 demat,
1556 3453 1676 3519 Domine,
1695 3451 1825 3506 memorio
1847 3451 1888 3505 uel

1034 3541 1182 3607 ingenium,
1199 3556 1258 3610 qua
1271 3556 1319 3596 nos
1338 3541 1436 3597 tabem
1453 3541 1565 3595 uoluisti
1576 3554 1627 3611 pro
1641 3540 1691 3595 itta
1708 3543 1788 3595 aetate
1800 3541 1885 3604 sotrs3

1035 3629 1082 3686 sed
1096 3630 1245 3685 delectabat
1258 3631 1349 3686 ludera
1363 3645 1370 3685 :
1388 3636 1414 3686 et
1434 3629 1622 3686 uindicabatur
1634 3632 1664 3685 iu
1677 3644 1725 3685 uos
1739 3628 1774 3683 ab
1787 3632 1824 3685 eis
1839 3630 1888 3698 qui

1034 3720 1105 3775 talio
1127 3723 1220 3791 utiquc
1243 3721 1368 3789 suebant.
1386 3721 1442 3777 Sed
1465 3721 1594 3790 majorem
1613 3734 1693 3789 nugae
1713 3721 1822 3788 negotia
1843 3733 1888 3773 uo

1035 3814 1147 3874 cautur;
1161 3825 1306 3879 puerorum
1331 3814 1421 3865 autem
1443 3810 1512 3864 talio
1538 3823 1598 3863 cum
1620 3811 1686 3871 sint,
1702 3811 1886 3877 puniuntura

1034 3894 1195 3964 majoribus.
1215 3895 1361 3951 Peccatum
1375 3893 1500 3962 sumendo
1514 3899 1607 3948 contra
1624 3898 1761 3963 precepta
1780 3909 1886 3964 pareu-

1035 3988 1092 4038 tum
1106 3988 1131 4039 et
1149 3986 1343 4053 magistrorum
1356 3984 1474 4039 illorum.
1490 3985 1613 4038 Poteram
1631 3985 1703 4038 enim
1714 3988 1809 4053 postea
1824 3983 1887 4038 bene

1034 4075 1078 4128 uti
1086 4074 1195 4139 litteris,
1208 4088 1277 4142 quas
1290 4073 1414 4129 scatebant
1427 4076 1458 4127 ut
1472 4073 1601 4128 discerem
1616 4086 1782 4142 quocumque
1795 4076 1886 4128 auinro

1033 4163 1077 4218 illi
1094 4165 1155 4217 mci.
1169 4164 1227 4219 Nou
1240 4164 1311 4218 enim
1322 4163 1432 4218 meliora
1443 4162 1555 4231 eligens,
1569 4160 1723 4216 inobediens
1736 4176 1824 4231 uam,
1838 4161 1885 4218 sed

1034 4266 1124 4307 amore
1141 4251 1253 4307 ludendi
1266 4251 1361 4324 (ibid,
1378 4266 1439 4322 cap.
1463 4253 1490 4318 9,
1507 4267 1554 4306 nu.
1582 4251 1624 4319 ll,
1643 4253 1690 4320 ¹53
1711 4266 1772 4322 cap.
1797 4253 1840 4320 to,
1855 4267 1882 4305 n.

1035 4343 1090 4412 16).

1068 4478 1095 4531 t.
1113 4477 1235 4548 Uterque
1248 4490 1353 4547 pareus
1368 4490 1435 4530 cum
1453 4473 1615 4530 litterarum
1628 4471 1754 4544 peritum
1769 4488 1831 4528 esse
1852 4488 1881 4526 ac

1032 4563 1165 4637 ingenuis
1188 4564 1345 4636 expolitum
1367 4562 1487 4631 artibus,
1512 4562 1695 4617 vehementer
1718 4561 1880 4633 cupiebat:

1031 4660 1113 4726 patcr
1127 4653 1254 4726 quidem,
1265 4652 1345 4725 quod
1360 4651 1410 4707 Dei
1424 4651 1631 4724 propemodum
1647 4650 1812 4720 immemor,
1824 4649 1882 4704 ina·

1033 4743 1082 4800 nia
1103 4745 1157 4799 sibi
1181 4744 1215 4800 de
1235 4742 1294 4798 lilio
1317 4742 1518 4814 polliceretur3
1535 4746 1627 4796 mater
1639 4756 1715 4806 vero,
1732 4741 1809 4813 quod
1832 4741 1880 4796 do·

1031 4834 1130 4889 clriuse
1145 4837 1230 4905 atquc
1243 4831 1418 4904 optimarum
1429 4831 1534 4887 artium
1548 4830 1641 4886 studia
1655 4830 1814 4903 plurimum
1828 4829 1880 4902 ipsi

1032 4924 1067 4979 ad
1088 4924 1178 4978 Deum
1202 4922 1417 4995 adipiscendum
1438 4919 1596 4992 adjumenti
1615 4919 1742 4975 crederet
1762 4920 1882 4974 allatura

1031 5012 1124 5085 (laid,
1140 5012 1190 5066 lib.
1210 5013 1236 5076 t,
1252 5027 1312 5082 rap.
1338 5013 1364 5078 3,
1379 5026 1407 5066 u.
1428 5009 1466 5081 8).
1482 5009 1660 5079 Quapropter
1681 5023 1747 5062 cnm
1772 5007 1881 5079 ingenii

1031 5101 1076 5156 sui
1100 5099 1243 5172 specimen
1269 5100 1325 5155 cilo
1348 5098 1526 5171 praebuisset,
1545 5095 1743 5168 ludimagistro
1762 5096 1881 5152 traditus

1031 5194 1080 5254 est,
1095 5189 1197 5260 primis
1219 5189 1391 5244 imbuendus
1416 5188 1577 5243 litterarum
1601 5183 1759 5252 elementis,
1780 5184 1883 5257 quibus

1030 5276 1162 5335 videlicet
1171 5278 1266 5350 legere
1280 5281 1309 5334 et
1318 5276 1442 5332 scribere
1451 5293 1483 5332 ac
1497 5291 1648 5331 numerare
1658 5273 1777 5330 discitur
1789 5273 1882 5346 (itta,

1030 5369 1078 5425 lib.
1104 5372 1129 5437 1,
1144 5384 1205 5439 cap.
1221 5371 1248 5434 ll,
1267 5383 1295 5423 u.
1315 5366 1377 5438 l4):
1398 5370 1485 5438 alque
1510 5365 1558 5421 ubi
1581 5380 1633 5437 per
1655 5367 1768 5419 aetalem
1792 5361 1881 5430 licuit,

1029 5457 1178 5514 ldedsuras
1193 5457 1314 5513 vicinam
1335 5456 1448 5524 urbem,
1464 5455 1632 5511 litteraturas
1647 5457 1733 5524 atque
1749 5450 1882 5526 oratoriae

1029 5545 1098 5603 artis
1108 5545 1301 5620 percipiendae
1317 5544 1409 5618 gralia
1427 5542 1532 5601 missus
1547 5548 1590 5598 est
1603 5541 1698 5616 (litu,
1712 5540 1760 5597 lib.
1776 5543 1804 5609 t,
1820 5555 1881 5611 cap.

1028 5637 1057 5709 ³,
1073 5635 1157 5712 115).
1175 5637 1281 5693 Verum
1294 5633 1478 5693 deterrebant
1499 5632 1566 5690 inde
1581 5630 1710 5688 animum
1728 5629 1823 5703 pueri,
1836 5628 1883 5684 in·

121 5719 253 5786 luerunt.
283 5728 371 5784 Porro
405 5726 607 5785 suavissimum
631 5724 699 5782 lesu
724 5721 828 5782 Christi
853 5739 970 5795 nomeu,
1026 5724 1112 5800 genio
1139 5725 1205 5784 licet
1230 5741 1263 5783 ac
1288 5723 1429 5783 memoria
1451 5720 1645 5797 prevalentis,
1658 5718 1752 5777 insitu
1776 5717 1877 5793 primis
