3884 6112
90 280 147 333 933

89 398 162 453 huto
183 398 344 470 patrocinio
371 415 447 468 meo,
475 401 576 457 eadam
604 402 722 458 fortasse
746 420 793 459 me
812 404 939 462 docebis.

89 486 205 542 CAPUT
232 488 301 543 llIlI.
319 519 353 528 —
376 491 424 543 Aa
438 489 597 546 Academici
611 491 816 548 dissimularint
828 508 856 549 se
875 496 944 549 scire

472 594 575 633 aerum.

128 665 176 720 29.
213 664 264 719 llic
296 681 366 737 ego,
395 681 459 721 curu
490 667 650 722 verecunde
680 668 823 724 licentius
850 669 944 740 Alypii

90 752 234 824 Impetum
262 753 447 822 formidaret3
472 754 575 810 Omnia
603 757 708 827 potius,
729 760 858 829 inquam,
874 758 943 829 Aly-

89 840 137 911 pi,
152 839 232 911 loqui
250 841 387 908 maluisti,
404 858 491 914 quarn
516 844 760 914 quemadmodum
783 845 864 900 nobis
879 862 944 900 cum

92 927 142 996 iis,
157 928 207 999 qui
221 928 302 999 loqui
316 930 453 993 nesciant,
465 931 670 1002 disputandum
685 933 731 989 sit.
743 936 775 989 Et
788 934 836 989 ille
848 951 855 988 :
869 935 944 998 Quo-

823 281 931 340 niam
957 283 1123 363 ruamus
1183 283 1189 297 ·

1795 298 1847 352 934

1033 411 1076 464 30.
1090 409 1162 464 Tum
1177 409 1225 464 ille
1242 425 1248 465 :
1264 410 1339 474 Quid
1353 411 1408 466 illis
1434 412 1523 468 enlmi
1543 413 1638 484 fuerit,
1664 416 1769 490 iuquit,
1787 436 1845 476 non

996 501 1103 553 teumre
1113 497 1299 554 confirmabo.
1316 500 1387 555 Nam
1402 507 1542 572 quantum
1552 519 1586 558 ex
1598 503 1679 558 libris
1692 506 1788 578 coIIIgi
1798 508 1848 563 da·

997 588 1054 655 tur,
1068 592 1101 641 tu
1116 586 1217 642 melius
1233 586 1308 642 nosti
1322 603 1391 659 qua
1408 588 1438 642 in
1462 590 1547 645 verba
1570 593 1741 648 sententiam
1765 610 1846 651 suam

997 690 1130 745 promere
1141 676 1272 731 soleant:
1289 676 1331 731 lde
1346 679 1442 731 autem
1467 678 1502 733 de
1527 680 1636 750 melpso
1661 680 1685 736 si
1708 683 1845 749 consulis,

997 763 1146 817 inventurn
1156 765 1390 819 nondumverum
1403 781 1464 820 esse
1479 772 1562 837 puto.
1581 769 1661 824 Addo
1671 770 1845 843 etiamquod

999 850 1033 905 de
1047 852 1222 906 Academicis
1236 852 1393 924 flagitabas,
1410 870 1460 908 nec
1476 871 1557 926 posse
1581 855 1703 912 Inveniri
1726 875 1773 914 me
1788 875 1842 930 pu·

999 943 1070 1007 tare,
1082 955 1142 994 nou
1158 942 1249 996 solum
1264 942 1372 1008 inolita,
1388 958 1475 1014 quiam
1493 959 1606 1013 semper
1630 944 1688 999 fere
1713 946 1844 1002 animad-

92 1016 174 1070 uiam
187 1016 257 1071 olim
270 1020 333 1073 tum
346 1018 429 1086 mibi,
456 1024 519 1074 tum
547 1021 681 1076 omuibus
708 1030 810 1078 uotum
836 1026 888 1084 est.
916 1027 947 1077 ct
999 1027 1351 1098 vertistIopiniouemea,
1367 1030 1517 1085 sedetiam
1537 1032 1705 1089 auctoritate
1724 1050 1844 1107 magno-

92 1119 175 1157 nuuc
189 1106 238 1158 tna
260 1105 436 1176 professione
450 1107 518 1161 satIs
533 1107 642 1163 indicas
658 1113 686 1164 te
711 1109 847 1180 loquendi
870 1109 944 1181 peri-

92 1196 158 1246 tum
171 1208 246 1259 esse;
277 1193 362 1247 velim
378 1193 501 1264 explices
518 1195 670 1251 utilitatem
692 1198 786 1267 prImo
800 1199 885 1268 hujus
900 1198 943 1251 iu-

92 1280 258 1351 quisitionis
277 1297 337 1336 suos
354 1283 374 1348 ¹,
397 1299 463 1354 quae
481 1287 532 1339 aut
550 1285 695 1355 superflua
709 1290 761 1352 est,
784 1289 817 1340 ut
831 1284 944 1356 opinor,

92 1373 125 1424 et
139 1369 165 1423 ei
180 1369 270 1424 multo
285 1370 377 1442 magis
398 1371 570 1442 respondere
586 1371 763 1442 superfluum
777 1377 836 1440 est,
859 1377 908 1428 aut
922 1373 945 1427 si

93 1458 246 1513 commoda
256 1457 421 1527 visafuerit,
433 1464 462 1514 et
479 1475 551 1514 nme
564 1460 699 1531 explicari
714 1461 866 1530 nequierIt,
883 1477 945 1533 pre·

92 1546 173 1601 cario
187 1546 237 1601 abs
251 1551 279 1601 te
298 1547 462 1618 impetrem,
478 1553 511 1602 ιιι
538 1549 667 1620 magistri
683 1549 810 1605 officium
824 1566 860 1604 ne
880 1565 945 1620 gra·

94 1651 173 1690 vere.
191 1634 354 1702 llemInisti,
371 1636 501 1707 inquam,
517 1636 580 1692 heri
594 1653 641 1691 me
655 1653 716 1693 esse
731 1638 891 1709 pollicitum
910 1639 946 1693 de

95 1723 158 1778 istis
172 1722 316 1778 vocabulis
331 1729 396 1794 post
409 1730 549 1779 acturum.
577 1726 611 1780 Et
623 1716 700 1781 nuuc
724 1726 773 1781 ille
788 1727 830 1781 sol
845 1727 945 1782 admo-

94 1817 155 1878 net,
171 1815 203 1865 ut
218 1827 282 1882 quae
297 1812 407 1867 ludIcra
421 1813 518 1884 pueris
544 1814 690 1886 proposui,
715 1815 843 1885 redigam
858 1815 889 1870 iu
904 1815 944 1871 ci-

95 1904 171 1968 stas;
186 1900 347 1971 praesertim
363 1917 429 1956 curn
459 1918 493 1957 ea
519 1903 711 1973 ornandijam
737 1903 834 1974 potius
858 1920 945 1974 quam

94 1988 239 2043 vendendi
261 1990 354 2061 gratia
377 2006 547 2062 proponam.
573 1993 654 2047 Nunc
672 1996 828 2064 antequam
847 1992 946 2047 stilum

94 2080 225 2131 nostrum
240 2078 366 2132 tenebrae
381 2083 531 2150 occupent,
543 2095 607 2151 quse
622 2083 751 2149 patrones
764 2079 947 2134 Academico·

95 2180 162 2220 rum
190 2167 282 2221 solent
308 2182 378 2232 esse,
404 2168 467 2223 volo
494 2167 570 2222 inter
598 2183 649 2222 nos
667 2166 752 2223 hodie
780 2167 946 2239 plenissime

95 2256 217 2322 constet,
241 2254 276 2309 ad
300 2271 387 2326 quam
419 2256 610 2327 quaestionem
642 2255 724 2311 nobis
748 2256 945 2327 explicandam

94 2358 182 2397 mane
197 2343 374 2414 surgendum
386 2344 431 2399 sit.
444 2346 543 2416 Itaque
558 2346 710 2416 responde,
725 2362 834 2418 quaeso,
850 2350 947 2401 utrum

94 2430 150 2485 tibi
163 2431 315 2487 rideantur
331 2433 492 2489 Academici
506 2433 641 2488 habuisse
654 2438 761 2489 certam
780 2435 815 2490 de
827 2436 945 2490 veritam

95 2519 282 2589 sententiam,
298 2526 327 2576 et
341 2537 405 2576 eam
418 2526 526 2578 temere
549 2522 655 2593 ignotis
682 2523 727 2578 vel
742 2539 801 2578 non
816 2524 945 2596 purgatis

91 2606 202 2663 animis
226 2609 347 2680 prodere
372 2611 514 2676 noluisse3
540 2626 576 2664 an
600 2627 666 2666 vero
683 2611 723 2666 Ita
738 2611 891 2676 senserint,
914 2615 946 2666 ut

89 2711 196 2752 eorum
207 2698 413 2769 disputationes
428 2715 459 2753 se
472 2699 591 2754 habent.

125 2821 132 2854 ¹
149 2819 213 2870 Bcd.
231 2821 273 2870 Er.
289 2825 315 2870 et
329 2823 401 2879 lov..
414 2820 605 2886 inquisitionis.
616 2824 670 2874 tua
679 2821 731 2872 Sed
742 2821 837 2873 mellus
846 2822 904 2874 Am.
920 2828 948 2874 et

88 2881 155 2930 bles.
168 2895 239 2941 suoer
254 2884 367 2934 retertur
376 2884 448 2934 enlm
464 2885 496 2934 ad
509 2885 666 2935 licentium.

999 1132 1064 1171 rum
1088 1117 1378 1188 excellentiorumque
1401 1117 1639 1189 philosophorum
1663 1121 1766 1191 quibus
1792 1138 1845 1177 nos

999 1205 1127 1275 praebere
1140 1205 1212 1259 colla
1226 1203 1284 1259 sive
1298 1204 1477 1259 Imbecillitns
1504 1210 1610 1269 nostra,
1631 1207 1689 1262 sive
1704 1210 1844 1280 sagacilas

1000 1293 1140 1364 Ipsorum,
1162 1294 1341 1363 ultraquam
1361 1292 1433 1346 uilril
1453 1293 1513 1362 jam
1537 1293 1659 1349 inveniri
1681 1312 1763 1368 posse
1784 1314 1845 1352 cre-

1000 1380 1126 1434 dendum
1142 1384 1193 1446 est,
1210 1379 1305 1434 nescio
1321 1381 1462 1451 quomodo
1477 1382 1631 1452 eumpeIIIt.
1657 1385 1714 1439 lloc
1735 1390 1787 1454 est,
1802 1385 1847 1439 iu-

1000 1483 1097 1539 quam,
1115 1468 1192 1539 quod
1203 1467 1290 1522 volui.
1307 1468 1378 1522 Nam
1392 1469 1520 1536 verebar,
1537 1485 1572 1523 ne
1592 1485 1657 1523 cunr
1668 1470 1718 1524 tibi
1732 1487 1848 1543 quoque

1000 1556 1028 1611 id
1044 1556 1191 1611 videretur
1203 1557 1283 1628 quod
1298 1555 1386 1624 mihi;
1399 1557 1554 1628 disputatio
1574 1563 1671 1613 nostra
1685 1574 1786 1615 manca
1802 1576 1848 1615 re·

1000 1648 1138 1711 maneret,
1155 1645 1234 1699 nullo
1249 1644 1385 1699 existente
1400 1644 1450 1714 qui
1465 1660 1498 1699 ex
1513 1646 1602 1700 altera
1624 1651 1706 1717 parte
1728 1663 1787 1702 rem
1804 1663 1848 1702 re

999 1731 1062 1785 nire
1076 1731 1107 1785 in
1122 1747 1223 1786 manus
1237 1735 1360 1803 cogeret,
1374 1737 1406 1786 ut
1419 1731 1570 1803 diligenter
1584 1739 1725 1804 quantum
1749 1751 1847 1806 possu-

1000 1835 1064 1872 mus
1077 1824 1248 1875 versaretur.
1265 1820 1364 1891 ltaque
1378 1818 1401 1874 si
1416 1819 1444 1874 id
1459 1819 1608 1890 evenisset,
1629 1825 1745 1891 paratus
1767 1838 1846 1877 eram

999 1910 1028 1963 te
1044 1922 1154 1977 rogare,
1180 1912 1212 1962 ut
1236 1907 1473 1962 Academicorum
1495 1912 1590 1978 partes
1612 1909 1652 1963 itu
1679 1909 1846 1980 susciperes,

1000 1995 1146 2066 quasitibi
1161 2013 1221 2051 nou
1247 1995 1341 2050 solum
1357 1995 1524 2066 disputasse,
1547 1997 1598 2051 sed
1617 1997 1702 2052 etiam
1724 2000 1845 2053 sensisse

1000 2083 1175 2150 riderentur,
1191 2099 1291 2138 verum
1306 2099 1364 2138 non
1377 2099 1461 2154 posse
1475 2085 1689 2154 comprehendi,
1705 2085 1850 2150 Quaeritur

1002 2187 1070 2242 ergo
1085 2171 1161 2227 iuter
1173 2187 1236 2238 uos,
1253 2176 1350 2226 utrum
1366 2169 1481 2226 illorum
1505 2176 1682 2243 argumentis
1700 2174 1849 2244 probabile

1001 2259 1038 2314 sit
1050 2259 1123 2314 nihil
1137 2259 1245 2330 percipi
1258 2274 1351 2329 posse,
1367 2274 1399 2314 ac
1413 2259 1486 2314 nulli
1496 2259 1538 2314 rei
1552 2276 1613 2315 esse
1623 2261 1847 2317 assentiendum.

1001 2349 1121 2414 Quodsi
1141 2348 1309 2418 obticueris,
1333 2348 1431 2417 cedem
1453 2348 1604 2404 libenter:
1630 2349 1653 2404 si
1675 2355 1772 2405 auteru
1799 2350 1849 2404 de-

1002 2441 1161 2491 monstrare
1176 2440 1297 2506 potuero
1316 2435 1407 2489 multo
1435 2451 1495 2489 esse
1518 2435 1703 2506 probabilius,
1721 2441 1749 2493 et
1766 2453 1850 2509 posse

1002 2525 1038 2578 ad
1052 2524 1202 2580 veritatem
1225 2522 1374 2594 pervenire
1404 2523 1574 2593 sapientem,
1602 2529 1630 2580 et
1659 2524 1851 2581 assensionem

1002 2628 1062 2667 non
1090 2627 1203 2683 semper
1232 2626 1292 2665 esse
1321 2609 1510 2665 cohibendam
1533 2630 1541 2679 ;
1562 2611 1635 2667 nihil
1667 2612 1793 2680 habebis,
1819 2618 1852 2668 ut

1002 2700 1116 2770 opInor,
1131 2715 1182 2754 cur
1195 2714 1255 2754 nou
1267 2702 1296 2753 te
1310 2698 1341 2752 in
1356 2714 1451 2753 meam
1472 2700 1642 2754 seutentiam
1658 2701 1779 2755 transire
1801 2717 1850 2770 pu-

1001 2787 1090 2844 tiaris.
1116 2787 1196 2852 Quod
1218 2802 1283 2841 curu
1307 2786 1348 2841 iili
1372 2787 1525 2858 placuisset
1548 2793 1577 2843 et
1598 2787 1706 2842 crateris
1722 2788 1771 2859 qui
1787 2788 1851 2842 ade·

1002 2878 1078 2943 rant,
1090 2875 1151 2946 jam
1166 2889 1283 2945 vespere
1294 2875 1458 2930 obumbrati
1472 2875 1589 2930 domum
1604 2875 1786 2930 revertimus.

631 3105 889 3228 LIBER
934 3104 1314 3229 TERTIUS.

123 3286 237 3337 ftxbibet
248 3286 439 3351 disputeIIoues
460 3288 536 3348 dues,
551 3303 664 3354 quarum
679 3290 756 3339 initio
771 3289 897 3340 statuitur
912 3289 1045 3339 fortunam
1059 3289 1126 3338 nihil
1141 3289 1195 3338 sive
1212 3287 1367 3352 adjumento
1379 3286 1434 3337 sire
1449 3286 1639 3349 impedimento
1651 3298 1708 3335 esse
1723 3284 1846 3349 sapienti.

88 3350 154 3400 Mox
170 3349 342 3414 Augustinus,
358 3355 522 3416 repugnante
535 3367 584 3415 pro
601 3353 730 3415 susceptis
748 3352 866 3415 partibus
881 3351 989 3415 Alypio,
1008 3351 1103 3415 probat
1120 3350 1242 3401 nonnihil
1264 3350 1325 3399 sciri
1347 3349 1507 3412 asapiente,
1525 3353 1614 3412 utpote
1634 3348 1680 3411 qui
1693 3348 1791 3420 'saltem
1810 3362 1851 3420 sa3

88 3411 220 3475 pientiam
240 3413 352 3461 noverit.
367 3414 467 3463 Deinde
484 3415 598 3463 ZenonIs
617 3413 801 3463 definitionem
820 3413 936 3473 discutit,
949 3416 976 3463 et
989 3412 1042 3462 duo
1063 3413 1109 3462 illa
1123 3411 1258 3475 redarguit
1271 3411 1488 3461 Academicorum
1505 3410 1622 3483 placitas
1639 3427 1652 3454 a
1669 3408 1738 3482 Nihil
1754 3423 1852 3472 percipi

88 3487 171 3537 posse
181 3489 186 3535 ;
196 3491 210 3520 u
228 3478 262 3535 et,
279 3494 291 3517 «
304 3474 376 3523 Nulli
385 3476 423 3524 rei
438 3476 532 3525 debere
542 3476 696 3525 assentiri.»
712 3475 780 3526 Dicit
794 3476 901 3526 demum
915 3475 998 3526 rideri
1010 3476 1060 3525 sibi
1075 3475 1245 3525 Academicos
1256 3486 1311 3524 non
1324 3474 1360 3523 ita
1374 3473 1487 3523 sensisse
1502 3477 1540 3521 utr
1558 3471 1639 3534 vulgo
1654 3475 1849 3521 existimantur.

389 3687 542 3726 ursrursrro
557 3686 650 3726 rurus.

130 3760 244 3816 CAPUT
269 3760 416 3817 PRIIIUII.
443 3790 478 3802 -
505 3762 668 3830 magnopere
683 3757 829 3829 querendo
842 3758 945 3815 cattas

342 3850 414 3904 unde
426 3849 525 3919 pendet
536 3851 595 3903 otta
610 3849 699 3905 beuta.

131 3940 158 3992 l.
175 3938 247 3993 Cum
275 3942 339 4008 post
366 3937 450 3993 illum
471 3953 634 3993 sermonem
656 3951 743 4007 quem
759 3934 900 3990 secundus
913 3933 946 3988 li·

90 4025 147 4081 ber
159 4028 298 4094 continet,
314 4027 370 4082 alio
387 4028 432 4082 die
444 4027 670 4083 consedissemus
685 4026 717 4080 in
729 4025 840 4080 balneis
851 4043 859 4092 3
879 4038 946 4078 uam

92 4118 157 4170 erat
170 4114 280 4170 tristior
293 4130 382 4187 quam
395 4118 427 4170 ut
442 4115 479 4170 ad
497 4120 612 4186 pratum
640 4114 742 4169 liberet
756 4111 944 4179 descendere3

92 4203 136 4259 sic
151 4219 270 4260 exorsus
285 4219 364 4259 sum:
378 4203 509 4259 Arbitror
532 4220 582 4258 vos
604 4205 665 4274 jam
682 4201 750 4258 satis
768 4201 947 4256 animadver-

92 4292 164 4348 tisse
180 4308 238 4364 qna
252 4293 287 4348 de
309 4308 340 4346 re
354 4292 430 4347 inter
443 4307 496 4346 uos
511 4289 689 4345 discutienda
702 4287 822 4360 quaestio
837 4287 946 4341 cousti-

93 4384 159 4436 tuta
172 4380 217 4436 sit.
243 4380 299 4435 Sed
314 4384 468 4451 antequam
482 4378 518 4433 ad
531 4383 627 4449 partes
642 4393 721 4432 meas
736 4374 865 4443 veniam;
880 4391 945 4447 quse

93 4468 134 4524 ad
153 4484 217 4522 eam
245 4468 391 4540 pertiueut
418 4468 624 4541 eprIcandam,
651 4481 752 4538 pauca,
776 4479 884 4536 quaeso,
912 4464 947 4518 de

90 4571 157 4627 spe,
176 4556 212 4611 de
226 4556 292 4623 ulta,
307 4558 345 4612 de
355 4557 485 4612 iusIItuto
503 4561 599 4611 nostro
622 4571 681 4610 uon
694 4555 729 4609 ab
742 4569 773 4608 re
787 4552 945 4608 abhorren-

93 4644 136 4699 tia
150 4644 274 4701 libenter
288 4644 419 4706 audiatis.
438 4643 592 4715 Negotium
607 4648 738 4698 nostrum
752 4657 811 4696 non
824 4641 884 4697 lere
897 4644 948 4695 ant

93 4733 287 4804 superfluum,
303 4733 353 4789 sed
368 4732 559 4790 necessarium
581 4749 613 4787 ec
628 4747 777 4787 summum
792 4747 854 4785 esse
870 4727 948 4785 arbi·

93 4826 167 4889 tror,
187 4836 365 4894 magnopere
393 4837 522 4894 quarere
549 4821 713 4876 veritatem:
730 4821 785 4875 hoc
813 4819 947 4874 interme

93 4915 184 4982 atque
203 4910 340 4982 Alypium
359 4910 500 4965 convenit.
528 4910 600 4964 Nam
620 4913 648 4964 et
672 4908 768 4963 caeteri
782 4905 947 4979 philosophi

93 4998 258 5069 sapientem
273 5015 358 5054 suum
377 5014 442 5054 eam
467 4998 610 5053 invenisse
623 5001 813 5070 putaverunt;
830 5001 859 5050 et
877 4997 947 5049 Aca·

93 5086 201 5143 demisi
232 5088 355 5160 saplenti
388 5104 439 5143 suo
467 5102 580 5142 summo
608 5091 714 5141 conatu
745 5083 948 5139 inveniendam

93 5192 158 5232 esse
172 5176 294 5247 professi
322 5182 400 5244 sunt,
427 5176 514 5248 idque
541 5175 624 5230 illurn
638 5189 724 5246 agere
753 5172 868 5239 sedulo;
899 5171 948 5226 sed

94 5265 237 5336 quoniam
251 5267 296 5321 rel
309 5266 411 5321 lateret
425 5266 537 5334 obrute,
561 5265 606 5320 vel
620 5263 738 5319 confusa
765 5277 822 5317 uon
837 5259 948 5316 emiue-

95 5357 152 5423 ret,
163 5353 201 5408 ad
222 5354 363 5425 agendam
376 5353 466 5409 vitam
480 5352 509 5408 id
523 5368 591 5408 eum
613 5351 694 5423 sequi
709 5350 785 5424 quod
799 5348 948 5422 probabile

93 5459 130 5498 ac
143 5441 298 5498 verisImile
313 5445 486 5498 occurreret.
502 5442 534 5498 ld
549 5441 637 5497 etium
650 5444 744 5496 restra
759 5438 880 5511 pristiua
894 5436 949 5494 dis·

94 5531 262 5604 captatione
273 5532 437 5590 confectum
452 5536 503 5588 est.
520 5531 591 5588 Nam
605 5547 671 5588 curu
686 5531 757 5588 alter
771 5529 887 5586 inventa
899 5544 948 5585 ve-

1001 3667 1084 3723 ritate
1105 3667 1221 3722 beatum
1241 3663 1304 3720 lieri
1328 3663 1479 3719 asserneril
1499 3661 1657 3730 homInem,
1683 3660 1755 3715 alter
1774 3676 1844 3715 vero

1000 3760 1112 3810 tantum
1121 3755 1273 3826 diligenter
1287 3753 1421 3825 quassum
1433 3751 1506 3806 nulli
1516 3754 1648 3806 nostrum
1658 3749 1777 3806 dubium
1792 3753 1845 3812 cst,

1002 3844 1074 3900 nibil
1089 3859 1151 3900 esse
1165 3842 1348 3898 anobishuic
1361 3840 1475 3912 negotio
1490 3839 1728 3912 praeponendum,
1745 3838 1849 3902 otram-

1002 3933 1101 3988 obrem
1134 3934 1249 4004 qnalem
1276 3929 1355 3986 robis
1377 3945 1486 4002 quaeso,
1509 3930 1677 3985 hesternum
1699 3927 1775 3983 dlem
1811 3927 1853 3982 vi-

1002 4021 1104 4077 demur
1118 4019 1253 4077 duxisset
1274 4018 1360 4074 Vobis
1385 4016 1502 4090 quidem
1523 4017 1552 4072 In
1569 4017 1670 4071 studiis
1688 4015 1788 4070 vestris
1807 4016 1848 4068 vi-

1001 4125 1067 4164 vere
1081 4109 1176 4165 ficaria¹
1188 4109 1258 4162 Nam
1273 4111 1302 4162 et
1319 4112 1362 4175 tu,
1381 4106 1507 4178 Trygeti,
1529 4104 1640 4176 vtrgitit
1662 4108 1691 4158 te
1717 4102 1852 4158 carmiui·

1001 4198 1055 4253 bus
1069 4197 1225 4263 oblectasti,
1242 4199 1270 4251 et
1284 4194 1425 4251 licentius
1434 4193 1576 4266 fingendis
1591 4191 1718 4247 versibus
1731 4191 1849 4257 vacarit,

1003 4302 1127 4359 quorum
1150 4300 1249 4340 amore
1267 4284 1307 4339 ita
1326 4285 1474 4355 perculsus
1497 4288 1549 4349 est,
1582 4285 1616 4335 ut
1637 4283 1756 4350 propter
1783 4294 1849 4333 euru

1002 4375 1127 4430 maxime
1143 4373 1216 4428 mini
1230 4372 1317 4428 istum
1329 4388 1489 4428 sermonem
1505 4368 1685 4425 inferendum
1703 4371 1848 4439 putarem,

1003 4480 1059 4536 quo
1074 4463 1105 4517 iu
1119 4463 1180 4534 ejus
1200 4460 1297 4517 anirno
1322 4461 1505 4534 philosophia
1531 4460 1616 4528 (nuuc
1639 4455 1715 4510 enlm
1737 4459 1851 4527 tempus

1003 4553 1053 4622 est)
1070 4551 1210 4622 majorem
1225 4554 1348 4622 partem,
1370 4564 1427 4604 non
1442 4547 1527 4602 modo
1549 4560 1635 4616 quam
1658 4544 1781 4615 poetica,
1801 4545 1850 4599 scd

1003 4641 1111 4713 qnaeris
1126 4640 1182 4695 alia
1193 4637 1414 4712 discipIIuasibi
1427 4638 1556 4706 usurpet,
1572 4649 1603 4688 ae
1613 4633 1751 4692 vindicet.

1070 4749 1182 4805 CAPUT
1198 4749 1233 4804 II.
1251 4778 1285 4789 -
1300 4749 1348 4801 Aa
1362 4748 1475 4814 fortuna
1489 4745 1608 4815 sapienti
1620 4745 1787 4800 necessaria.

1038 4848 1069 4902 2.
1100 4846 1155 4902 Sed
1181 4861 1278 4918 quaeso
1295 4859 1353 4912 ros,
1388 4858 1484 4897 nonne
1517 4841 1626 4896 miserti
1653 4838 1663 4875 ¹
1687 4842 1777 4898 nostri
1808 4857 1851 4895 es-

1003 4934 1049 5002 tis,
1067 4951 1132 4989 cum
1151 4934 1243 5005 pridie
1265 4933 1306 4988 iia
1325 4930 1453 4986 cubitum
1465 4931 1596 4994 issemus,
1621 4935 1653 4986 ut
1678 4931 1713 4987 ed
1736 4930 1852 4985 dilatam

1004 5023 1205 5096 quastIouem,
1221 5023 1250 5075 et
1273 5034 1390 5091 prorsus
1406 5018 1442 5074 ad
1466 5018 1538 5075 nihil
1560 5019 1636 5074 allud
1660 5021 1849 5089 surgeretur;

1004 5110 1083 5184 qnod
1095 5114 1175 5166 tauta
1188 5109 1263 5164 dere
1275 5106 1410 5162 familiari
1424 5106 1583 5162 necessario
1598 5103 1855 5179 peragendaexsti·

1004 5203 1111 5267 terunt,
1137 5200 1169 5253 ut
1186 5198 1232 5252 his
1255 5195 1369 5267 penitus
1390 5196 1529 5266 occupati,
1553 5196 1600 5250 vix
1624 5195 1693 5251 duas
1712 5197 1854 5248 extremas

1004 5287 1061 5344 diei
1075 5287 1161 5342 horas
1176 5284 1207 5340 in
1224 5283 1413 5356 nosmetipsos
1423 5284 1564 5357 respIrare
1574 5282 1745 5356 possemus?
1758 5280 1854 5347 Quare

1037 5412 1044 5445 ¹
1059 5410 1089 5458 lu
1106 5408 1132 5458 C.
1144 5408 1281 5471 miserati,
1295 5422 1355 5472 quse
1369 5409 1449 5460 lectio
1464 5422 1549 5473 neque
1570 5406 1694 5469 adoptata
1706 5406 1747 5454 est
1760 5403 1794 5453 ab
1810 5404 1854 5454 Er.

1005 5472 1070 5521 Ven.
1092 5471 1165 5531 Lou,
1187 5484 1276 5544 neque·
1295 5471 1455 5585 adspptauda,
1470 5473 1560 5535 utpote
1582 5465 1692 5518 minime
1709 5464 1802 5527 latina,
1813 5479 1853 5516 se·

1004 5535 1103 5597 quante
1117 5546 1180 5583 casu
1194 5537 1323 5596 genitivo.
1364 5570 1370 5584 .
