3884 6112
58 197 93 251 so
767 197 934 255 suenone
959 196 1127 256 rosseum.
1528 261 1533 271 ,
1790 207 1824 260 so

58 319 210 376 tricenas
223 319 396 388 Occidentis,
412 323 441 375 et
454 320 490 377 ad
509 319 633 378 Orientis
646 320 736 394 partis
749 321 885 377 Ecclesiae
900 322 921 386 ¹,

60 425 107 465 eos
122 409 357 466 arathemandos
370 415 398 465 el
412 411 579 466 devitandos
597 410 633 466 ab
653 411 786 466 omnibus
800 411 923 467 Catholi-

59 498 98 552 cis
111 501 301 552 censuerunt.
319 498 353 554 Et
366 497 422 552 tale
434 497 471 553 de
486 498 542 554 illis
556 498 687 555 Ecclesiae
702 498 753 554 llei
771 498 920 554 catholicus

60 586 209 660 prolatum
223 586 378 659 judicium,
393 587 479 643 etiam
493 587 640 660 piissimus
653 587 810 660 imperator
824 589 919 643 llono·

61 675 122 731 rins
137 674 263 731 audiens
286 691 319 730 ac
340 690 473 747 sequens,
489 676 549 731 suis
570 691 620 731 eos
634 676 745 747 legibus
759 676 917 741 damnatos,

60 764 135 820 iuter
143 763 297 819 haereticos
306 763 406 820 baberi
419 763 523 820 debere
535 764 691 821 constituit.
701 765 781 821 Unde
790 766 919 821 nonnulli

61 869 93 908 es
107 852 155 908 eis
168 852 207 909 sd
228 856 333 908 sancire
352 852 453 908 matris
468 853 596 909 Ecclesia
615 854 770 926 gremium,
785 856 861 910 uude
875 871 920 910 re·

62 941 205 1007 sitierant,
229 940 392 1010 redierunt,
415 945 445 997 et
467 941 561 998 adhuc
580 941 630 997 alii
652 942 786 1009 redeunt,
810 942 921 998 innole-

65 1035 162 1086 scente
177 1035 208 1086 et
226 1030 448 1102 prevalesceme
466 1031 601 1087 adsersus
619 1030 702 1086 illum
723 1031 920 1088 detestabilem

63 1136 191 1176 amorem
207 1126 293 1176 recte
307 1120 375 1177 lidei
388 1121 517 1178 veritate.

97 1209 132 1265 tu
154 1212 221 1264 erat
242 1207 292 1264 ille
318 1209 516 1269 memorabilis
543 1209 596 1277 sir,
622 1209 799 1281 praecipuum
830 1205 922 1264 domi-

63 1296 120 1352 nici
144 1295 276 1368 corporis
302 1295 476 1363 membrum,
503 1296 577 1351 circa
595 1296 764 1352 uniuersalis
790 1293 921 1351 Ecclesia

64 1383 223 1440 utilitatem
238 1381 378 1439 sollicitus
392 1398 505 1456 semper
519 1400 551 1439 ac
565 1382 695 1455 pervigil.
712 1384 745 1439 Et
759 1381 802 1439 illi
816 1380 920 1437 divini·

64 1478 109 1528 tus
120 1472 263 1528 donatum
279 1476 332 1539 est,
345 1475 378 1527 ut
390 1472 426 1528 de
440 1488 557 1529 suorum
572 1472 704 1528 laborum
716 1472 820 1538 tracto,
833 1471 921 1526 etism

63 1561 92 1616 in
105 1562 163 1618 bac
176 1561 234 1617 vila
246 1561 370 1631 gaudere
382 1561 569 1633 prouenisset,
584 1560 664 1633 prius
679 1560 796 1633 quidem
811 1559 841 1615 in
852 1559 920 1629 llip·

64 1649 188 1722 poueusi
201 1648 325 1706 Ecclesia
338 1653 367 1705 et
377 1647 528 1721 regioue¹,
538 1649 585 1705 cui
601 1649 725 1705 manime
736 1647 918 1720 presidebat,

62 1740 174 1796 unitate
199 1755 232 1796 ac
255 1755 325 1812 pace
338 1740 479 1812 perlecta3
495 1737 599 1799 deiude
611 1739 643 1795 in
661 1739 726 1794 aliis
739 1737 840 1795 Africae
855 1753 920 1809 par·

62 1829 150 1896 tibus,
165 1829 226 1885 sive
246 1827 461 1902 perseipsum,
476 1826 535 1884 sira
552 1844 605 1900 per
619 1829 701 1897 alios,
715 1833 744 1883 et
766 1844 838 1900 quos
858 1826 920 1898 ipse

63 1918 185 1975 dederat
199 1917 370 1984 sacerdotes,
382 1917 548 1989 pullulasse,
557 1922 586 1973 et
600 1916 818 1989 multiplicatam
833 1916 920 1972 tuisse

62 2007 180 2063 llomiru
192 2007 345 2064 Ecclesiam
360 2006 523 2078 pervidens,
536 2006 659 2079 illosque
676 2005 855 2073 Manicbaeos,
867 2007 921 2061 llo·

62 2096 193 2159 natistas,
220 2094 435 2167 Pelagianislas,
460 2098 490 2150 et
508 2096 638 2166 Paganos
659 2111 694 2150 ex
712 2111 818 2167 magna
839 2098 920 2166 parte

63 2184 212 2251 deteeuse,
227 2188 259 2240 et
278 2183 409 2240 Ecclesiae
430 2184 482 2240 Ilei
496 2184 615 2240 sociatos
640 2200 702 2239 esse
716 2183 920 2256 congaudens:

63 2274 246 2343 profectibus
259 2289 375 2345 quoque
389 2276 418 2329 et
432 2272 535 2328 studiis
553 2273 649 2329 larens
661 2275 723 2328 erat
737 2277 767 2328 et
780 2273 921 2327 assultans

65 2363 210 2418 bonorum
232 2363 380 2430 omnium3
404 2360 679 2434 indisciplinationes
701 2361 748 2433 pie
770 2377 803 2416 ac
826 2366 922 2416 sancte

64 2453 194 2508 tolerans
219 2452 352 2517 fratrum,
386 2451 635 2524 ingemiscensque
660 2450 694 2506 de
720 2450 922 2522 iniquitalibus

67 2541 226 2608 malorum,
239 2540 299 2596 sive
311 2556 413 2596 eorum
427 2541 478 2612 qui
489 2541 566 2596 intra
580 2539 743 2605 Ecclesiam,
754 2539 812 2594 sive
822 2555 921 2595 eorum

67 2629 119 2701 qui
141 2633 224 2685 extra
256 2629 408 2685 Ecclesiam
432 2635 499 2685 sunt
519 2629 676 2693 constituti,
705 2628 865 2696 dominicis,
889 2635 922 2685 ut

63 2717 136 2785 dixi,
151 2717 240 2774 lucris
254 2734 369 2791 semper
381 2719 520 2789 gaudens,
536 2724 565 2774 et
583 2718 696 2774 damnis
710 2733 843 2774 moerens.

99 2808 194 2864 Tanta
211 2811 307 2862 antem
329 2806 365 2862 ab
383 2806 485 2862 eodem
504 2806 608 2862 dictata
621 2811 650 2861 et
671 2807 747 2862 edila
765 2810 843 2872 sunt,
859 2810 921 2860 tan·

66 2901 154 2968 taque
182 2896 213 2952 in
242 2895 364 2963 Ecclesia
390 2896 545 2967 disputata,
571 2898 688 2968 excepta
716 2899 802 2968 atque
828 2909 924 2949 emen·

65 2985 143 3050 data,
173 2985 218 3040 vel
256 2985 391 3040 adsersus
422 2985 586 3040 hereticos·
610 2984 780 3055 conscripta,
813 2984 857 3038 vel
890 2998 921 3036 ex

65 3073 217 3131 emortuis
253 3073 344 3129 libris
378 3074 507 3146 exposita
533 3072 569 3129 ad
607 3072 826 3129 edificationem
859 3087 924 3126 san·

69 3169 185 3220 clerum
211 3162 343 3219 Fcclesiee
370 3161 507 3229 liliorum,
530 3165 563 3217 ut
589 3178 623 3217 ea
648 3161 746 3217 omnia
772 3161 818 3216 rix
844 3161 925 3232 quis·

66 3268 157 3325 qnam
195 3250 389 3307 studiosorum
425 3251 573 3322 perlegere
610 3254 640 3304 et
670 3236 754 3306 nosse
789 3249 921 3305 sulliciat.

68 3345 277 3398 Verumtamen
291 3356 328 3396 ne
338 3339 470 3395 ,veritatis
483 3339 562 3395 verbi
575 3336 776 3395 ⁸aeidissimos
788 3339 818 3394 in
828 3338 925 3409 aliquo

68 3430 205 3490 naudus
228 3428 389 3495 videamur,
408 3427 577 3496 statui,lleo
600 3432 764 3500 prreslente,
787 3428 817 3483 in
841 3428 926 3498 hujus

70 3518 204 3593 opusculi
221 3517 280 3574 llus
294 3518 381 3573 etiam
394 3517 562 3572 eommdem
576 3517 726 3585 librorum,
743 3519 925 3582 tractatuum,

68 3615 100 3665 et
119 3607 310 3681 epistolarum
334 3606 496 3662 indiculum
519 3606 697 3679 adjungere:
713 3622 771 3678 quo
790 3606 862 3661 lecto
876 3604 926 3677 qui

70 3697 165 3771 uagis
178 3695 231 3752 llei
241 3695 393 3751 veritatem
405 3710 494 3767 quam
507 3695 681 3766 temporales
693 3698 791 3750 amant
802 3693 925 3758 divitias,

67 3787 121 3843 sibl
138 3785 263 3858 quisque
276 3783 354 3857 quod
367 3783 489 3840 soluerit
502 3783 537 3839 ad
549 3783 703 3855 legendum
713 3788 743 3839 et
754 3797 927 3854 cognosceu-

68 3878 141 3933 dum
157 3875 256 3946 eliget,
271 3878 300 3929 et
311 3872 340 3929 id
355 3872 390 3928 ad
406 3872 636 3940 describendum,
652 3873 697 3929 rel
708 3873 744 3929 de
756 3872 928 3928 bibliothece

69 3961 267 4038 Hipponensis
288 3960 419 4018 Ecclesiae
437 3965 526 4034 petat,
541 3961 592 4017 ubi
615 3960 811 4018 emendatoris
832 3975 927 4016 esem·

69 4053 166 4127 piaris
175 4052 251 4107 torte
265 4054 402 4123 poterunt
415 4048 550 4116 inveniri,
562 4050 605 4105 rel
621 4049 699 4105 uude
709 4048 830 4105 valuerit
838 4048 930 4121 inqui.

70 4148 126 4207 rat,
141 4145 171 4198 et
191 4141 310 4196 inventa
324 4138 466 4196 describat
484 4142 513 4194 et
526 4138 640 4202 habeat,
656 4142 685 4194 el
697 4137 808 4209 petenti
822 4137 856 4194 ad
876 4137 928 4193 de·

72 4229 271 4292 scribendum,
287 4228 348 4285 sine
363 4227 471 4284 invidia
485 4231 570 4284 etiam
586 4227 647 4302 ipse
659 4228 775 4284 tribuat.

76 4419 194 4479 CAPUT
208 4417 276 4474 lllll.
289 4419 365 4473 -tn
377 4418 467 4473 causis
481 4415 628 4473 audiendis
636 4415 767 4486 quomodo
776 4429 803 4471 se
821 4416 932 4485 cesserit

111 4508 300 4575 darmensis.
323 4507 430 4572 Partes,
448 4505 526 4574 tuctu
546 4508 755 4577 opportunitate,
775 4504 851 4560 docet
874 4519 934 4573 qua·

109 4597 152 4652 cd
163 4603 294 4652 aternum
312 4597 398 4651 ultum
411 4598 544 4666 spectum.
555 4596 655 4651 llerces
668 4609 755 4666 opere
765 4593 932 4664 jndieicrte.

118 4754 285 4812 Secundum
313 4753 444 4826 Apostoli
482 4769 598 4825 quoqne
630 4751 811 4819 sententiam,
837 4751 935 4807 dicen·

78 4845 128 4915 tis,
143 4843 237 4902 Audet
255 4845 401 4915 quisquam
421 4847 540 4898 oestrum
563 4842 693 4899 aduersus
715 4843 831 4898 alterurn
852 4856 936 4910 neqo-

78 4937 152 4991 tism
173 4933 274 4989 urbm
284 4932 410 5004 judicari
427 4932 462 4989 ab
477 4932 629 5004 iniquis,et
650 4947 704 4998 non
717 4931 793 5001 opud
806 4931 937 4986 sanctos?
990 4921 1021 4981 δ’

74 5024 123 5079 An
136 5023 249 5077 meilis
262 5023 329 5091 quic
346 5022 436 5076 suncti
448 5019 581 5075 semideus
597 5018 787 5089 §educturi
804 5020 841 5074 Et
862 5020 888 5073 si
908 5019 938 5071 in

112 5165 121 5198 ¹
136 5160 182 5212 Sic
195 5161 296 5211 babent
311 5162 388 5219 uren
405 5160 469 5210 editi
482 5173 544 5211 vero
560 5159 684 5209 luerunt:
700 5159 776 5210 umis
792 5159 887 5208 litteris
903 5157 940 5208 ud

80 5221 761 5288 smumwattsetmcuenusaccten‘nseorm
782 5220 939 5272 tes-Paulo

80 5285 198 5338 interius
209 5285 272 5336 edit
285 5284 369 5350 Lngd.
382 5283 548 5349 balineaque,
560 5298 592 5334 ex
604 5282 754 5334 duobust
775 5297 840 5349 .pro
851 5298 858 5332 ε
868 5286 939 5335 Λεα-

81 5346 384 5406 εΜσεάοε,·ἰει-υηετ
402 5345 680 5401 Anatbsmatissrdos.
709 5347 743 5396 ll.

116 5412 129 5448 ¹
144 5410 319 5461 Csmntensis
333 5409 416 5460 codex
435 5424 442 5460 ε
459 5412 493 5463 ln
509 5410 677 5475 Hipponensis
692 5408 810 5461 eccm
822 5408 937 5469 rectene.

117 5473 130 5508 ⁸
145 5472 222 5536 Apud
238 5473 302 5524 ιον.
315 5472 416 5538 etbng.
426 5472 471 5523 bic
481 5472 609 5523 omlssum
623 5475 674 5540 est,
687 5470 766 5522 serbi.
777 5470 853 5535 Apud
863 5469 943 5520 Ulim·

83 5535 203 5586 maium
226 5549 291 5586 sero
306 5534 421 5600 legitur:
440 5536 618 5586 renoscere
642 5545 680 5585 ste
692 5534 812 5584 eculeus
834 5535 859 5584 et
870 5531 944 5584 uerbi

88 5596 319 5712 Misssm’
329 5608 362 5648 ex
372 5596 419 5649 cd.
429 5598 495 5664 lleg.
504 5598 579 5648 lttt:
594 5598 784 5648 thsnrsn
793 5595 945 5648 mereare

975 340 1051 395 uobis
1063 339 1203 396 indicatur
1213 340 1340 409 mundus,
1356 341 1466 411 indigni
1483 344 1547 398 estis
1557 342 1727 413 judiciorum
1744 345 1825 399 mini·

976 444 1081 484 morurn
1105 427 1138 482 ¹?
1158 431 1272 486 Nescitis
1294 432 1360 499 quin
1383 433 1491 501 angelos
1508 431 1705 502 judicabimus,
1727 431 1828 488 nedum

975 519 1118 574 secularia
1131 522 1145 573 ?
1158 520 1308 576 secuturis
1326 521 1414 588 ipttur
1424 520 1572 591 judiciari
1586 522 1736 577 balanitis
1756 524 1828 577 inter

974 623 1030 676 vos,
1047 623 1090 664 cos
1106 611 1155 677 qui
1168 609 1379 680 contemptibiles
1397 615 1460 665 suut
1478 612 1508 664 in
1532 611 1662 678 Ecclesia,
1678 611 1725 667 tos
1742 610 1827 670 colloz

975 702 1032 753 crite
1047 697 1084 752 ad
1094 697 1276 767 judicandum
1288 701 1309 753 ¹.
1323 699 1370 755 ecl
1383 701 1560 754 reuerertiurn
1571 699 1646 754 robis
1661 700 1773 771 loquor:
1787 701 1827 755 sic

975 802 1028 842 non
1043 792 1083 842 est
1095 789 1166 842 inter
1177 802 1223 843 ros
1241 790 1386 859 quisquam
1400 790 1518 858 sapiens,
1532 790 1581 859 qut
1590 790 1676 859 possit
1686 791 1757 843 iuter
1768 790 1828 856 sra-

976 881 1044 932 trem
1062 891 1140 932 suum
1154 876 1332 946 dijudicare?
1343 877 1390 933 sed
1402 878 1492 944 freter
1510 893 1569 932 curn
1583 880 1672 945 fratre
1685 877 1827 948 dijudice-

976 971 1022 1020 tur
1036 970 1056 1035 ⁸‚
1072 970 1098 1021 ct
1112 968 1160 1021 lroc
1181 966 1257 1036 apud
1282 967 1402 1037 inltdeles
1419 967 1438 1035 [l
1454 967 1513 1024 Cor.
1528 983 1565 1029 rr,
1585 967 1640 1039 1-6)
1658 983 1666 1020 :
1689 966 1826 1038 interpel-

975 1057 1049 1111 latus
1064 1072 1132 1127 ergo
1146 1071 1163 1110 a
1178 1055 1357 1124 Christianis,
1373 1056 1416 1110 rel
1438 1071 1454 1110 a
1468 1056 1606 1127 cujusque
1630 1060 1714 1110 sectae
1733 1054 1826 1111 bomi-

975 1145 1071 1210 nibus,
1096 1161 1195 1199 causas
1221 1143 1355 1199 audiebat
1379 1143 1531 1217 diligenter
1553 1161 1585 1200 ac
1609 1145 1655 1215 pic
1677 1144 1826 1217 cujusdam

975 1235 1146 1290 sententiam
1162 1238 1228 1289 ante
1242 1233 1339 1289 oculos
1349 1233 1465 1299 habens,
1481 1233 1601 1290 dicentis
1612 1250 1641 1289 se
1652 1234 1738 1289 malle
1750 1233 1827 1289 inter

976 1323 1146 1395 incognitos,
1170 1338 1257 1394 quam
1285 1323 1360 1378 inter
1388 1322 1495 1378 amicos
1518 1339 1617 1378 causas
1638 1322 1739 1378 audire
1763 1339 1770 1378 :
1793 1339 1827 1378 eo

975 1413 1054 1484 quod
1066 1412 1101 1469 ds
1114 1411 1277 1486 incognitis,
1292 1429 1345 1483 pro
1360 1428 1418 1484 quo
1429 1412 1535 1467 arbitra
1550 1417 1560 1450 ⁴
1573 1410 1708 1484 acquitate
1720 1411 1828 1484 judicu-

977 1508 1067 1571 relur,
1084 1502 1208 1558 amicum
1220 1507 1318 1574 posset
1328 1501 1475 1574 acquirere
1485 1518 1492 1569 ;
1503 1501 1538 1556 de
1550 1501 1649 1556 amicis
1659 1516 1726 1556 vero
1737 1515 1828 1556 unum

975 1595 1057 1659 esset,
1074 1597 1172 1648 contre
1184 1608 1270 1664 quem
1286 1591 1428 1647 sententia
1445 1592 1632 1663 proterretur,
1652 1591 1826 1664 perditurus.

975 1683 1070 1738 Eleas
1088 1680 1242 1753 aliquando
1256 1678 1268 1714 ὅ
1283 1696 1374 1753 usque
1396 1680 1432 1735 ed
1459 1679 1561 1736 horam
1581 1679 1754 1748 relectionis,
1775 1679 1828 1736 ali-

975 1766 1091 1839 quando
1107 1771 1202 1821 antem
1216 1770 1275 1821 tota
1288 1765 1333 1822 die
1343 1766 1487 1837 jejunans,
1498 1783 1612 1838 semper
1621 1771 1717 1821 lamen
1728 1781 1828 1822 nosce·

975 1855 1024 1911 bet
1045 1861 1074 1910 et
1103 1854 1284 1911 dirimebat:
1309 1853 1461 1909 intendens
1482 1853 1512 1908 in
1536 1855 1577 1909 eis
1605 1853 1827 1909 christianorum

976 1949 1121 2001 momenta
1139 1943 1312 2008 animorum,
1336 1946 1476 2015 quantum
1502 1943 1623 2016 quisque
1646 1944 1688 1997 rel
1716 1943 1747 1998 in
1772 1942 1828 1999 lide

974 2033 1113 2106 bonisque
1134 2032 1263 2089 moribus
1288 2035 1299 2069 ⁸
1321 2031 1481 2104 proliceret,
1497 2033 1541 2088 rel
1555 2032 1591 2087 ab
1615 2031 1651 2087 iis
1672 2031 1824 2100 deficeret;

975 2130 1061 2196 alque
1075 2123 1228 2194 compertis
1243 2138 1338 2176 rerum
1353 2120 1626 2193 opportunitatibus,
1640 2121 1743 2178 divinae
1756 2120 1826 2192 legis

975 2211 1149 2270 veritatem’
1167 2217 1264 2283 partes
1285 2211 1415 2279 docebat,
1432 2226 1552 2282 eamque
1576 2211 1632 2265 illis
1654 2209 1824 2277 inculcabat,

976 2309 1004 2360 et
1016 2320 1063 2358 eas
1078 2319 1136 2374 quo
1152 2301 1376 2374 adipiscerentur
1396 2300 1484 2357 ritem
1499 2306 1635 2356 aeternam
1650 2299 1786 2356 edocebat
1799 2304 1828 2356 et

977 2392 1148 2449 admonebat
1171 2409 1177 2446 :
1200 2390 1272 2446 nilril
1296 2390 1375 2446 aliud
1398 2407 1530 2463 quaerens
1550 2389 1586 2445 ab
1607 2390 1642 2444 iis
1664 2389 1769 2462 quibus
1791 2389 1828 2445 ad

976 2484 1030 2540 hoc
1044 2483 1171 2549 vacabat,
1187 2480 1241 2536 nisi
1257 2485 1370 2535 lantum
1384 2479 1576 2535 obedientiam
1598 2484 1626 2534 et
1645 2478 1829 2534 devotionem

976 2573 1171 2638 christianam,
1188 2586 1252 2643 qum
1267 2574 1296 2624 et
1311 2570 1369 2624 lleo
1383 2569 1502 2624 debetur
1517 2573 1545 2623 et
1559 2567 1722 2623 homiuibus
1737 2585 1744 2623 ε
1760 2582 1827 2637 pec-

976 2665 1073 2718 cantes
1095 2675 1193 2716 coram
1218 2658 1354 2714 omuibus
1377 2673 1511 2729 arguens,
1527 2662 1559 2712 ul
1580 2656 1675 2712 caleri
1691 2657 1827 2712 timorem

976 2753 1115 2808 haberent
1136 2750 1160 2820 (l
1184 2751 1252 2805 Tim.
1275 2765 1302 2815 r,
1324 2747 1369 2819 20)
1393 2763 1400 2802 :
1424 2751 1453 2802 et
1471 2746 1590 2802 iaciebat
1612 2747 1667 2801 hoc
1689 2751 1827 2818 tanquam

977 2841 1166 2914 speculatore
1180 2837 1301 2893 llomino
1315 2835 1484 2891 constitutus
1498 2835 1596 2892 domui
1610 2837 1705 2902 lsrael,
1720 2835 1826 2906 praedi·

977 2948 1044 2987 cans
1066 2930 1185 2984 verbum
1208 2931 1294 2998 atque
1317 2926 1428 2980 instans
1452 2928 1623 2996 opportune,
1647 2924 1824 2995 importune,

978 3035 1112 3093 arguens,
1127 3018 1257 3084 hortans,
1277 3014 1439 3086 increpans,
1460 3012 1491 3068 in
1511 3013 1590 3068 omiti
1610 3012 1827 3084 longanimitate

980 3115 1009 3165 et
1032 3107 1161 3165 doctrina
1185 3105 1220 3178 (ll
1247 3107 1317 3160 Tim.
1340 3120 1378 3171 ιν,
1402 3104 1448 3172 t);
1482 3102 1683 3175 precipueque
1709 3117 1827 3174 operam

979 3200 1050 3255 dans
1069 3198 1211 3252 instruere
1226 3210 1274 3250 eos
1289 3192 1340 3265 qui
1361 3195 1456 3247 essent
1479 3191 1576 3249 idonei
1591 3196 1620 3247 et
1640 3191 1711 3247 alios
1725 3190 1829 3247 docere

980 3287 1056 3359 (ld).
1070 3287 1197 3357 Rogatus
1220 3299 1335 3355 quoque
1357 3281 1534 3337 anonnullis
1556 3281 1587 3336 iu
1607 3297 1708 3336 eorum
1722 3285 1830 3352 tempo-

980 3377 1087 3432 ralibus
1108 3374 1209 3440 causis,
1226 3373 1358 3445 epistolas
1372 3371 1407 3427 ad
1428 3370 1554 3426 diversos
1577 3369 1671 3426 dabat.
1685 3369 1742 3426 Sed
1755 3369 1829 3424 banc

980 3480 1061 3519 sunm
1074 3480 1091 3518 a
1106 3461 1273 3518 melioribus
1288 3461 1373 3514 rebus
1388 3458 1600 3529 occupationem
1615 3463 1762 3530 tamquam
1776 3475 1828 3514 au-

980 3552 1089 3624 gariam
1105 3549 1270 3621 deputabat,
1287 3562 1401 3602 suavem
1417 3561 1530 3618 semper
1543 3546 1651 3600 habens
1664 3545 1699 3601 de
1714 3545 1749 3601 iis
1762 3562 1828 3619 quea

982 3641 1032 3697 llei
1048 3644 1114 3695 sunt
1132 3639 1176 3693 rel
1192 3636 1394 3693 allocutionem
1408 3635 1453 3690 rel
1468 3634 1683 3691 collocutionem
1696 3635 1830 3692 fraternae

981 3749 1013 3787 ac
1027 3728 1190 3786 domestice
1209 3724 1422 3782 familiaritatis.

1050 3875 1162 3931 CAPUT
1182 3872 1234 3928 llll.
1255 3901 1289 3911 ·-
1304 3873 1356 3926 Pro
1369 3872 1424 3925 reis
1436 3870 1566 3941 quomodo
1580 3873 1768 3928 intercesserit.

1019 4000 1154 4058 Novimus
1176 4013 1290 4071 quoque
1313 4013 1378 4053 eum
1408 4014 1424 4052 a
1447 3996 1506 4052 suis
1528 3996 1701 4054 charissimis
1722 3998 1832 4056 littera·

983 4108 1047 4147 rum
1076 4090 1263 4145 intercessum
1295 4086 1369 4160 apud
1403 4085 1501 4142 saeculi
1525 4091 1677 4160 potestates
1704 4089 1832 4159 postula·

984 4186 1045 4237 tum
1068 4195 1125 4234 nou
1148 4177 1269 4244 dedisse,
1294 4174 1434 4231 dicentem
1456 4174 1603 4248 cujusdam
1624 4175 1760 4248 sepientis
1774 4192 1832 4232 ser·

984 4269 1104 4325 rendam
1119 4283 1180 4322 esse
1191 4265 1373 4332 sententiam,
1386 4266 1420 4321 de
1436 4281 1492 4336 quo
1506 4264 1641 4336 scriplum
1661 4269 1744 4329 esset,
1755 4265 1832 4338 quod

985 4358 1076 4415 multa
1098 4372 1156 4412 suae
1176 4354 1260 4410 femae
1279 4351 1518 4424 contemplatione
1541 4353 1639 4408 amicis
1653 4368 1712 4408 non
1727 4352 1836 4424 prasti-

986 4451 1088 4506 tisset:
1111 4452 1139 4502 et
1158 4445 1228 4502 illud
1249 4444 1437 4501 nihilominus
1460 4458 1545 4499 suum
1566 4442 1685 4513 addens,
1698 4443 1835 4516 quonlam

986 4540 1157 4612 plerumque
1172 4539 1297 4608 potestas
1311 4551 1376 4607 quei
1390 4535 1516 4605 praestat,
1532 4531 1638 4604 premit
1651 4531 1672 4587 ⁸.
1686 4533 1757 4590 Com
1769 4549 1836 4589 vero

1022 4660 1027 4689 ¹
1045 4655 1209 4707 rosensensis
1223 4654 1273 4704 tls.
1289 4651 1410 4705 :Judtclo
1421 4654 1565 4702 minorum.
1579 4678 1609 4688 -
1623 4649 1736 4712 Sallues,
1746 4665 1778 4701 ex
1789 4651 1836 4702 Cd-

988 4723 1051 4783 Reg.
1064 4720 1106 4769 bil
1118 4732 1124 4767 ε
1134 4716 1445 4790 commonicionem·
1458 4717 1484 4764 et
1493 4713 1551 4764 brec
1560 4717 1724 4777 sequuntur:
1734 4713 1840 4765 unctus

989 4779 1441 4894 rettulitretiulit.
1454 4774 1840 4902 ''t'‘ltltllttttllllll

1023 4921 1092 4957 acus
1105 4909 1194 4955 textus
1204 4901 1322 4966 Apostoli
1336 4901 1361 4952 id
1376 4900 1490 5012 prestere.
1500 4927 1530 4939 -
1541 4901 1646 4951 Eisdem
1656 4913 1736 4951 voces
1745 4899 1841 4952 desunt

990 4985 1018 5021 ru
1033 4969 1078 5018 cd.
1089 4969 1152 5031 Reg.
1171 4969 1238 5022 llil,
1251 4965 1329 5029 juxte
1343 4963 1375 5014 Se
1388 4963 1455 5013 inae.
1481 4965 1515 5014 lll.

1022 5034 1033 5069 t
1048 5033 1109 5083 tos.
1122 5027 1246 5078 :leucio
1258 5026 1402 5079 contendit.
1414 5025 1618 5083 summoned.
1629 5027 1692 5090 lleg.
1704 5026 1774 5083 1025,
1782 5023 1840 5076 loco

992 5094 1064 5145 socie
1076 5090 1242 5153 dijudtcctur
1255 5088 1320 5152 legit
1332 5089 1411 5140 etiem
1424 5089 1570 5140 contendit.

1024 5155 1126 5227 tEditi,
1141 5152 1293 5213 arbitrum
1308 5155 1409 5202 veteres
1423 5155 1511 5202 nutem
1525 5149 1601 5224 cdd„
1617 5149 1733 5202 crbttru.
1824 5207 1842 5261 d

994 5417 1143 5516 w'udttor
1156 5465 1238 5528 Lugd.
1254 5469 1281 5516 et
1293 5463 1405 5521 Salinas,
1420 5476 1453 5513 ex
1467 5462 1512 5512 cd.
1525 5462 1589 5522 Reg.
1606 5462 1660 5521 su,
1673 5461 1794 5513 umore.
1810 5460 1845 5511 ll.

1028 5531 1040 5566 ⁸
1056 5527 1167 5588 Salinas,
1182 5541 1215 5578 ss
1229 5540 1284 5579 uno
1298 5526 1344 5578 Cd.
1358 5528 1480 5579 Potestas
1489 5535 1546 5587 quer
1554 5525 1632 5587 petit,
1638 5524 1755 5598 prensll;
1768 5536 1802 5598 ⁰¹.
1811 5522 1848 5573 al·

997 5589 1249 5718 ῗοεεέἰὲίεέιῃὲιᾴἁοτ
1258 5591 1375 5703 {lofam
1390 5598 1448 5654 qun
1460 5588 1571 5653 murm,
1587 5585 1694 5652 prestun
1711 5584 1756 5637 sis
1767 5588 1847 5637 stram
