3884 6112
113 302 156 378 ‘is
792 316 976 371 rumurro
996 315 1202 371 canamus.
1845 320 1875 370 is

122 443 301 511 Parisiensis,
317 445 345 497 et
356 440 488 506 aliorum,
501 439 550 511 qui
564 439 691 511 primum
706 438 784 494 Sirio
797 438 830 505 V,
842 437 908 493 dein
923 438 1069 493 Clemente
1080 438 1151 503 lllll,
1165 437 1284 493 summis
1294 436 1492 501 Pontitlcihus,
1503 453 1607 492 noram
1620 440 1710 494 sancti
1721 440 1877 511 Augustini

123 529 399 589 commentationum
415 527 572 584 editionem
585 533 652 599 post
670 527 749 582 illam
764 526 967 582 Lovaniensem
982 526 1109 598 aggressi
1123 526 1245 596 inerant,
1260 526 1315 582 rati
1329 525 1437 582 scilicet
1450 527 1581 599 egregios
1597 543 1656 583 esse
1671 528 1822 584 vaticanos
1844 530 1878 585 li-

121 622 198 688 bros,
210 636 283 692 quos
297 617 484 674 Lovauienses
498 616 618 672 minime
633 615 846 681 consuluerant,
861 629 1057 686 magnumque
1071 631 1171 671 eorum
1184 631 1244 671 esse
1259 631 1424 684 numerum,
1438 616 1515 671 unde
1529 615 1615 671 variae
1627 617 1766 671 lectiones
1782 634 1878 672 excer-

122 709 410 784 perentur3pteraqae
418 710 491 770 item,
503 721 563 776 quae
572 708 602 760 ia
610 704 821 761 lovaniensibus
832 703 923 770 libris,
933 703 1107 772 quantumuis
1115 702 1260 768 accuratis,
1270 701 1471 768 desiderantur,
1482 700 1553 756 eade
1564 702 1618 756 hac
1628 701 1877 757 editiochm'stiaaae

123 799 252 855 doctrinar
266 796 476 851 luaemaltaturo
490 796 536 860 sit,
544 794 680 847 uchtrus
691 791 815 847 Moribus
825 791 922 846 scribit
933 792 962 847 in
971 790 1090 862 epistola
1098 789 1313 861 decimaquinta
1328 789 1544 846 odeardinalem
1553 791 1732 861 cajetanum,
1743 791 1876 862 qniprae-

123 888 199 945 dicto
218 885 336 942 consilio
361 882 519 955 plurimum
544 880 763 951 suffragabatur.
781 880 896 936 l'actum
919 886 961 935 est
977 897 983 935 :
1000 879 1095 936 collati
1110 883 1176 933 sunt
1198 878 1385 933 Loranienses
1404 878 1471 933 libri
1494 895 1560 934 cum
1574 877 1718 933 codicibus
1733 879 1877 933 Vaticanis

122 991 262 1050 perquam
277 971 496 1036 accuratissime,
514 974 541 1024 et
554 968 589 1024 ad
604 969 765 1041 marginem
780 968 918 1040 appositae
933 970 1074 1026 sanantes
1089 968 1224 1025 lectiones
1243 968 1279 1023 ad
1294 967 1449 1023 editionem
1464 968 1670 1033 adornandam,
1687 968 1732 1022 cui
1747 967 1877 1023 cardina·

122 1065 158 1120 lis
173 1065 290 1118 Verane
305 1059 377 1114 sacri
399 1057 518 1129 Collegii
541 1057 675 1129 princeps
698 1058 849 1129 praefectus
874 1057 939 1114 fuit.
956 1060 1061 1113 Verum
1084 1074 1149 1112 cum
1165 1073 1210 1111 res
1225 1057 1326 1112 ellectu
1341 1057 1487 1124 caruisset,
1504 1073 1605 1113 omnes
1624 1057 1682 1111 illae
1701 1057 1878 1111 variationes

119 1154 202 1225 jussu
217 1147 369 1204 Clementis
381 1147 402 1201 X
416 1145 589 1201 Pontiticisa
603 1145 660 1218 piae
675 1145 823 1201 memoriae
839 1146 982 1203 cardinale
997 1149 1075 1203 Boua
1094 1146 1244 1202 nobiscum
1259 1145 1476 1202 communicatae
1496 1150 1571 1214 suut,
1594 1145 1671 1201 otiis
1685 1162 1760 1202 nova
1775 1151 1877 1200 nostra

122 1239 246 1296 editione
260 1242 419 1292 uteremur.

158 1333 335 1407 comparatis
355 1332 452 1404 itaque
468 1347 531 1386 earn
546 1331 576 1385 in
591 1347 653 1386 rem
667 1331 711 1387 his
726 1336 754 1386 et
766 1331 830 1387 aliis
844 1333 1036 1406 undequaque
1049 1337 1179 1389 veterum
1194 1333 1324 1389 codicum
1347 1333 1493 1404 subsidiis,
1509 1349 1575 1389 cum
1591 1350 1606 1388 e
1620 1333 1738 1404 nostris,
1754 1337 1816 1388 tum
1841 1351 1876 1388 ox

121 1424 222 1480 alienis
236 1420 425 1487 bibliothecis,
441 1420 577 1475 continuo
593 1435 696 1475 manus
710 1420 791 1490 operi
801 1420 991 1490 admovimus,
1002 1422 1135 1479 adhibitis
1149 1423 1184 1478 ad
1198 1423 1385 1479 conterendos
1398 1423 1508 1478 codices
1520 1421 1652 1495 pluribus
1664 1421 1808 1478 sodalibus
1824 1440 1875 1478 no-

123 1509 197 1577 stris,
212 1525 268 1564 non
284 1510 377 1563 solum
389 1508 420 1562 iu
435 1508 526 1562 sancti
537 1507 669 1563 Germani
684 1507 846 1576 Parisicusi,
861 1509 911 1564 sed
927 1513 955 1564 et
968 1510 998 1565 in
1012 1511 1076 1566 aliis
1090 1511 1211 1566 aliarum
1225 1511 1436 1584 provinciarum
1447 1511 1681 1583 congregationis
1695 1516 1801 1567 nostrae
1816 1528 1878 1565 mo·

121 1600 268 1666 nasteriis;
285 1616 317 1654 ac
330 1597 447 1653 demum
462 1596 537 1652 intra
552 1597 653 1669 viginti
667 1597 780 1652 circiter
799 1613 939 1653 annorum
955 1599 1091 1671 spatium,
1106 1616 1163 1654 non
1178 1599 1238 1655 sinc
1254 1600 1351 1655 multis
1366 1601 1498 1673 expensis
1513 1605 1539 1655 et
1554 1600 1640 1665 euris,
1656 1606 1732 1655 certe
1749 1600 1877 1654 maximo

122 1706 188 1745 cum
203 1689 308 1755 labore,
322 1691 382 1742 tota
403 1687 465 1741 haec
483 1686 581 1756 editio,
599 1688 655 1741 Deo
676 1686 798 1752 invente,
815 1687 933 1741 omnino
956 1686 1087 1742 absoluta
1101 1691 1153 1747 est,
1169 1691 1197 1742 et
1210 1687 1246 1742 ah
1260 1687 1395 1744 omnihus
1410 1688 1490 1744 nullo
1514 1687 1683 1759 prejudicio
1697 1688 1817 1757 affectis,
1842 1705 1877 1742 eo

122 1779 225 1852 plausu
244 1795 277 1834 ac
292 1793 420 1833 successu
435 1781 558 1848 accepta,
574 1776 689 1847 qualem
704 1792 756 1830 nec
771 1791 886 1847 sperare
902 1781 1077 1848 poteramus.

158 1878 193 1932 Ut
204 1892 270 1930 uero
284 1891 389 1930 munus
402 1879 533 1928 nostrum
548 1873 745 1944 imploremus,
762 1878 791 1928 et
804 1873 927 1945 publice
942 1874 976 1929 de
985 1872 1069 1929 nohis
1083 1872 1286 1944 exspectationi
1295 1889 1348 1945 pro
1359 1873 1477 1929 modulo
1490 1874 1741 1945 responderemus,
1753 1875 1878 1944 quatuor

119 1964 266 2038 praecipua
279 1964 310 2018 iu
325 1967 424 2018 nostra
438 1962 565 2018 editione
579 1967 715 2033 prestare
730 1962 824 2017 conati
839 1978 937 2018 sumus
954 1979 961 2017 ε
978 1961 1110 2018 uidelicet
1121 1967 1154 2017 ut
1167 1961 1228 2016 haec
1239 1966 1371 2017 accurata
1381 1966 1465 2029 esset,
1477 1961 1639 2031 commoda,
1654 1960 1710 2016 rite
1724 1959 1876 2026 illustrata,

120 2052 264 2124 nullisque
279 2051 404 2122 partium
419 2050 519 2105 studiis
539 2050 659 2106 addicta.

158 2152 193 2206 Ut
206 2154 281 2205 esset
294 2164 382 2220 quam
397 2147 521 2202 maxime
536 2152 677 2214 accurata,
693 2151 751 2202 tres
763 2147 939 2204 conditiones
953 2147 1035 2218 nohis
1051 2149 1218 2204 necessarie
1232 2149 1300 2205 visae
1316 2155 1383 2206 sunt
1398 2171 1405 2206 :
1423 2165 1526 2221 nempe
1541 2153 1574 2205 ut
1587 2148 1733 2204 contextui
1747 2147 1875 2220 genuina

119 2238 270 2311 integritas
283 2239 318 2292 ad
333 2240 443 2292 veteres
466 2236 577 2292 codices
597 2241 624 2291 et
639 2236 808 2291 sinceriores
823 2236 963 2292 editiones
978 2237 1195 2305 restitueretur3
1209 2244 1242 2294 ut
1256 2244 1334 2294 certa
1348 2243 1376 2295 et
1390 2255 1528 2310 germana
1541 2237 1631 2293 sancti
1645 2237 1771 2293 Doctoris
1786 2253 1875 2308 opera

120 2329 338 2382 secernerentur
352 2341 369 2379 a
381 2323 476 2379 dubiis
503 2330 532 2379 et
552 2323 671 2396 spuriis;
688 2328 717 2380 et
731 2329 763 2379 ut
783 2324 870 2380 editio
894 2325 955 2397 ipsa
969 2341 987 2380 a
1000 2326 1215 2399 typographicis
1229 2327 1351 2398 mendis,
1367 2331 1506 2401 quantum
1522 2327 1553 2382 in
1568 2326 1651 2382 nobis
1666 2330 1749 2391 esset,
1774 2342 1876 2397 repur-

120 2414 334 2488 gataprodirei.

156 2514 193 2567 Ut
210 2528 277 2567 vero
291 2526 431 2583 perquam
446 2509 597 2566 commoda
609 2509 789 2579 redderetur,
802 2514 926 2582 quatuor
937 2509 1145 2582 potissimuma
1156 2513 1237 2568 nobis
1249 2518 1348 2567 curata
1361 2516 1428 2567 sunt
1442 2511 1597 2568 :nimirum
1612 2528 1732 2583 operum
1743 2511 1823 2577 ordo,
1835 2528 1876 2565 se

120 2600 239 2668 ctiones,
255 2598 421 2667 summaria,
435 2604 463 2654 et
475 2598 593 2655 indices.
609 2600 694 2667 Ordo,
710 2604 742 2655 ut
754 2599 913 2655 secundum
927 2604 1041 2670 tempus
1060 2616 1118 2673 quo
1133 2601 1248 2672 singula
1262 2616 1349 2672 opera
1361 2600 1397 2655 ab
1412 2601 1571 2672 Augustino
1592 2601 1698 2672 scripta
1716 2600 1807 2668 iuere,
1821 2599 1877 2654 dis-

120 2701 320 2770 ponerentur:
337 2711 394 2767 quo
414 2697 457 2763 tit,
473 2699 506 2751 ut
520 2696 609 2750 lector
622 2710 688 2750 cum
702 2693 863 2766 Augustino
888 2694 950 2767 ipso
976 2692 1083 2749 sensim
1095 2689 1298 2764 progrediatur
1315 2693 1343 2744 et
1356 2688 1497 2761 proficiat,
1513 2693 1541 2744 et
1555 2689 1684 2761 priorum
1699 2688 1824 2761 cognitio
1840 2689 1875 2743 ad

120 2785 279 2857 posteriora
296 2784 484 2855 intelligenda
497 2784 590 2839 lucem
605 2783 756 2855 praeterat3
773 2800 831 2856 quo
844 2783 879 2840 de
894 2783 995 2840 ordine
1013 2783 1099 2856 plura
1113 2779 1232 2835 inferius
1246 2777 1351 2833 dicturi
1365 2795 1475 2833 sumus.
1491 2777 1648 2844 Sectiones,
1664 2782 1697 2834 ut
1716 2795 1775 2832 nou
1787 2778 1874 2833 modo

122 2872 256 2946 capitulis
270 2877 398 2928 veterum
409 2871 579 2940 editionum,
594 2889 659 2944 qum
674 2872 794 2928 subinde
810 2872 966 2944 prolixiora
981 2877 1073 2940 erant,
1086 2868 1238 2941 cujuslibet
1252 2867 1347 2939 operis
1356 2871 1541 2922 contextuset
1553 2883 1656 2939 corpus
1669 2866 1873 2938 distinguatur;

121 2963 172 3018 sed
191 2962 278 3018 etiam
290 2961 351 3033 ipsa
366 2960 459 3032 capita
470 2961 500 3016 iu
513 2961 683 3017 minutiores
694 2961 857 3017 dividantur
870 2962 1020 3027 sectiones,
1030 2957 1186 3015 numericis
1200 2957 1348 3012 distinctas
1359 2957 1434 3011 notis
1447 2974 1453 3011 :
1469 2960 1531 3011 tum
1545 2962 1576 3012 nt
1586 2956 1710 3011 indicata
1724 2956 1876 3027 cujuslibet

120 3051 214 3125 operis
226 3051 351 3106 sectione
365 3049 476 3104 facilius
490 3050 653 3105 inveniatur
663 3049 806 3105 iudicatus
815 3051 894 3105 locus
911 3066 917 3105 :
931 3056 995 3105 turn
1009 3048 1095 3105 etiarn
1110 3052 1142 3102 ut
1155 3046 1186 3101 in
1201 3045 1324 3117 legendo
1334 3044 1380 3100 his
1393 3044 1483 3100 veluti
1496 3044 1652 3100 intervallis
1666 3048 1694 3100 et
1704 3044 1823 3099 morulis
1836 3045 1873 3098 le·

119 3140 205 3195 cteris
227 3139 337 3194 leretur
359 3138 441 3193 labor
455 3142 485 3192 et
498 3137 626 3193 attentio.
643 3138 684 3192 Ad
699 3138 761 3193 hec
777 3138 863 3193 etiam
876 3139 979 3209 juvant
1002 3135 1159 3194 summaria
1172 3150 1231 3190 nou
1247 3133 1332 3189 modo
1347 3137 1508 3199 contextus,
1522 3133 1556 3188 ad
1577 3132 1737 3204 marginem
1753 3131 1874 3202 singulis

119 3228 226 3301 passim
241 3226 413 3282 sectionibus
431 3226 573 3297 apposita,
588 3243 653 3297 quae
668 3243 810 3282 summam
830 3226 881 3293 rei,
897 3243 954 3298 qua
968 3227 1003 3282 de
1017 3225 1124 3299 agitur,
1138 3224 1236 3297 paucis
1250 3223 1421 3290 exhibeant;
1438 3222 1488 3278 sed
1502 3222 1589 3278 etiem
1602 3221 1735 3277 omnihus
1750 3221 1830 3275 libris
1845 3227 1873 3274 el

119 3317 264 3390 plerisque
278 3314 408 3387 capitulis
420 3315 577 3386 praemissa,
592 3332 657 3387 quae
672 3318 874 3387 argumentum
889 3315 1027 3387 cujusque
1043 3313 1109 3370 libri
1123 3317 1152 3367 at
1166 3311 1283 3385 capituli
1295 3311 1417 3366 breviter
1431 3311 1584 3383 explicant.
1598 3312 1649 3367 llla
1663 3327 1729 3364 vero
1745 3327 1870 3364 summa·

119 3406 162 3461 ria
176 3405 346 3478 marginalia
361 3421 395 3460 ex
408 3403 477 3477 ipsis
492 3408 638 3459 contextus
651 3403 756 3471 verbis,
773 3404 867 3477 quoad
882 3404 945 3475 ejus
960 3401 1023 3457 lieri
1040 3399 1146 3473 potuit,
1162 3398 1362 3472 expressimus,
1381 3399 1422 3452 vel
1437 3398 1499 3470 ipsa
1514 3397 1734 3454 Levaniensium
1749 3414 1872 3452 summa-

119 3493 163 3549 ria
178 3492 359 3548 retinuimus.

153 3591 196 3646 Ad
210 3590 322 3646 lodices
336 3591 411 3663 qnod
422 3589 534 3657 attinet,
548 3606 670 3662 quorum
682 3590 832 3646 commoda
845 3593 873 3645 et
886 3589 1024 3645 utilitates
1036 3602 1123 3641 nemo
1138 3602 1194 3642 non
1208 3586 1294 3653 novit,
1307 3602 1365 3642 non
1379 3589 1490 3641 tantum
1501 3583 1628 3656 singulos
1644 3582 1764 3655 singulis
1774 3583 1870 3646 tomis,

118 3679 279 3751 etquidem
297 3678 466 3744 uberrimos,
483 3677 623 3749 subjicere
637 3678 799 3732 curarimus
811 3695 818 3743 ;
832 3692 931 3732 verum
947 3674 1034 3731 etiam
1053 3677 1204 3747 generales
1219 3692 1270 3730 seu
1282 3674 1459 3730 universales
1474 3673 1504 3729 in
1519 3672 1673 3745 posteriori
1694 3673 1781 3727 hoece
1796 3673 1872 3726 uoln-

118 3763 197 3819 mine
211 3762 418 3833 contexuimus,
437 3767 470 3817 ut
484 3778 541 3817 uno
559 3768 713 3834 conspectu
725 3767 785 3817 tota
800 3762 953 3834 Augustini
968 3764 1097 3820 doctrina
1112 3765 1146 3820 de
1161 3764 1263 3837 quovis
1277 3769 1449 3836 argumento
1464 3762 1576 3818 facilius
1589 3761 1720 3834 indagari
1735 3761 1835 3833 possit.

153 3859 235 3926 Quod
249 3859 352 3915 attinet
364 3860 401 3916 ad
413 3859 543 3915 ordinem
560 3859 668 3916 anobis
682 3858 712 3914 in
728 3860 780 3914 hac
795 3858 919 3915 editione
934 3859 1108 3928 institutum,
1120 3862 1181 3934 ej'us
1192 3861 1332 3918 rationem
1344 3860 1464 3916 reddere
1479 3877 1538 3915 non
1553 3860 1707 3916 admodum
1718 3875 1871 3931 operosum

56 3980 60 3988 ·
118 3949 213 4005 fuerit.
232 3950 303 4005 Nam
317 3948 405 4003 totius
419 3947 496 4003 illius
509 3948 618 4005 ordinis
632 3954 716 4005 tenor
732 3947 804 4004 adeo
815 3949 954 4003 naturalis
966 3955 995 4005 et
1007 3949 1151 4022 genuinus
1162 3951 1284 4020 videtur,
1296 3955 1330 4004 nt
1340 3949 1462 4005 sufficiat
1472 3949 1506 4005 ad
1522 3965 1589 4004 eum
1601 3947 1782 4020 probandum
1794 3947 1871 4001 nuda

118 4039 179 4111 ejus
193 4037 341 4110 expositio.
553 4041 556 4047 '
1072 4097 1087 4119 ο

153 4137 184 4191 la
197 4135 290 4208 primo
300 4139 390 4202 tomo,
402 4134 558 4206 praemissis
573 4135 684 4191 duobus
696 4133 936 4191 ltctrectationum
950 4135 1030 4191 libris
1044 4141 1072 4192 et
1083 4137 1219 4193 tredecim
1231 4135 1312 4192 libris
1323 4136 1548 4203 confessionum,
1557 4151 1622 4208 quae
1633 4134 1869 4206 subsequentium

17 4225 20 4230 ’
116 4240 238 4297 operum
251 4225 340 4280 veluti
353 4223 493 4296 preludia
515 4229 592 4287 suut,
609 4224 822 4296 subsequuntur
836 4239 870 4278 ea
885 4224 1037 4296 Opuscula,
1057 4241 1121 4297 quae
1136 4224 1329 4280 sanctissimus
1344 4225 1448 4280 Doctor
1462 4224 1554 4280 adhuc
1568 4225 1800 4293 catechumenus,
1821 4226 1870 4276 ant

116 4313 246 4369 nondum
260 4312 409 4384 presbyter
423 4311 609 4367 elucubravit.

151 4410 311 4467 Succedunt
325 4409 355 4465 in
370 4409 495 4465 secundo
509 4412 588 4464 tomo
603 4409 747 4480 Epistola,
764 4426 885 4465 numero
900 4410 1031 4466 ducentae
1054 4409 1245 4482 septuaginta,
1262 4411 1419 4467 secundum
1432 4410 1564 4467 ordinem
1578 4414 1752 4482 temporam,
1774 4408 1867 4479 quoad

115 4499 177 4556 tleri
191 4498 282 4564 licuit,
299 4497 453 4570 dispositae,
468 4501 498 4553 et
511 4496 541 4552 in
555 4503 680 4570 quatuor
694 4497 852 4555 distributae
875 4499 988 4555 classes.
1004 4501 1037 4554 ln
1051 4499 1145 4571 prima
1170 4504 1349 4571 reponuntur
1369 4499 1427 4555 illes
1442 4499 1580 4572 epistole,
1604 4516 1675 4571 quas
1688 4498 1868 4568 angustinus

115 4589 242 4644 nondum
259 4585 406 4658 episcopus
420 4586 532 4658 scripsit
546 4607 553 4643 :
569 4587 601 4642 iu
614 4587 749 4649 secunda,
765 4605 836 4660 quas
855 4588 916 4660 jam
936 4588 1098 4660 episcopus,
1114 4595 1180 4644 ante
1195 4589 1383 4645 collationem
1397 4589 1648 4661 Carthaginensem
1663 4590 1691 4640 et
1706 4590 1771 4640 ante
1787 4585 1868 4640 dete·

114 4681 189 4732 ctam
203 4676 234 4730 iu
248 4673 342 4730 Africa
356 4675 465 4747 Pelagii
478 4675 612 4731 heresim
628 4676 744 4732 dictavit
755 4692 762 4731 :
774 4677 804 4732 in
816 4677 911 4743 tertia,
928 4693 993 4748 quae
1003 4677 1038 4732 ah
1047 4681 1218 4749 cotempore
1232 4677 1267 4733 ad
1281 4677 1371 4749 ipsius
1382 4677 1493 4734 obitum
1503 4676 1615 4747 scriptrc
1628 4678 1695 4728 sunt
1706 4690 1713 4727 :
1723 4671 1753 4727 in
1765 4677 1869 4744 quarta

114 4762 250 4834 denique,
260 4778 383 4833 quarum
393 4765 507 4832 tempus
517 4763 614 4820 minus
622 4767 800 4835 compertum
811 4768 862 4821 est.
874 4764 931 4820 Cur
939 4770 1036 4821 autem
1045 4770 1189 4837 receptum
1200 4766 1523 4838 Epistolarumordinera
1535 4762 1753 4829 mutaverimus,
1762 4762 1869 4832 quidue

113 4851 144 4907 in
158 4851 340 4907 commodum
355 4852 492 4906 lectorum
507 4868 524 4906 a
538 4853 620 4909 nobis
632 4854 688 4909 huc
699 4853 859 4925 praestitum
872 4853 919 4924 sit,
935 4855 1019 4910 docet
1032 4853 1122 4926 ipsius
1134 4855 1204 4909 tomi
1216 4854 1369 4924 peculiaris
1388 4852 1532 4909 Praelatio.

149 4950 182 5006 ln
200 4948 285 5004 tertio
315 4953 394 5004 tomo
419 4948 602 5006 continentur
628 4951 770 5023 Opuscula
785 4951 941 5023 exegetica,
956 4952 1112 5008 secundum
1140 4948 1353 5021 Scripturarum
1372 4949 1502 5006 ordinem
1527 4946 1679 5016 disposita,
1694 4947 1822 5019 proetixis
1837 4947 1868 5002 in

112 5037 174 5112 ipso
188 5037 259 5094 tomi
274 5037 374 5094 limine
384 5042 508 5111 quatuor
520 5038 600 5095 libris
614 5040 649 5096 de
664 5039 800 5097 Doctrina
813 5039 983 5109 Christiana,
999 5056 1072 5112 quos
1086 5040 1326 5112 subsequentium
1340 5038 1552 5112 opusculorum
1571 5038 1790 5094 fundamentum
1806 5054 1867 5093 esse

111 5142 198 5183 nemo
218 5126 319 5183 nescit.

146 5225 270 5296 ltejectar
282 5228 348 5279 suut
362 5224 392 5278 in
406 5228 519 5281 tomum
533 5230 667 5298 quartum
683 5227 882 5284 Enarrationes
892 5227 922 5283 ia
937 5228 1075 5284 Psalmos.

145 5323 177 5377 ln
191 5328 270 5380 tomo
284 5323 385 5398 quinto
399 5323 543 5379 habentur
557 5324 708 5380 Sermones
720 5326 755 5381 ad
770 5327 922 5398 populum,
938 5325 969 5381 in
984 5332 1107 5399 quatuor
1123 5325 1223 5382 tributi
1238 5328 1349 5388 classes,
1364 5324 1503 5384 nimirum
1519 5326 1548 5380 in
1563 5325 1714 5380 Sermones
1736 5322 1769 5378 de
1791 5321 1865 5377 Scri-

110 5409 201 5483 pturis
218 5413 323 5468 Veteris
335 5416 365 5469 et
382 5411 454 5468 Novi
468 5413 652 5483 Testamenti,
663 5412 693 5467 in
707 5414 859 5470 Sermones
871 5415 906 5469 de
920 5416 1071 5484 Tempore,
1085 5414 1121 5470 de
1135 5413 1245 5468 Sanctis
1259 5418 1288 5468 et
1301 5413 1336 5470 de
1352 5412 1473 5470 Diversis
1485 5429 1495 5469 :⁴
1505 5411 1609 5484 quibus
1620 5409 1651 5464 in
1664 5409 1765 5481 quinta
1776 5410 1864 5464 classe

108 5500 259 5556 Sermones
272 5501 352 5557 dubii
365 5501 514 5558 accedunt.

142 5596 246 5652 'lomus
259 5596 358 5653 Sextus
372 5599 464 5670 Opera
477 5596 597 5654 moralia
611 5598 830 5669 comprehendit
844 5615 909 5656 cum
924 5600 1034 5672 aliquot
1046 5599 1243 5666 Quaestionum
1256 5597 1348 5657 libris.
