3884 6112
90 232 158 286 iiia
748 219 930 277 eaircieii
951 216 1186 278 sueconicus,
1797 223 1827 275 ,a

89 343 945 426 questionesfiant,perindeatqueexconjunetionelittera-
998 343 1084 407 cium,
1109 339 1176 394 feeit
1198 337 1397 423 questionem,
1429 336 1524 463 quod
1556 336 1764 391 controversia
1784 355 1828 409 gin

88 441 165 489 rum,
183 422 301 480 nomina
316 427 344 475 et
363 419 449 473 verba
463 417 526 471 lieri
540 416 681 471 videmus.
696 416 751 471 Sed
766 415 824 470 sire
836 415 945 478 στοιχεῖα
998 415 1187 483 Hermagoras
1201 411 1337 458 ασύστιτον
1352 412 1441 487 appel
1457 415 1505 471 at,
1541 412 1723 462 nostrorum
1745 414 1829 479 panea

91 495 150 551 sire
166 494 238 559 μόρια
262 493 366 548 rectius
388 491 531 558 dicantur,
555 504 608 542 nos
627 487 732 542 omissa
751 485 945 541 controversia
997 483 1230 556 preliensionem,
1256 482 1385 552 plerique
1422 480 1678 536 translationem
1708 496 1829 541 cocenim

90 563 431 637 nominis,quaesintipsa
448 561 586 615 dieamus.
599 559 672 614 Sunt
686 559 774 630 igitur
783 558 852 621 base,
885 556 939 622 uis,
998 556 1111 627 utrique
1125 570 1192 609 sane
1207 554 1347 607 rationem
1358 553 1464 609 secuti.
1481 551 1551 617 Qui
1567 551 1830 632 reprehensionem

90 573 940 710 qnid,quando,nbi,eur‚quemadmodum,quibusagmi·
997 632 1110 694 xerunt,
1127 643 1160 680 eo
1174 625 1291 690 scilieet,
1311 626 1388 695 quod
1419 641 1496 679 cum
1522 638 1669 678 maxime
1693 623 1830 683 induntur

89 708 206 764 nieulis:
220 723 291 779 quas
305 704 393 761 Graeci
404 703 566 766 περιστάσεως
580 699 690 764 ἀφορμὰς
702 706 813 755 vocant.
832 701 941 754 Horum
993 698 1147 770 judicium,
1162 712 1246 750 causa
1264 697 1511 766 reprehenditur,
1533 706 1568 749 et
1595 695 1687 766 qnasi
1714 698 1830 753 retraHm

90 784 186 835 autem
201 777 343 844 omnium,
359 779 408 830 aut
424 774 572 830 rationalis
586 773 777 844 plurimorum
788 785 941 841 congrega·
997 770 1047 842 qui
1062 768 1290 834 translationem,
1307 768 1383 838 quod
1400 784 1473 822 reiis
1493 781 1568 821 non
1601 765 1730 820 omnino
1756 770 1831 826 exilib

89 851 131 906 tio
145 849 252 905 conflat
265 847 464 920 questionem,
478 851 528 900 aut
542 844 651 915 legalis.
667 843 721 899 Sed
731 843 869 897 nimirum
880 841 939 895 sin·
997 841 1151 904 actionem,
1167 839 1217 893 sed
1231 839 1261 892 in
1276 844 1454 908 presentem
1472 837 1701 893 conditionem
1712 839 1831 897 sebenia

89 922 223 993 gulorum
235 919 397 991 proprietas
410 916 594 988 exprimenda
608 920 661 970 est.
673 913 752 981 Quis,
773 913 939 984 significan·
997 916 1085 978 auset,
1100 910 1130 964 in
1146 910 1225 964 aliud
1240 925 1331 977 genus
1352 910 1462 982 judicii
1492 909 1684 979 transferat,
1700 911 1743 964 rel
1754 909 1831 969 balbi

88 993 159 1048 tiam
170 991 413 1062 habetpersonae,
451 1004 494 1042 nae
505 989 649 1057 spectatur
663 985 775 1040 duobus
786 985 890 1049 modis,
906 998 940 1036 ex
993 983 1066 1055 jam,
1083 981 1278 1035 velfuturnm.

89 1063 205 1118 nomine
229 1061 419 1133 etqualitate.
493 1058 620 1122 nomine,
644 1056 823 1111 Haemode:
849 1053 942 1119 Quis?
1033 1052 1146 1109 caeti
1161 1051 1205 1106 Vl.
1222 1055 1442 1120 —Deqnataor
1458 1050 1689 1123 quaestionibus
1709 1053 1815 1122 opaea
1855 1104 1858 1123 .

90 1134 236 1190 Camillus.
259 1133 288 1188 C.
315 1131 428 1197 Herios,
456 1131 486 1186 l..
511 1130 598 1184 Sulla.
617 1129 654 1184 Ex
670 1128 822 1199 qualitate:
849 1123 941 1192 Quis?
1032 1125 1104 1179 Sunt
1119 1123 1189 1177 item
1204 1122 1269 1176 aliie.
1285 1122 1462 1193 quaestiones
1481 1128 1644 1195 quatuor,
1672 1139 1743 1193 quas
1754 1124 1832 1181 imaue
1856 1184 1860 1197 ,

90 1204 178 1272 dives,
194 1219 315 1276 pauper,
328 1202 498 1273 imperator.
520 1202 565 1254 Est
575 1204 672 1253 autem
687 1199 804 1252 delinita
814 1196 942 1251 innomi-

91 1276 186 1343 nibus,
201 1275 315 1330 infinita
329 1273 358 1327 in
371 1271 557 1343 qualitatibus
568 1285 757 1340 personarum
772 1268 939 1338 perspectio,

91 1348 206 1419 quando
221 1347 251 1400 in
276 1344 498 1417 appellationem
522 1342 594 1395 nihil
608 1347 713 1411 preter
726 1354 833 1394 nomen
848 1338 939 1405 eadit;

91 1418 121 1472 in
136 1417 302 1489 qualitatem
318 1420 346 1468 et
360 1414 486 1480 fortuna,
497 1417 525 1465 et
540 1417 619 1477 intas,
632 1417 661 1464 et
673 1410 810 1478 conditio,
827 1408 941 1463 etdisci·

91 1488 182 1559 plina,
199 1493 228 1540 et
236 1491 339 1540 caetera
353 1499 417 1555 quie
432 1487 499 1536 suat
518 1481 630 1535 infinita
651 1497 783 1535 numero.
806 1479 879 1544 Quid
899 1479 940 1531 si·

90 1557 288 1630 gnificantiam
301 1555 386 1609 babet
395 1553 447 1621 rei,
464 1568 528 1623 quoe
544 1552 616 1606 facta
626 1553 662 1606 ab
675 1552 782 1622 atiquo,
796 1552 839 1604 vel
854 1550 939 1617 dicta,

90 1629 134 1683 vel
150 1628 281 1697 cogitata,
294 1625 367 1690 lieri,
377 1625 443 1689 dici,
459 1623 589 1694 eogitari,
600 1623 728 1677 futurum
737 1638 809 1689 esse,
820 1621 939 1684 dictum,

90 1698 245 1769 cogitatum
257 1697 292 1751 iri
307 1696 444 1763 rideatur,
459 1694 536 1747 bona
547 1694 590 1747 vel
603 1694 688 1757 mala,
702 1694 822 1747 honesta
836 1693 878 1745 vel
895 1692 940 1746 in·

89 1770 216 1833 honesta,
227 1769 305 1838 justa
316 1768 358 1819 iel
373 1766 490 1836 injusta,
505 1765 584 1819 utilis
599 1764 642 1818 vel
657 1771 764 1826 contra,
782 1763 941 1818 necessaria

91 1841 134 1895 vel
149 1855 248 1910 parva,
264 1853 367 1907 magna
377 1838 420 1891 rel
433 1835 699 1906 paramusitatavel
711 1851 792 1888 nova.
808 1834 940 1900 Quando,

89 1910 228 1982 temporis
238 1907 475 1979 significationem
490 1907 592 1972 habet;
609 1906 686 1960 velut
700 1905 824 1960 interdiu
841 1922 873 1959 ac
887 1920 940 1960 no·

90 1985 147 2049 ctu,
158 1997 285 2035 saeroan
300 1979 329 2033 in
343 1979 501 2047 irreligioso
513 1977 559 2032 die
572 1994 578 2031 :
591 1978 677 2031 etiem
688 1993 722 2031 ex
737 1976 940 2048 accidentibus,

89 2068 155 2125 que
168 2050 315 2106 interdum
327 2051 397 2105 dant
414 2049 537 2119 tempori
562 2064 642 2102 suam
664 2047 840 2120 qualitatem,
864 2047 942 2103 reliit

89 2123 194 2178 inbelli
204 2121 325 2193 napaeis
337 2126 479 2191 tempore,
491 2121 522 2173 iu
531 2119 670 2173 seditione
685 2134 721 2172 an
737 2119 766 2173 iii
777 2118 939 2187 eoncordia,

89 2193 119 2249 in
134 2194 265 2248 libertate
280 2208 317 2246 an
328 2191 360 2245 iu
373 2191 587 2256 dominatione;
608 2196 637 2244 et
651 2190 674 2243 si
690 2205 746 2270 qua
760 2191 789 2243 in
806 2189 941 2244 eumdem

90 2263 210 2320 medum
224 2263 325 2317 cadere
341 2267 470 2333 possunt.
488 2261 550 2323 Ubi,
568 2261 622 2314 loei
637 2261 874 2332 significationem
889 2261 940 2314 ha·

90 2334 140 2390 bet
151 2352 158 2403 ;
173 2334 260 2388 veluti
271 2335 301 2387 iu
313 2333 425 2387 civitate
439 2348 475 2385 an
484 2336 574 2396 extra,
584 2332 614 2385 in
624 2347 703 2385 sacro
713 2331 776 2386 loco
791 2347 828 2385 an
839 2331 868 2385 in
876 2347 941 2402 pro-

91 2405 168 2472 fano,
184 2405 214 2459 in
227 2405 301 2458 mari
319 2419 356 2456 an
375 2402 405 2456 iii
431 2406 516 2456 terra.
538 2404 603 2468 Cur,
620 2401 763 2472 signifieat
776 2418 890 2456 causam
903 2403 941 2456 fa·

90 2475 196 2544 ciendi,
211 2476 254 2528 vel
269 2472 391 2536 dicendi,
403 2473 446 2525 iel
460 2472 615 2540 cogitandi,
627 2489 672 2526 res
685 2472 800 2543 (utmea
809 2474 864 2527 fert
875 2473 939 2544 opi-

90 2547 150 2618 nio)
166 2546 202 2600 ad
212 2543 441 2600 constituendam
453 2544 641 2614 questionem
654 2543 683 2596 in
698 2544 798 2614 primis
811 2560 941 2597 neeessa-

90 2616 142 2672 ria.
158 2615 405 2681 Quemadmodum
421 2614 660 2695 significationem
672 2614 759 2668 habet
769 2631 800 2668 ex
814 2614 940 2676 facti,vel

90 2688 169 2759 quod
183 2688 241 2754 liat,
257 2687 422 2741 futurumve
433 2691 469 2739 sit
482 2684 724 2740 demonstratione
736 2702 743 2752 ;
753 2686 841 2740 veluti
855 2688 938 2741 clam.

89 2760 196 2831 palam,
212 2773 264 2829 per
279 2757 346 2823 iim,
360 2772 412 2827 per
425 2755 537 2821 dolum;
556 2761 584 2809 et
597 2756 621 2810 si
631 2772 687 2828 qua
700 2761 766 2812 sunt
779 2756 894 2823 similia,
910 2758 941 2812 in

90 2829 226 2885 eumdem
246 2829 366 2883 modum
382 2827 496 2882 cadunt.
512 2828 632 2891 Artemi·
649 2843 720 2896 quas
746 2844 797 2882 iios
820 2828 942 2883 admini-

90 2901 154 2956 cula
169 2900 301 2965 dicimus,
318 2898 594 2954 demonstrationem
609 2898 715 2953 habent
729 2914 827 2953 earum
845 2915 941 2954 rerum

90 2987 142 3044 per
155 2988 226 3043 quas
239 2971 345 3025 factum
362 2986 423 3024 esse
438 2968 549 3041 aliquid
563 2969 691 3036 dieatur;
707 2974 739 3024 ut
752 2976 795 3024 est
809 2971 939 3041 laqueus,

90 3042 213 3115 gladius,
242 3057 396 3104 venenum,
423 3040 537 3103 littera,
563 3039 769 3106 internuntius,
792 3042 939 3109 mandata,

91 3130 199 3179 servus,
215 3113 355 3178 conscius,
371 3111 498 3165 sicarius.
515 3112 623 3165 Horum
639 3112 837 3178 articulomm,
851 3115 939 3166 iitsa-

91 3199 144 3256 pra
163 3183 233 3249 dixi,
246 3188 296 3237 aut
310 3182 440 3236 omnium
456 3185 506 3235 ant
520 3181 712 3252 plurimomm
732 3182 885 3237 rationales
896 3182 941 3237 in·

92 3270 192 3309 aursus
207 3254 310 3308 facient
326 3252 438 3306 civilem
454 3253 657 3323 questionem.

92 3326 206 3382 CAPUT
216 3327 246 3380 V.
258 3324 461 3391 -Quaestianes
472 3325 620 3377 rationales
632 3326 701 3392 punt
711 3328 830 3392 quatuor
842 3324 939 3380 modis.

128 3396 292 3453 Hationales
302 3394 476 3466 questiones
490 3409 560 3465 quas
576 3396 766 3465 Hermagoras
779 3393 878 3457 lariti<
895 3412 941 3451 vo·

17 3474 26 3493 ·
89 3472 152 3524 cat:
169 3467 271 3523 metius
284 3467 361 3521 enim
376 3472 445 3537 puto
461 3465 553 3519 sieeas
567 3465 764 3536 cognominari
778 3481 865 3546 quam
879 3483 941 3521 ver·

88 3539 168 3595 bales
185 3536 453 3608 mutabilitatum
470 3552 503 3590 ex
518 3536 606 3602 verbi,
623 3536 672 3591 sed
692 3537 812 3590 rationis
828 3537 941 3608 signiti-

89 3610 200 3665 catione
215 3610 366 3681 appellatas
377 3611 443 3662 sunt
458 3606 628 3673 ateebnicis,
646 3623 710 3661 eum
725 3607 854 3679 alioquin
869 3607 940 3670 λόγος

88 3680 235 3737 interdum
244 3681 363 3734 verbum
374 3679 525 3749 significet,
535 3678 681 3733 interdum
687 3677 826 3733 rationem
837 3679 941 3751 :igitur

89 3751 253 3814 rationales,
262 3748 423 3813 aiveinana
437 3749 694 3831 qiioestienesllunt
703 3749 795 3804 modis
805 3757 939 3821 quatuor.

90 3823 148 3877 Hoc
163 3821 277 3876 enimin
293 3821 350 3875 illis
365 3827 515 3890 quaeritur,
532 3836 568 3874 an
583 3820 628 3881 sit,
644 3820 714 3891 quid
730 3821 775 3886 sit,
792 3822 876 3892 quale
892 3822 938 3889 sit,

89 3908 127 3947 an
145 3891 242 3946 induci
258 3891 287 3944 iu
306 3890 449 3961 judicium
466 3889 576 3943 debeat.
600 3890 652 3944 Ubi
668 3889 808 3960 qiiaiiiur
835 3908 871 3945 eu
891 3893 938 3960 sit,

90 3978 181 4032 genus
206 3961 234 4016 id
251 3960 416 4032 quaestionis
431 3961 619 4028 Hermagoras
634 3960 760 4024 σοχασμὸν
773 3967 869 4016 vocat:
887 3980 940 4017 nos

88 4034 281 4104 conjecturam
304 4047 455 4103 pessumas
482 4031 585 4084 dicere.
612 4031 680 4085 ltem
706 4031 941 4097 Tlieodorusmpt

87 4106 132 4163 τῆς
146 4103 237 4166 obser.
255 4104 284 4158 id
300 4108 341 4157 est
357 4103 392 4157 de
406 4101 573 4157 substantia.
591 4102 666 4156 Nihil
682 4102 759 4156 enim
771 4103 878 4157 factum
898 4105 940 4157 ii-

89 4175 151 4230 deri
174 4180 277 4247 potest,
293 4174 371 4245 quod
389 4190 447 4228 non
462 4172 594 4227 habuerit
623 4174 820 4240 substantiam,
847 4190 940 4246 neque

88 4246 228 4313 futurum,
244 4246 321 4318 quod
332 4261 389 4300 non
406 4244 569 4299 habiturum
590 4243 626 4298 sit
653 4245 852 4301 substantiam.
872 4246 940 4312 Qui·

88 4315 154 4372 dam
168 4318 223 4373 hoc
238 4333 329 4388 genus
343 4315 511 4388 questionis
524 4330 556 4369 ex
573 4330 617 4380 eo,
631 4316 708 4386 qiiod
723 4331 776 4386 per
790 4318 818 4371 id
837 4317 941 4389 quieri-

88 4391 147 4456 tur,
162 4404 200 4443 an
215 4388 251 4443 sit
266 4392 447 4443 vocaverunt.
464 4387 559 4441 Altera
574 4386 721 4440 rationalis
742 4392 785 4441 est
807 4389 938 4459 quaestio,

88 4460 393 4585 satietati
410 4458 617 4600 m..
630 4457 939 4599 illittl‘ttltif

162 4566 167 4589 t
210 4567 216 4590 t
598 4570 604 4594 1
756 4569 763 4594 5

88 4601 231 4667 nonnulli,
246 4601 281 4655 de
296 4600 397 4655 eodem
419 4605 448 4654 et
462 4601 562 4664 altero,
578 4599 686 4662 περὶτοῦ
698 4597 773 4646 αὐτοῦ
787 4600 829 4646 καὶ
845 4573 938 4665 triesas

87 4670 212 4725 Tertiam
233 4671 400 4725 rationalem
417 4671 606 4741 questionem
621 4685 679 4725 uno
706 4671 822 4726 nomine
841 4689 940 4728 omnes

88 4740 256 4814 qualitatem
271 4746 381 4796 vocant.
398 4743 437 4796 lle
456 4747 567 4813 quarta,
593 4758 697 4813 magna
716 4743 861 4797 contentio
885 4749 938 4810 est,

88 4828 176 4885 qnam
190 4827 277 4883 supra
291 4812 325 4866 de
340 4812 500 4868 inducendo
512 4812 621 4883 judicio
648 4812 783 4869 diximus.
806 4814 939 4886 Plerique

89 4884 168 4939 enim
184 4886 291 4954 negant
306 4898 366 4936 esse
376 4899 450 4949 eam,
462 4884 577 4955 quando
591 4883 622 4937 id
632 4888 728 4954 agant,
745 4901 780 4940 ue
794 4888 939 4957 respossit

87 4955 186 5010 venire
200 4955 232 5009 in
250 4952 469 5025 questionibus.
485 4953 539 5010 Sed
553 4955 740 5010 interamnae
756 4957 939 5028 Hermagora

87 5026 226 5096 precellit
241 5023 405 5090 auctoritas,
424 5024 474 5094 qni
502 5029 531 5079 et
555 5025 742 5096 questionem
757 5033 848 5098 putat,
865 5029 938 5084 etin

108 5097 188 5152 rimis
202 5094 403 5163 necessariam,
419 5099 448 5148 et
456 5095 559 5164 agitari
574 5097 604 5150 ia
619 5096 681 5151 foro
697 5099 830 5163 multum,
847 5105 875 5154 et
887 5100 937 5154 ad·

109 5167 244 5223 ‘bendum
267 5166 355 5222 etiam
371 5165 401 5220 iri
415 5165 521 5219 <eteris
533 5168 645 5222 statutis
657 5169 750 5239 primo
764 5170 860 5225 statim
874 5187 939 5226 eon·

87 5253 197 5309 gressu,
213 5239 237 5294 si
252 5254 345 5294 causae
356 5235 482 5292 conditio
497 5236 632 5307 patiatur.
651 5239 725 5294 Nihil
740 5241 817 5295 enim
833 5247 938 5297 statuto

51 5366 57 5379 χ
85 5313 146 5364 tam
155 5309 291 5365 interesse
300 5324 400 5363 eorum
411 5306 660 5379 quibusjudieium
669 5310 838 5380 intenditur,
849 5330 937 5384 quam

86 5378 230 5435 declinare
242 5380 490 5452 judicium.Porro
504 5377 596 5448 ipsam
611 5379 831 5437 declinationem
836 5385 937 5455 judicii

86 5450 193 5506 habere
207 5451 376 5506 nonnullam
393 5449 490 5506 'udicii
505 5449 639 5518 speeiem.
653 5453 722 5506 Nam
731 5453 753 5506 si
768 5454 807 5508 ita
821 5472 938 5527 resuge-

85 5521 386 5594 retur,utquotiesnol
399 5520 538 5593 etaliquis
548 5535 662 5575 cansam
673 5523 787 5603 judieii,
799 5531 874 5581 esset
884 5528 937 5582 lioc

85 5593 118 5647 in
133 5591 224 5662 ipsius
236 5597 396 5664 potestate3
413 5593 494 5648 nulla
507 5596 568 5647 erat
604 5596 713 5647 crestio.
737 5595 818 5650 Nunc
841 5603 936 5652 autem

84 5678 151 5720 eum
167 5678 282 5735 semper
296 5663 427 5726 existant,
444 5663 495 5747 qni
505 5608 742 5736 lapsitantipsa
751 5664 801 5721 illa
814 5672 935 5724 conten·

84 5735 125 5791 tio
141 5749 200 5806 qiia
222 5734 294 5789 alter
324 5734 353 5788 tn
377 5734 517 5805 judicium
539 5738 631 5803 rorat,
648 5733 720 5791 alter
734 5742 844 5793 recusat
856 5739 936 5810 jndi-

997 1212 1043 1250 res
1057 1195 1166 1255 νομικὰς.
1181 1209 1233 1248 nos
1248 1195 1351 1264 legales
1374 1196 1592 1266 appellamus.
1612 1196 1713 1255 napae
1727 1204 1785 1250 sunt
1798 1198 1832 1252 ar}
1857 1250 1860 1265 ,

997 1273 1080 1392 ptum
1102 1269 1130 1319 et
1152 1265 1292 1326 voluntas,
1320 1268 1397 1338 quod
1420 1266 1465 1321 illi
1486 1265 1580 1347 ῥητὸγ
1596 1266 1645 1312 sat
1660 1264 1765 1314 tasoni
1780 1271 1832 1340 app,

1008 1344 1076 1404 ant3
1092 1334 1228 1397 sarrepta,
1245 1352 1330 1407 quam
1351 1355 1403 1392 nos
1427 1342 1679 1392 contentionem
1696 1339 1722 1393 le
1762 1356 1783 1393 ni
1798 1356 1832 1395 aa

996 1411 1149 1465 trariarum
1166 1423 1299 1461 coeamus
1311 1426 1318 1475 3
1328 1429 1373 1467 am
1389 1408 1528 1529 {guitum
1542 1425 1645 1480 quam
1660 1408 1704 1464 illi
1736 1409 1833 1474 eatsta-

1395 1526 1400 1545 .
1420 1526 1425 1542 .

997 1479 1137 1545 collectio,
1154 1494 1241 1549 quam
1256 1478 1298 1532 illi
1313 1482 1389 1531 συλλο
1426 1500 1440 1529 ν
1456 1485 1592 1534 vocant.
1606 1481 1721 1535 Verum
1730 1481 1834 1552 hesperi
1863 1498 1866 1503 ·

996 1559 1062 1624 post
1076 1556 1242 1625 diligentius
1257 1548 1513 1617 tractabimus,ita
1529 1555 1565 1605 ut
1582 1551 1835 1622 significantiam

996 1642 1053 1751 que
1070 1627 1229 1681 evidentius
1251 1621 1439 1704 exprimatur,
1464 1627 1500 1675 et
1516 1622 1646 1692 species
1662 1626 1835 1696 generibuiir'-

1017 1702 1091 1753 atur.
1118 1699 1237 1753 interim
1257 1694 1326 1750 mihi
1350 1691 1468 1746 ridetur
1494 1709 1568 1747 esse
1585 1693 1763 1761 dicendum,
1776 1697 1835 1768 quibs

997 1770 1091 1822 amnis
1106 1769 1226 1841 quaetio
1241 1763 1378 1825 articulis,
1388 1769 1416 1816 et
1426 1764 1581 1834 qualibus
1592 1766 1690 1821 nodis
1706 1767 1836 1823 subindici

997 1840 1102 1903 stricta,
1119 1857 1155 1894 aii
1192 1839 1325 1893 erfectam
1340 1835 1467 1906 speciem
1485 1836 1539 1889 sui
1556 1837 1678 1893 veniat.

1033 1911 1145 1966 CAPUT
1186 1912 1219 1965 ll.
1234 1908 1384 1976 -Qie'tas
1399 1910 1527 1974 questio
1555 1910 1700 1964 articulis
1717 1914 1820 1965 metatu

1033 1982 1078 2037 Est
1093 1982 1207 2053 aliquod
1225 1981 1331 2036 dictum
1355 1978 1434 2048 quod
1450 1978 1556 2032 Graeci
1574 1980 1660 2043 peaes
1679 1981 1836 2036 nominaattil

996 2051 1135 2107 scinditur
1148 2054 1177 2107 in
1192 2053 1261 2107 duas
1275 2056 1379 2122 partes,
1396 2054 1426 2102 et
1446 2055 1495 2102 est
1513 2052 1585 2120 ejus
1602 2051 1736 2107 alterum
1758 2052 1837 2114 iubes

997 2128 1025 2178 et
1040 2124 1161 2178 alterum
1176 2123 1318 2186 κατάφασις.
1330 2119 1535 2175 intentione-m
1545 2122 1648 2177 verbo
1666 2124 1767 2178 faetmn
1778 2140 1837 2196 pan·

997 2210 1061 2249 nius
1076 2195 1179 2263 dicere,
1196 2195 1225 2249 id
1250 2201 1293 2248 est
1313 2192 1433 2245 verbum
1464 2208 1535 2262 quo
1567 2194 1693 2249 crimen
1710 2196 1837 2250 intendite:

996 2266 1096 2331 veluti,
1111 2266 1242 2331 Pulsasti,
1257 2261 1416 2336 prodidisti,
1435 2263 1593 2320 occidisti.
1613 2266 1705 2330 Quod
1732 2267 1837 2321 anuali

996 2334 1126 2400 tmeseia,
1143 2353 1194 2391 nos
1207 2335 1393 2391 abnuentium
1405 2332 1564 2388 crimimis
1577 2337 1661 2407 ejus,
1680 2338 1837 2411 quodiana
1882 2386 1885 2403 ,

996 2404 1425 2473 aecusatorintenderit3veluti,
1438 2405 1508 2459 Non
1525 2407 1670 2477 pulsari,
1686 2426 1744 2464 non
1757 2410 1839 2482 prodiit
1882 2422 1885 2429 '

997 2494 1053 2532 non
1068 2479 1169 2534 occidi.
1196 2481 1233 2534 Ex
1248 2478 1293 2533 his
1308 2477 1419 2532 duobus
1440 2475 1525 2531 dicto
1543 2484 1576 2533 et
1591 2496 1754 2561 responso,
1773 2481 1839 2535 selu

997 2553 1112 2604 tentoet
1126 2557 1238 2620 negato,
1256 2549 1351 2604 media
1377 2546 1516 2602 nascitur
1564 2558 1691 2619 iiaestio,
1707 2553 1758 2607 boc
1773 2552 1838 2607 nob:

997 2619 1120 2675 Intentio
1144 2626 1196 2689 est,
1214 2619 1366 2686 Occidisti3
1381 2617 1520 2687 negatio,
1582 2639 1627 2677 on
1660 2624 1769 2692 occidi;
1792 2639 1839 2692 qne

997 2692 1061 2757 stio,
1078 2708 1114 2746 an
1129 2692 1273 2747 occiderit.
1289 2691 1342 2746 Sed
1356 2693 1388 2743 ut
1398 2688 1462 2757 jam
1474 2705 1494 2743 a
1512 2695 1726 2749 eou'ecturali
1737 2695 1839 2750 mederi·

997 2764 1149 2818 cedamus:
1165 2763 1286 2818 intentio
1301 2766 1352 2817 est.
1363 2760 1472 2829 Iniuria
1492 2763 1563 2817 occi
1592 2763 1646 2819 'sti
1660 2768 1791 2838 megetio,
1803 2765 1841 2820 lei

997 2834 1104 2916 injuria
1125 2835 1235 2900 oceidi;
1252 2831 1382 2905 quaestio,
1410 2846 1450 2885 nn
1463 2830 1591 2903 injuria
1610 2837 1764 2892 occiderit.
1783 2838 1840 2890 l'elii

997 2906 1093 2976 aliquo
1108 2905 1195 2975 legali
1210 2909 1303 2959 statu:
1319 2901 1440 2957 intentio
1461 2909 1521 2971 est,
1540 2905 1615 2961 Non
1632 2909 1743 2964 licebat
1754 2908 1796 2964 tibi
1810 2907 1842 2961 la

995 2975 1088 3031 facere
1101 2992 1153 3046 per
1178 2978 1287 3046 legem;
1303 2975 1418 3044 negatio
1448 2978 1506 3036 est,
1532 2976 1666 3034 Licebat
1690 2980 1760 3035 milii
1782 2980 1843 3035 tiae

996 3062 1048 3117 pei·
1063 3047 1155 3116 legem
1168 3067 1175 3113 ;
1190 3046 1311 3119 questio
1327 3050 1378 3109 est,
1396 3043 1578 3103 licueritne
1595 3049 1659 3106 hoc
1674 3051 1843 3122 facereperle

996 3132 1072 3188 gem.
1092 3119 1168 3172 Hane
1181 3118 1309 3189 quidam,
1323 3120 1411 3171 utnos
1422 3119 1642 3187 usquaaahuc
1658 3123 1844 3192 diximus,qne

997 3189 1119 3243 stionem
1132 3193 1305 3243 rocaverunt
1320 3229 1328 3256 ,
1342 3186 1461 3258 quidam
1493 3194 1620 3247 statum
1642 3195 1844 3255 nominaverunt,

996 3259 1032 3313 ab
1048 3277 1081 3314 eo
1097 3259 1229 3314 videlicet
1239 3259 1317 3331 qnod
1330 3258 1411 3319 inea,
1424 3262 1453 3312 et
1463 3262 1641 3319 exordiam
1660 3265 1845 3336 quaestionari

995 3345 1108 3385 summa
1122 3331 1297 3385 consisteret.
1315 3330 1409 3384 Primo
1423 3329 1509 3385 euim
1538 3336 1637 3404 quasi
1656 3338 1779 3400 eminus,
1803 3350 1846 3389 rin

995 3400 1062 3456 hinc
1075 3402 1187 3456 dicatur
1201 3402 1386 3470 factumesse,
1397 3399 1466 3455 inde
1482 3417 1556 3458 non
1569 3421 1641 3462 esse
1660 3408 1767 3463 fanum
1776 3427 1783 3473 ;
1792 3408 1847 3462 aula

994 3488 1093 3543 pugna
1107 3478 1158 3539 est,
1174 3472 1223 3527 sed
1232 3472 1314 3544 quasi
1330 3472 1434 3526 futuris
1448 3488 1573 3544 pugnae
1585 3479 1758 3534 meditatio.
1769 3478 1848 3535 Heinde

995 3560 1060 3598 eum
1075 3544 1209 3615 proprius
1223 3560 1365 3598 necessum
1381 3548 1435 3610 est,
1452 3547 1480 3596 et
1499 3548 1598 3616 quasi
1625 3551 1667 3606 ad
1683 3568 1781 3606 manus
1801 3564 1848 3604 ree

994 3619 1075 3681 tum3
1092 3615 1270 3670 altercationi
1282 3620 1309 3669 et
1323 3613 1504 3669 contentioni
1539 3624 1669 3677 mutuae
1691 3623 1780 3678 media
1792 3636 1848 3694 que

995 3685 1050 3740 stio
1065 3685 1227 3752 intervenit,
1243 3687 1280 3740 sit
1291 3702 1380 3741 necne
1395 3686 1508 3740 factum
1524 3704 1532 3742 :
1552 3690 1587 3744 in
1604 3708 1646 3747 ea
1674 3700 1789 3766 uterque
1799 3708 1849 3747 eii·

995 3755 1077 3823 sistit,
1093 3757 1197 3811 omisso
1221 3756 1297 3828 qiiod
1312 3761 1378 3812 ante
1393 3754 1524 3811 dicebat.
1546 3760 1641 3818 Unde
1659 3764 1690 3819 ei
1716 3762 1849 3839 qnasu'oiii,

996 3831 1084 3881 status
1097 3844 1202 3882 nomen
1217 3828 1381 3899 impositum
1397 3832 1449 3882 est.
1468 3828 1536 3884 Hoc
1553 3831 1645 3889 idem
1662 3837 1811 3891 Theodorus
1821 3850 1850 3880 ¹¹·

995 3897 1100 3962 φάλαιον
1114 3898 1249 3969 appellat,
1266 3899 1451 3953 translatione
1467 3915 1568 3971 usus,
1578 3905 1846 3977 videlieetepriaei·

994 3969 1053 4040 pali
1068 3975 1148 4041 parte
1163 3969 1290 4039 eorporis
1301 3986 1307 4024 :
1320 3969 1397 4096 qnod
1412 3969 1443 4023 in
1458 3969 1518 4024 boc
1529 3974 1848 4051 etiamcomplexndue

995 4056 1071 4121 rum,
1088 4057 1153 4113 quie
1173 4041 1308 4122 utrinque
1341 4041 1482 4122 ictasunt,
1502 4047 1599 4114 qnasi
1616 4058 1715 4121 caput
1733 4050 1850 4121 quoddam

994 4115 1082 4165 totius
1096 4118 1296 4167 controversiae
1315 4112 1448 4166 eflicitur.
1471 4112 1686 4190 Consequens
1711 4122 1774 4176 hnic
1793 4120 1852 4175 lorus

995 4187 1047 4244 est,
1063 4188 1113 4237 aut
1127 4184 1255 4253 perinde,
1272 4188 1322 4237 ant
1334 4182 1423 4253 magis
1438 4181 1535 4238 etiam
1543 4193 1753 4259 necessarius,
1783 4193 1854 4247 uode

994 4259 1171 4308 monstratur
1184 4255 1252 4325 quid
1270 4270 1364 4319 eausa,
1378 4252 1449 4325 quid
1467 4258 1657 4331 continens,
1681 4263 1752 4335 quid
1764 4208 1799 4321 3ο
1810 4280 1854 4345 quii

995 4326 1187 4380 contenditur.
1198 4325 1318 4380 Causam
1334 4326 1530 4394 Hermagoras
1549 4329 1642 4380 αἴτιον
1660 4340 1743 4388 vocar
1753 4349 1855 4399 :mayn

995 4396 1162 4465 contineus;
1182 4396 1217 4451 de
1234 4413 1291 4468 quo
1304 4396 1487 4450 contenditur
1501 4398 1536 4446 τό
1552 4403 1726 4466 χρινόμινον.
1743 4398 1787 4458 Est
1802 4390 1856 4469 erpi

995 4481 1089 4533 eausa,
1105 4483 1170 4538 quie
1186 4467 1241 4521 nisi
1265 4466 1452 4537 praecesserit,
1481 4475 1703 4531 controversia
1729 4472 1790 4530 lieri
1810 4484 1856 4525 non

993 4542 1096 4608 potest.
1114 4538 1193 4602 Quod
1210 4539 1272 4593 dico
1286 4540 1342 4593 tale
1357 4541 1417 4591 est:
1437 4536 1611 4598 Abdicatnr
1642 4564 1663 4601 a
1678 4553 1762 4620 patre
1776 4543 1854 4599 fluis:

994 4610 1187 4662 controversia
1199 4609 1304 4664 ideirco
1319 4624 1376 4664 non
1393 4611 1444 4671 est,
1494 4610 1548 4665 iiia
1565 4618 1670 4684 nulla,
1689 4634 1742 4673 eur
1759 4616 1854 4671 abdira·

994 4684 1197 4751 retnrapatre,
1213 4697 1298 4735 causa
1312 4680 1463 4752 praecessit.
1508 4683 1632 4756 enique
1647 4690 1793 4745 addamus
1805 4702 1854 4741 cxii

994 4766 1063 4815 sam,
1082 4756 1110 4806 et
1124 4751 1220 4805 statim
1240 4750 1432 4806 controversia
1446 4751 1553 4808 etleeta
1570 4762 1631 4813 est.
1645 4761 1854 4816 Juravitseiiei

993 4821 1145 4877 ducturum
1168 4838 1295 4888 uxorem,
1323 4827 1352 4877 et
1364 4820 1524 4879 abdicatur.
1545 4827 1637 4891 Quod
1651 4831 1776 4903 juravit,
1792 4830 1853 4876 araas

993 4893 1099 4948 factum
1116 4897 1167 4959 est,
1184 4893 1214 4948 id
1230 4900 1271 4948 est
1287 4908 1371 4948 causa
1386 4908 1435 4946 cur
1447 4893 1680 4957 abdicationem
1693 4907 1852 4957 mereretur.

993 4964 1102 5028 Συνέχον
1117 4964 1159 5018 vel
1175 4965 1325 5019 contineris
1341 4968 1392 5030 est,
1406 4964 1483 5035 quod
1494 4966 1531 5020 ad
1548 4969 1750 5029 refutandum
1779 4976 1852 5022 anai.

994 5036 1022 5090 id
1039 5041 1081 5090 est
1095 5036 1130 5089 ad
1147 5035 1331 5090 refellendam
1346 5050 1459 5089 eausam
1471 5034 1593 5095 ridetur
1609 5044 1729 5114 afferri,
1741 5055 1773 5106 ut
1787 5049 1852 5106 estin

992 5106 1045 5162 hac
1060 5105 1193 5161 materia:
1220 5107 1337 5162 Hilitem
1363 5106 1412 5177 qui
1445 5115 1584 5166 araverat
1608 5130 1644 5169 se
1667 5116 1843 5177 deserturum

992 5179 1149 5251 imperator
1167 5176 1277 5241 occidit,
1295 5182 1322 5232 et
1335 5193 1400 5232 reus
1423 5122 1456 5231 dt
1474 5179 1586 5237 cadis:
1610 5184 1666 5240 hic
1682 5188 1764 5248 enim
1780 5158 1851 5243 aaa:

992 5251 1020 5305 id
1037 5257 1080 5306 est
1093 5264 1176 5303 causa
1188 5248 1289 5331 judicii
1302 5254 1352 5310 est,
1368 5247 1445 5319 quod
1460 5248 1588 5319 occidit;
1607 5271 1712 5328 neque
1728 5262 1851 5319 wimiis

991 5327 1036 5376 ret
1050 5337 1126 5388 reiis,
1143 5319 1197 5373 nisi
1215 5319 1362 5374 occidisset
1374 5334 1380 5373 1
1392 5317 1505 5383 σννῦχον.
1522 5321 1613 5378 idest
1626 5330 1788 5390 continens
1817 5336 1850 5387 est

992 5393 1019 5447 id
1033 5391 1240 5462 propterquod
1256 5391 1391 5445 occidisse
1406 5391 1487 5453 dixit,
1506 5392 1731 5463 jusjurandum
1755 5377 1851 5460 sci'tieet

992 5465 1101 5529 militis,
1117 5461 1193 5532 qnod
1208 5478 1236 5515 sa
1250 5461 1429 5517 deserturum
1451 5464 1612 5533 juraverat.
1634 5472 1697 5527 Hoc
1711 5476 1849 5531 interdura

992 5535 1096 5601 συνέχον
1114 5533 1311 5600 Hermagoras,
1324 5533 1353 5587 id
1368 5538 1410 5587 est
1428 5534 1584 5591 continens
1603 5545 1753 5615 appellat,
1773 5548 1808 5601 ab
1820 5559 1848 5599 oe

1013 5592 1068 5653 uod
1085 5603 1176 5658 omnis
1191 5605 1232 5658 rei
1251 5604 1360 5660 defensi
1374 5605 1410 5659 ab
1429 5622 1463 5660 eo
1486 5607 1683 5667 contineatur
1708 5617 1848 5673 interdum

991 5683 1068 5717 arios
1081 5671 1159 5722 aaron
1171 5679 1253 5730 vocat
1270 5674 1352 5747 qnasi
1374 5690 1488 5731 causam
1510 5692 1631 5739 causas:
1653 5699 1727 5743 nam
1751 5702 1847 5771 quam·

992 5741 1148 5801 admodum
1158 5751 1257 5802 reatus
1271 5762 1357 5803 eausa
1371 5747 1503 5821 estquod
1518 5749 1649 5809 mititem
1673 5758 1800 5828 oceidit3
1813 5757 1847 5813 its
