3884 6112
129 199 185 252 626

131 321 183 388 est,
198 317 275 375 diam
295 333 357 376 esse
378 318 572 376 translationis
590 319 770 376 eorumdem.
801 319 900 393 ltaque
914 319 982 374 hinc

130 408 324 480 consequitur,
349 408 467 466 iastiuse
494 408 719 482 persecutionem
746 424 806 463 non
829 407 980 481 quievisse,

132 496 186 553 nisi
200 497 253 553 sub
266 497 354 554 finem
367 499 441 571 junii
458 498 535 554 illius
550 498 629 566 anni,
644 497 694 570 qui
707 497 861 570 Augustini
872 495 980 567 Raptis·

44 655 49 666 Ι
131 602 211 642 mum
223 587 376 659 praecessit.
391 590 456 644 llaec
466 587 563 643 omnia
577 587 685 658 optime
695 586 770 642 inter
782 603 811 642 sa
825 586 979 651 coherent,

130 674 155 729 si
181 675 243 747 ejus
269 676 447 749 Baptismum
479 693 554 732 anno
580 675 779 731 trecentesimo
806 673 981 747 octogesimo

130 763 262 836 septimo,
279 769 307 820 et
321 766 536 822 couversionem
559 780 636 820 anno
651 763 850 820 trecentesimo
866 770 982 836 octoge-

129 851 204 908 simo
218 857 298 909 sexto
313 853 479 925 reponimus
491 871 498 908 :
510 854 559 909 sed
574 853 604 909 in
619 852 767 908 difficilem
781 853 898 908 modum
913 852 982 909 inci·

129 941 241 1009 demas,
258 941 280 996 si
295 942 356 1012 ejus
371 942 587 998 conversionem
611 958 686 997 anno
710 941 910 998 trecentesimo
931 958 980 997 oc·

129 1029 269 1102 togesimo
290 1030 411 1101 septimo
436 1034 603 1086 statuemus.
631 1032 670 1086 Eo
691 1031 768 1086 enim
792 1047 868 1087 anno
895 1030 981 1087 Mani·

130 1134 209 1174 nram
224 1118 254 1173 in
267 1119 378 1175 ltaliam
394 1119 530 1194 irrupisse
545 1125 655 1176 certum
670 1125 723 1185 est,
746 1124 774 1176 et
788 1120 934 1176 nemiuem
949 1119 981 1175 ia

129 1207 249 1265 dubium
274 1224 405 1265 revocare
420 1208 628 1278 existimemus,
655 1208 726 1281 quin
750 1209 917 1266 Ambrosius
931 1210 980 1266 da·

128 1298 188 1350 tam
202 1295 256 1351 sibi
272 1313 288 1352 a
304 1297 503 1353 Valentiniano
518 1298 692 1371 legationem
716 1298 750 1354 ad
767 1298 922 1371 Maximam
937 1315 980 1354 se-

127 1383 252 1439 cundam
274 1385 361 1456 paulo
376 1389 442 1440 ante
465 1384 596 1442 obiverit.
613 1387 650 1441 Ex
674 1385 765 1459 ipsias
778 1387 923 1442 Ambrosii
936 1402 980 1441 re·

127 1471 235 1528 latione
249 1477 337 1546 patet,
364 1474 518 1530 Maximum
541 1473 663 1531 Treviris
688 1479 757 1531 tnnc
780 1476 932 1547 degentem
952 1492 981 1531 se

129 1561 165 1616 ad
179 1561 287 1617 bellum
301 1578 478 1634 comparasse
494 1580 501 1619 ε
516 1566 544 1619 et
552 1563 805 1636 juxtasZosimum,
822 1565 981 1621 homninus

127 1654 192 1723 post
212 1650 393 1706 Ambrosiam
408 1668 423 1706 a
439 1652 637 1708 Valentiniano
652 1654 688 1708 ad
704 1653 857 1709 Maximum
871 1654 981 1726 legatus

128 1742 172 1795 est
186 1741 322 1812 (Zosimus,
340 1741 387 1795 lib.
405 1739 442 1811 l).
464 1742 640 1796 Merentem
656 1740 834 1812 omniapost
853 1756 980 1796 mensem

125 1829 241 1900 janium
255 1845 406 1900 reponere,
431 1845 490 1884 non
513 1832 556 1884 est
581 1829 650 1885 adeo
665 1828 747 1885 iacile
763 1833 790 1885 et
804 1829 979 1901 expeditum.

127 1918 242 1974 Accedit
255 1917 337 1987 illud,
352 1917 522 1989 quodjuris
536 1918 613 1973 hanc
628 1918 780 1986 caleulum,
795 1919 981 1991 Augustama

126 2004 255 2062 rorando
269 2003 420 2060 Ambrosio
436 2020 492 2061 non
507 2009 574 2061 ante
589 2006 729 2062 destitisse
748 2010 869 2078 oportet,
893 2023 980 2080 qaam

125 2109 192 2149 cum
205 2093 287 2149 illum
302 2093 338 2151 de
350 2110 419 2165 pace
431 2099 561 2151 acturum
577 2095 613 2151 ad
627 2095 782 2152 Maximam
798 2095 900 2156 misit:
914 2095 981 2152 licet

126 2181 171 2238 vix
186 2182 264 2237 credi
285 2182 386 2254 possit,
408 2183 549 2239 lustinum
568 2185 712 2256 extemplo
735 2188 848 2240 mnium
874 2185 933 2257 spei
949 2201 981 2240 ac

126 2269 239 2327 fiduciae
254 2271 284 2326 iu
299 2287 333 2328 eo
343 2271 460 2328 homine
474 2271 613 2344 posuisse,
628 2273 665 2330 ad
678 2289 766 2345 quem
780 2273 980 2346 expellendum

104 2411 107 2419 2
126 2362 170 2414 tot
185 2359 271 2415 modo
287 2358 434 2415 machinas
447 2359 633 2429 adhibuisset,
648 2361 756 2433 quique
770 2362 805 2418 ad
820 2363 875 2418 hoc
890 2379 979 2436 nego·

125 2446 199 2504 tium
214 2448 379 2504 obeundum
393 2465 453 2505 non
466 2448 536 2505 adeo
550 2448 670 2506 idonens
683 2449 849 2520 videisatur3
866 2468 932 2507 eum
947 2469 981 2507 ex

127 2535 256 2607 ejusdem
278 2537 419 2593 relatione
446 2541 568 2608 constet,
594 2542 782 2611 conquestam
807 2556 868 2595 esse
893 2540 979 2597 Mesi-

127 2641 218 2693 mum,
233 2626 310 2698 qarod
321 2625 356 2682 ab
367 2642 402 2681 eo
415 2625 516 2682 fuisset
529 2626 560 2682 ia
575 2627 820 2701 primalcgatione
834 2629 979 2702 deceptas.

161 2718 187 2769 6.
204 2715 258 2779 Oai
271 2714 475 2787 Augustimam
485 2732 561 2772 auno
576 2716 671 2772 solnm
684 2718 887 2775 trecentesimo
898 2719 981 2792 quln-

125 2803 293 2875 quagesimo
309 2804 409 2876 quinto
429 2809 528 2860 nutrrru
543 2821 613 2873 esse,
633 2811 682 2862 aut
698 2807 793 2880 ipsam
807 2824 899 2863 annos
914 2825 980 2863 suos

125 2894 253 2965 expletos
265 2909 418 2950 numerare
432 2896 620 2963 contendunt,
636 2895 732 2953 locum
745 2897 834 2953 alium
844 2897 978 2964 alleraut,

124 2982 156 3038 in
170 2999 228 3055 qao
243 2999 281 3060 sa,
295 2986 326 3037 nt
335 2982 451 3054 quidem
462 2987 573 3055 putant,
583 3000 648 3040 cunr
659 2984 843 3056 imperatoris
856 3000 981 3057 panegy-

125 3067 217 3123 ricum
237 3067 374 3135 recitavit,
399 3069 584 3127 tricenariam
607 3075 721 3127 elatam
748 3072 839 3143 egisse
860 3077 981 3128 testatur

125 3154 341 3226 (Gorrtcsstoaum
357 3157 403 3212 tib.
423 3160 450 3224 6,
470 3173 531 3228 cop.
554 3162 579 3225 6,
599 3174 628 3214 η.
651 3165 678 3229 6,
693 3165 717 3215 et
737 3176 796 3231 cap.
819 3162 862 3227 li,
879 3177 907 3216 η.
924 3164 977 3226 18).

126 3244 235 3315 Nempe
248 3260 301 3315 pro
317 3248 393 3300 certo
416 3251 528 3317 ponunt
550 3247 624 3302 hauc
645 3249 812 3321 panegyrim
827 3265 891 3304 eam
906 3266 978 3319 esse,

125 3348 213 3405 quam
230 3333 348 3388 Beatam
363 3335 543 3390 consulatum
558 3334 672 3391 ineunti
689 3335 759 3393 dixit
773 3337 883 3409 (Contra
899 3341 980 3395 hitte-

123 3435 170 3477 rus
185 3423 324 3490 Petilium,
341 3423 386 3479 tio.
408 3427 434 3491 3,
451 3440 479 3478 η.
503 3426 546 3492 36)
560 3424 691 3481 kalendis
700 3425 827 3497 januarii
841 3427 910 3483 enai
924 3432 980 3483 tre-

125 3510 274 3566 centesimi
288 3511 457 3584 octogesimi
469 3512 571 3585 quiati.
585 3514 664 3570 Unde
674 3514 899 3587 colligunteum,
914 3532 980 3572 cum

125 3599 306 3673 trigesimum
327 3601 419 3657 aetatis
446 3618 505 3658 saae
529 3619 638 3658 aunam
662 3608 794 3662 numeret
820 3621 897 3661 auno
921 3611 980 3662 tre-

123 3689 281 3746 centesimo
295 3691 471 3763 octogesimo
496 3692 608 3764 quinto,
628 3698 678 3749 aut
700 3699 801 3750 natum
822 3710 883 3750 esse
903 3710 979 3750 anno

125 3779 980 3852 trecentesimoquiuquagesimoquiuto,autconnumerare

122 3865 239 3922 initium
248 3867 316 3923 anni
327 3867 373 3922 sai
385 3867 525 3938 trigesimi
535 3869 634 3941 primi.
651 3870 870 3927 Observavimus
881 3889 978 3944 supra,

124 3954 155 4010 in
177 3956 254 4011 hisce
273 3957 444 4011 numerandi
466 3957 559 4012 modis
583 3958 722 4029 quosdam
746 3976 807 4016 esse
831 3961 934 4017 dubios
953 3969 981 4018 et

124 4044 270 4118 ancipites,
285 4045 425 4118 quosdam
440 4045 525 4102 unico
540 4063 624 4102 sensa
639 4048 782 4105 delinitos.
799 4051 981 4107 Arbitramur

123 4133 200 4191 lianc
211 4134 349 4207 loquendi
363 4135 491 4204 modum,
502 4137 563 4207 Ago
572 4137 744 4208 trigesiman
756 4139 848 4194 etatis
859 4156 978 4208 annam,

32 4260 34 4262 -
124 4224 160 4280 ad
175 4229 352 4299 postremum
375 4240 467 4297 genus
481 4224 636 4297 pertinere,
660 4243 712 4283 nec
728 4227 805 4284 aliud
816 4229 977 4302 significare

123 4316 370 4391 qaam„Nondam
383 4315 564 4388 trigesimam
576 4317 668 4372 aetatis
679 4319 914 4376 anaumabsolvi.
930 4320 980 4376 Sia

124 4403 213 4473 dicas,
227 4407 323 4461 Annos
336 4405 456 4475 triginta
470 4409 555 4461 uatus
569 4422 631 4461 sum
643 4423 650 4475 ;
664 4406 789 4463 fatemur
803 4407 832 4463 id
848 4425 881 4464 ex
896 4424 979 4481 raquo

122 4492 283 4565 significare
301 4508 396 4564 posse,
412 4499 440 4551 te
457 4510 547 4550 anuos
568 4494 688 4567 triginta
703 4501 805 4552 natum
826 4513 901 4565 esse,
923 4497 980 4554 sive

123 4581 277 4652 inchoatos,
293 4581 351 4638 sive
374 4583 530 4641 absolutos.
545 4585 602 4640 Hac
616 4600 685 4657 crgo
701 4586 810 4642 ratione
826 4587 903 4642 haad
918 4587 980 4642 inii·

123 4669 180 4725 cias
194 4669 310 4737 ibimus,
325 4672 496 4745 panegyrim
513 4672 605 4743 illam,
625 4674 709 4746 cujus
726 4675 904 4747 Augustinus
919 4692 979 4731 me-

123 4758 219 4828 minit,
236 4758 379 4831 siquidem
394 4777 457 4817 eam
471 4761 532 4833 ipse
545 4778 634 4818 annos
643 4763 761 4835 triginta
775 4768 804 4820 at
818 4781 908 4821 unum
929 4783 980 4822 aa·

121 4849 168 4902 tas
182 4845 325 4915 habuerit,
336 4848 480 4919 pertinere
490 4851 525 4906 ad
538 4867 647 4908 annum
656 4852 889 4908 trecentesimum
904 4858 980 4909 octo·

122 4934 265 5009 gesimam
279 4934 424 5007 quintum.
440 4938 517 4994 Etru
532 4939 651 5011 quidem
663 4940 802 5012 ipsarum
813 4941 981 4998 variisestus

104 5021 221 5093 ‘animi
237 5023 342 5096 quibus
356 5029 425 5081 tane
435 5027 607 5098 jactabatur,
621 5030 656 5086 ah
670 5029 815 5086 Ambrosii
831 5030 976 5087 concioni·

124 5113 179 5170 hus
202 5113 349 5170 concitatis
372 5130 433 5171 esse
455 5114 608 5173 videantur
631 5120 846 5191 (confessionum
873 5121 921 5175 tib.
951 5123 979 5187 6,

125 5218 186 5273 cup.
200 5206 228 5272 4,
247 5220 276 5260 η,
293 5203 337 5276 6);
365 5203 470 5277 conjici
490 5209 585 5277 potest
596 5223 661 5262 eum
674 5209 735 5279 jam
751 5208 862 5281 pridem
877 5208 981 5264 Medio-

124 5290 225 5347 lanum
240 5292 361 5363 veuisse,
383 5309 435 5349 nec
449 5297 546 5349 tamam
561 5298 626 5349 aute
641 5295 706 5351 idus
721 5297 888 5352 novembres
911 5296 982 5352 anui

129 5382 323 5439 trecentesimi
337 5382 506 5457 octogesimi
529 5383 633 5455 quarti,
649 5384 673 5440 si
687 5385 820 5441 modoad
836 5386 911 5442 hanc
927 5401 980 5442 ur·

128 5466 194 5529 bem
210 5487 268 5526 noa
283 5471 371 5539 uenit,
390 5471 444 5528 uisi
461 5475 492 5528 ut
513 5471 636 5545 yrersctis
651 5472 778 5543 ejsudem
794 5473 861 5528 anni
881 5473 980 5528 vinde·

656 171 662 178 ”
741 195 827 253 vira
852 195 882 253 s.
903 193 1096 254 aususrau
1111 193 1289 264 aermon.

1837 193 1890 255 ,Hi

1035 318 1169 375 mialibus
1181 316 1262 374 feriis
1272 314 1401 388 publices
1414 312 1522 370 scholas
1530 310 1703 370 instauraret
1718 329 1725 367 :
1742 311 1820 386 quod
1831 312 1893 383 qui·

1036 407 1100 462 dem
1122 424 1181 462 aon
1205 406 1323 463 omnino
1351 407 1535 478 perspectum
1563 407 1606 458 est
1633 418 1665 458 ac
1689 402 1888 473 exploratum

1035 496 1097 550 lieri
1111 497 1189 552 euim
1207 495 1312 568 potuit,
1337 497 1369 550 ut
1383 493 1576 549 Mediolanum
1596 507 1672 547 anno
1692 490 1890 546 trecentesimo

1035 584 1207 656 octogesimo
1220 588 1322 656 quarto
1337 582 1454 638 ineunte
1469 580 1591 636 venerit.
1610 578 1783 645 Quinetiam
1794 579 1891 635 Rivius

1035 672 1064 729 in
1078 690 1129 729 sua
1142 671 1329 745 chronologia
1340 688 1406 728 cum
1417 686 1493 727 anno
1504 669 1704 727 aucentesimo
1715 669 1891 742 octogesimo

1034 761 1118 819 tertio
1143 761 1253 818 venisse
1280 760 1398 828 statuit;
1419 777 1472 815 nec
1496 758 1637 831 estquod
1663 757 1692 814 id
1716 759 1891 814 contrariam

1035 856 1146 924 partem
1161 851 1323 908 afferamus.
1340 852 1459 906 Faustus
1474 848 1554 905 enim
1573 847 1774 920 Carthaginem
1789 847 1888 903 venire

1035 940 1203 1013 potuitautc
1216 955 1325 995 anuum
1347 937 1501 1010 Augustini
1523 935 1800 1009 undetrigesimum
1821 941 1849 991 et
1859 935 1888 992 id

1035 1029 1155 1086 indicari
1178 1029 1292 1085 ridetur
1312 1028 1358 1083 his
1378 1027 1473 1084 verbis
1495 1043 1502 1082 :
1524 1028 1675 1097 Proloquur
1697 1028 1727 1081 iu
1749 1031 1891 1096 compacta

1034 1122 1084 1176 lici
1095 1122 1148 1176 mei
1170 1135 1263 1175 ouuuu
1281 1119 1358 1174 illum
1373 1117 1615 1185 undetrigesimum
1628 1116 1718 1171 artatis
1733 1130 1810 1170 mea.
1828 1118 1891 1170 Jom

1034 1213 1144 1265 uenerat
1173 1208 1365 1278 Carthaginem
1386 1206 1500 1277 quidum
1516 1205 1728 1262 manicheorum
1748 1206 1890 1274 episcopus

1033 1300 1148 1354 Faustus
1168 1299 1275 1352 uomicae
1300 1295 1393 1366 (loia,
1418 1295 1466 1351 tib.
1498 1298 1524 1362 5,
1549 1310 1609 1364 cop.
1636 1297 1662 1360 3,
1687 1309 1714 1348 η.
1738 1292 1778 1364 6).
1796 1293 1892 1348 Potuit

1034 1387 1122 1458 igitar
1136 1386 1232 1442 videre
1245 1387 1392 1454 Faustam,
1408 1389 1436 1440 et
1449 1385 1484 1439 ab
1498 1400 1532 1440 eo
1553 1382 1718 1449 abalienari,
1741 1382 1803 1455 J'am
1822 1381 1890 1438 inde

1035 1476 1069 1530 ah
1088 1491 1163 1530 uano
1178 1474 1380 1530 trecentesimo
1402 1473 1577 1546 octogesimo
1602 1473 1727 1528 secundo
1749 1475 1889 1538 excunte;

1034 1565 1087 1620 sub
1101 1565 1229 1637 ejusdcm
1244 1563 1313 1620 anai
1322 1563 1441 1631 exitam,
1454 1567 1503 1618 aut
1513 1579 1589 1617 aurio
1603 1560 1804 1617 trecentesimo
1815 1564 1893 1615 octo·

1034 1652 1144 1725 gesimo
1167 1651 1251 1708 tertio
1271 1651 1390 1707 ineunte
1413 1652 1534 1707 Romam
1553 1650 1681 1722 venisse;
1698 1654 1726 1705 et
1744 1653 1811 1704 ante
1825 1664 1891 1720 per·

1034 1747 1109 1798 actas
1123 1741 1311 1798 vindemiales
1325 1741 1393 1797 anni
1408 1740 1600 1796 trecentesimi
1625 1738 1792 1811 octogesimi
1813 1737 1890 1793 tertii

1033 1830 1119 1886 ferias
1131 1829 1207 1886 mitti
1230 1830 1429 1886 Mediolanum.
1451 1830 1522 1884 Nam
1542 1829 1567 1884 si
1585 1829 1688 1884 desunt
1706 1831 1887 1900 argumenta,

1035 1919 1139 1991 quibus
1153 1920 1291 1991 probetur
1305 1918 1491 1991 Symmachus
1511 1917 1593 1975 Urbis
1607 1917 1809 1989 praelectaram
1824 1932 1888 1989 ges-

1034 2007 1103 2063 sisse
1128 2024 1204 2063 anno
1231 2006 1431 2063 trecentesimo
1453 2006 1628 2078 octogesimo
1653 2004 1755 2073 tertio;
1786 2004 1890 2060 desunt

1033 2096 1141 2169 pariter
1154 2094 1286 2168 nobis'in
1299 2093 1470 2151 contrariam
1489 2098 1611 2166 partem.
1626 2094 1709 2149 turta
1729 2109 1818 2166 quem
1833 2094 1888 2148 oal-

1033 2186 1130 2240 eulum
1150 2183 1367 2258 panegyricum,
1383 2199 1471 2256 quem
1488 2183 1602 2238 videtur
1622 2182 1742 2237 innuere
1756 2198 1773 2237 a
1787 2197 1818 2237 sc
1837 2179 1889 2236 tri-

1034 2272 1144 2345 gesimo
1171 2273 1262 2329 eetahs
1290 2289 1366 2329 anuo
1394 2272 1535 2338 habitam,
1565 2271 1684 2327 recitare
1714 2269 1810 2342 potuit
1840 2273 1890 2324 aut

1033 2361 1150 2418 ineunte
1174 2378 1249 2418 anno
1277 2361 1474 2417 trecentesimo
1503 2360 1678 2433 octogesimo
1694 2364 1809 2433 quarto.
1839 2363 1888 2414 nat

1035 2450 1091 2507 alio
1117 2451 1245 2523 ejusdem
1279 2449 1349 2506 anui
1377 2453 1517 2522 tempore.
1549 2449 1639 2505 Nullis
1665 2449 1743 2503 anim
1771 2446 1889 2519 probari

1033 2543 1128 2612 potest
1169 2539 1348 2612 argumentis
1381 2539 1514 2594 eumdem
1549 2554 1625 2608 esse,
1655 2553 1741 2608 quem
1768 2535 1890 2592 heutoni

1034 2627 1145 2684 consuli
1159 2627 1247 2699 dixis,
1273 2632 1302 2684 et
1320 2629 1405 2699 longe
1420 2627 1543 2683 similius
1556 2643 1624 2682 vero
1639 2629 1681 2681 est
1695 2625 1780 2680 aliam
1802 2625 1889 2680 luisse

1034 2716 1216 2789 panegyrim,
1241 2733 1305 2772 cum
1332 2733 1397 2772 eum
1423 2716 1607 2788 Imperatoris
1631 2716 1728 2771 laudes
1742 2717 1890 2786 nuncupet

1032 2806 1129 2876 (lota,
1157 2808 1203 2862 uo.
1225 2810 1251 2874 6,
1276 2823 1337 2878 cap.
1364 2809 1391 2874 6,
1415 2821 1443 2861 η.
1466 2806 1505 2879 9).
1531 2806 1697 2862 Curautcm
1711 2803 1889 2877 Augustinus

1035 2899 1110 2969 (qum
1137 2896 1224 2951 etiam
1253 2896 1399 2951 nonnullis
1422 2894 1538 2950 errandi
1560 2911 1645 2949 causa
1667 2893 1768 2966 extitit)
1794 2897 1890 2949 osten·

1033 3001 1118 3040 suras
1146 3002 1176 3041 se
1203 2986 1239 3040 ah
1267 2985 1371 3049 Africa,
1400 3001 1466 3040 cum
1491 2984 1531 3040 ibi
1559 2983 1685 3039 damnati
1711 2987 1779 3039 saut
1800 2982 1888 3039 Mani-

1034 3073 1118 3142 choei,
1134 3090 1208 3130 anno
1227 3073 1431 3130 trecentesimo
1455 3072 1629 3144 octogesimo
1651 3076 1730 3127 sexto
1754 3072 1887 3138 abfuisse,

1035 3162 1161 3234 priorem
1177 3163 1255 3218 illam
1268 3162 1438 3235 panegyrim
1449 3160 1631 3234 Imperatoris
1645 3160 1748 3216 tacitus
1759 3160 1889 3231 praeterit

1033 3253 1146 3324 (Contra
1167 3255 1286 3309 Litteras
1308 3253 1447 3322 Petiticui,
1464 3251 1512 3306 tib.
1536 3254 1563 3316 6,
1588 3267 1615 3306 η.
1639 3250 1694 3320 60),
1715 3253 1887 3321 tantumque

1033 3357 1063 3396 aa
1078 3340 1272 3397 Mediolanum
1288 3340 1399 3395 venisse
1415 3343 1533 3395 testatur
1543 3342 1607 3394 nuta
1620 3338 1802 3394 consulatum
1819 3341 1887 3394 Beu-

1033 3429 1108 3485 tonis
1129 3430 1232 3503 (lota),
1256 3428 1302 3484 cai
1322 3428 1522 3500 magistratum
1545 3426 1658 3483 ineunti
1681 3428 1887 3500 panegyricam

1034 3517 1163 3585 dixerat;
1187 3517 1250 3589 ejas
1275 3516 1319 3573 rei
1342 3516 1432 3572 facilis
1456 3519 1484 3572 ei
1506 3519 1641 3588 prompta
1659 3515 1808 3586 responsio
1822 3518 1884 3572 cst:

1033 3604 1100 3677 quia
1119 3620 1185 3660 cum
1205 3605 1340 3677 frequens
1361 3622 1391 3660 so
1415 3605 1545 3676 praebere
1559 3603 1686 3675 potuerit
1699 3602 1811 3659 occasio
1827 3603 1886 3658 lau·

1033 3696 1121 3752 dandi
1135 3697 1327 3768 imperatoris,
1341 3695 1422 3752 novis
1436 3694 1611 3768 oportuisset
1625 3709 1692 3750 carm
1707 3693 1885 3766 argumentis

1033 3790 1269 3853 commonstrare,
1295 3785 1467 3858 panegyrim
1486 3785 1565 3840 illam
1594 3783 1764 3856 Imperatori
1784 3782 1885 3839 dictam

1033 3875 1118 3931 luisse
1136 3891 1209 3930 anuo
1226 3875 1426 3930 trecentesimo
1447 3873 1620 3945 octogesimo
1636 3877 1749 3945 quarto,
1765 3888 1823 3927 non
1837 3888 1884 3927 aa·

1033 3969 1091 4019 tem
1103 3980 1179 4018 anno
1194 3962 1392 4020 trecentesimo
1407 3963 1580 4034 octogesimo
1590 3962 1721 4033 septimo.
1736 3961 1786 4015 Sat
1798 3958 1884 4031 igitur

1032 4053 1133 4108 habuit
1147 4053 1248 4108 allerre
1264 4053 1397 4109 idoneam
1411 4052 1613 4125 probationem
1624 4049 1743 4105 minimo
1758 4047 1885 4114 dubiam,

1033 4146 1060 4196 et
1073 4157 1106 4195 eo
1117 4141 1210 4212 magis
1220 4141 1412 4212 perspicuam,
1424 4141 1500 4213 quod
1511 4140 1731 4197 Manichaeorum
1743 4135 1885 4194 damnatio

1034 4229 1144 4284 ridetur
1158 4230 1203 4284 his
1217 4229 1309 4285 verbis
1323 4230 1411 4286 luisse
1426 4230 1586 4303 subscripta
1602 4246 1608 4284 :
1625 4229 1710 4284 Auno'
1716 4230 1781 4299 post
1793 4240 1886 4282 consu·

1032 4320 1119 4374 tutum
1133 4321 1274 4385 hamonis,
1291 4324 1346 4376 etc.
1363 4321 1396 4376 Et
1422 4320 1458 4375 ob
1473 4319 1605 4374 eamdem
1629 4316 1704 4373 haud
1721 4315 1808 4372 dabie
1824 4330 1885 4370 cau·

1033 4424 1094 4463 sam
1109 4412 1193 4479 tacet,
1208 4426 1238 4464 se
1254 4410 1353 4464 Romae
1366 4407 1454 4464 luisse
1468 4411 1676 4464 commoratum
1690 4405 1779 4460 etiam
1793 4404 1884 4478 prius·

1033 4513 1122 4568 quam
1145 4497 1338 4554 Mediolanum
1356 4497 1597 4569 proficisceretur.
1621 4494 1773 4552 Maluimus
1792 4498 1885 4550 tamen

1033 4585 1188 4641 adveutum
1208 4587 1360 4658 Augustini
1375 4587 1567 4644 Mediolanum
1583 4600 1659 4640 anuo
1675 4584 1816 4639 duntaxat
1828 4586 1884 4638 tre·

1033 4674 1188 4730 centesimo
1204 4677 1376 4748 octogesimo
1391 4680 1493 4750 quarto
1505 4674 1684 4746 consignare,
1698 4688 1765 4728 cum
1781 4688 1814 4727 ee
1827 4687 1886 4725 seu·

1034 4763 1122 4819 tentia
1137 4764 1229 4836 magis
1244 4769 1358 4836 recepta
1370 4764 1416 4832 sit,
1437 4770 1465 4821 et
1476 4763 1632 4837 Augustini
1646 4761 1739 4818 rerhis
1758 4760 1887 4833 apprime

1033 4857 1243 4921 consentanea;
1260 4870 1384 4926 quaeque
1403 4870 1462 4910 non
1478 4859 1568 4927 ponat
1583 4851 1786 4924 Symmachum
1808 4865 1885 4923 prm·

1034 4941 1173 4996 iacturam
1197 4941 1279 4997 Urbis
1297 4941 1416 5014 gessisse
1441 4942 1501 5014 jam
1523 4942 1589 4998 inde
1610 4942 1647 4998 ab
1661 4957 1736 4996 auno
1753 4943 1888 4996 trecente

1034 5028 1107 5084 simo
1122 5029 1296 5100 octogesimo
1310 5034 1421 5102 quarto,
1433 5030 1563 5102 quamvis
1579 5031 1666 5102 hujus
1683 5028 1726 5084 rei
1736 5029 1817 5084 nulla
1830 5042 1888 5083 ccr-

1034 5122 1141 5174 naatar
1155 5118 1281 5191 vestigia.
1311 5119 1391 5184 Quod
1414 5119 1438 5174 si
1462 5135 1538 5174 anno
1558 5118 1758 5175 trecentesimo
1774 5122 1888 5190 octoge-

1033 5206 1106 5263 simo
1122 5213 1224 5279 quaarto
1241 5207 1358 5263 incunte
1372 5207 1505 5277 advenit;
1519 5208 1609 5263 statui
1624 5213 1725 5280 potest,
1742 5223 1810 5262 eura
1825 5212 1890 5262 ante

1033 5296 1214 5368 trigesimum
1229 5298 1319 5353 aetatis
1343 5313 1401 5353 suae
1416 5314 1525 5355 annum
1541 5298 1705 5354 ahsolutum
1720 5294 1891 5368 panegyrim

1035 5385 1205 5456 imperatori
1220 5385 1335 5443 dixisse.

1071 5477 1097 5529 6.
1112 5473 1176 5530 Alio
1190 5491 1304 5548 quoque
1319 5490 1354 5532 ex
1368 5475 1430 5533 ioco
1446 5491 1599 5549 exsurgere
1612 5476 1765 5548 scrupulus
1780 5477 1889 5547 potest:
