3884 6112
714 217 821 275 LIBER
845 215 989 275 PRIMUS.
1675 224 1727 280 593

71 358 138 400 ura
152 342 300 410 servitute,
324 357 382 414 qua
405 342 479 396 lucta
499 346 543 396 est
557 357 638 396 serra
655 342 773 414 peccati,
796 345 824 396 et
877 344 912 397 ab
925 328 1047 400 ea'modo
1061 358 1113 413 quo
1127 345 1292 400 naturaliter
1304 347 1397 412 tactus
1407 351 1455 412 est,
1470 350 1511 402 e'tc
1525 351 1661 404 ninellus
1672 367 1727 406 esse

71 434 223 504 usurparet,
239 430 407 502 adjuratum
427 436 503 486 reete
522 430 626 501 pieque
641 431 698 486 viri
713 448 729 486 a
743 447 823 486 mor·
877 434 1043 502 rronpossit3
1058 447 1090 486 ea
1102 448 1163 502 quae
1174 434 1259 501 debet,
1275 436 1354 501 facit,
1365 436 1485 492 cumino
1496 438 1577 503 facit.
1593 440 1728 495 Stantem

71 536 148 576 enon
166 524 271 591 potest.
299 521 332 574 Et
344 520 399 574 hoc
416 518 546 573 divinum
569 519 742 576 beneficium
767 536 824 591 quo
878 522 962 576 boreus
977 523 1054 576 nono
1068 527 1145 588 esset,
1159 523 1245 578 aliter
1259 531 1326 579 esset
1337 539 1422 591 3nunc
1436 529 1525 580 autem
1540 529 1607 595 quia
1621 530 1662 581 ita
1677 533 1727 596 est,

71 625 117 677 ur,
133 608 189 663 nisi
204 625 267 663 eam
282 607 461 680 praeveniret,
486 608 545 679 jem
562 608 671 663 meritis
694 609 755 679 ejus
770 609 820 662 da·
876 624 931 664 nore
942 614 982 665 est
1000 610 1092 676 bonus,
1109 626 1155 665 nec
1175 612 1254 666 laon
1269 614 1298 666 in
1316 617 1448 682 potestate
1467 619 1497 668 ut
1512 616 1595 671 tonus
1609 619 1656 682 sit,
1673 617 1729 671 siue

80 701 178 753 elnon
200 700 274 751 esset
292 696 394 768 gratia,
410 713 475 767 quaa
496 696 596 769 ulique
618 697 707 773 gratis
726 697 821 753 datur.
876 716 929 754 non
943 699 1059 754 videndo
1073 701 1164 770 qualis
1178 716 1233 755 esse
1246 700 1350 771 debeat,
1370 705 1428 758 siue
1441 703 1556 759 videndo
1576 708 1601 758 et
1618 720 1672 759 non
1683 721 1730 760 vc-

71 787 96 841 ἰιι
109 785 172 841 aliis
188 785 332 854 opusculis
344 784 451 838 nostris
465 783 534 838 salis
549 784 670 854 egimus,
687 785 756 839 istos
771 783 823 837 ini·
877 789 954 843 tendo
968 804 1023 844 esse
1045 790 1151 857 qualem
1172 804 1200 844 se
1222 790 1316 845 mbae
1341 805 1397 844 esse
1417 791 1500 845 uidet.
1525 793 1633 846 Ponam
1647 794 1728 846 istum
1744 774 1746 781 '

71 874 152 946 cujus
162 874 358 945 gratiaeuouos
371 873 520 927 haereticos
531 872 690 927 refellentes
702 891 708 939 ;
720 888 823 943 quum·
876 893 931 932 esse
945 879 1008 946 quis
1028 878 1153 933 dubitet?
1165 879 1257 934 Omnis
1273 883 1362 933 auum
1370 894 1463 948 punc,
1479 882 1504 934 si
1514 879 1592 948 justu
1604 885 1653 943 est,
1665 895 1728 950 pec-

73 979 92 1017 u
105 963 151 1017 his
162 961 251 1028 libris,
265 960 382 1032 quinon
397 957 564 1015 contraillos
579 960 822 1033 omnino,quippe
877 970 933 1021 cati
953 982 1035 1036 pana
1047 970 1097 1036 est,
1112 971 1137 1021 ct
1152 969 1317 1037 supplicium
1331 971 1501 1023 nominatur.
1525 969 1557 1024 Si
1578 973 1667 1024 autem
1682 972 1728 1023 in-

71 1051 167 1106 mdum
188 1054 278 1115 eraut,
294 1049 343 1104 sed
368 1055 465 1104 contra
485 1048 655 1105 llunichaeos
669 1049 823 1117 conscripti
871 1057 950 1122 justa
973 1069 1054 1123 pana
1075 1060 1123 1121 est,
1154 1057 1282 1123 quoniam
1302 1070 1409 1124 partam
1431 1069 1487 1110 esse
1504 1070 1580 1110 nemo
1598 1056 1726 1123 ambipit;

71 1139 99 1194 le
115 1138 214 1194 Libero
229 1137 375 1204 Arbitri03
392 1154 450 1191 non
469 1137 636 1192 omnimodo
651 1137 686 1191 de
699 1137 754 1191 ista
774 1137 822 1191 Dei
877 1143 979 1211 injusto
1000 1143 1093 1212 aliquo
1117 1142 1273 1197 dominante
1295 1144 1397 1197 lamini
1419 1145 1548 1212 imposita
1568 1149 1616 1199 est.
1644 1146 1728 1200 Porro

76 1226 252 1292 reticuimus,
269 1241 356 1297 quum
381 1225 506 1280 nelaudu
520 1224 668 1296 impietate
683 1229 822 1279 conantur
876 1232 942 1298 quia
954 1229 987 1282 de
1012 1232 1207 1298 omnipotentia
1226 1231 1274 1283 liei
1285 1234 1310 1283 et
1327 1229 1440 1297 justitia
1454 1229 1581 1284 dubitare
1595 1231 1725 1286 dementis

71 1330 90 1369 e.
109 1314 237 1370 Diximus
251 1314 359 1386 quippe
374 1313 541 1369 insecundo
557 1313 641 1383 libro,
656 1330 713 1367 non
730 1314 822 1367 sulum
876 1323 925 1384 est,
932 1318 1011 1386 jana
1026 1319 1080 1372 leco
1093 1333 1173 1386 prena
1187 1321 1236 1384 est,
1253 1321 1342 1385 cipro
1355 1322 1462 1385 peccato
1478 1320 1570 1386 aliquo
1587 1319 1725 1386 perditur.

71 1424 85 1468 i,
107 1401 155 1456 sed
172 1402 257 1456 etiam
278 1401 399 1455 minima
413 1401 488 1456 hono
502 1417 561 1455 non
576 1418 638 1455 esse
653 1417 745 1472 posse,
767 1400 823 1455 nisi
876 1408 936 1463 Non
950 1407 1021 1461 enin
1035 1408 1181 1476 qnisquam
1199 1406 1318 1474 injustas
1346 1405 1511 1471 dominator,
1527 1410 1576 1459 aut
1590 1406 1729 1476 subripere

71 1516 73 1535 ·
87 1506 104 1544 a
119 1507 175 1562 quo
191 1494 258 1545 sunt
270 1489 460 1558 omniabona,
472 1490 531 1545 hoc
541 1494 593 1554 est,
610 1492 677 1545 lieo.
691 1493 724 1545 El
736 1492 821 1561 paulo
877 1497 1009 1565 hominene
1022 1497 1113 1564 potuit
1125 1496 1198 1550 uelut
1210 1495 1350 1562 ipnoranti
1375 1496 1434 1554 lieo,
1451 1498 1499 1547 cut
1513 1497 1670 1562 entorqucre
1685 1497 1728 1550 in-

77 1580 209 1645 Virlules,
233 1581 356 1649 inquom,
378 1579 475 1647 quattus
495 1584 564 1633 recte
585 1581 698 1646 uiuitur,
720 1594 822 1647 maqna
876 1585 940 1643 cito,
958 1587 1089 1653 tanquam
1098 1568 1270 1648 invalidiori,
1286 1584 1328 1636 uel
1337 1582 1460 1636 terrerrdo
1475 1583 1517 1636 uel
1530 1583 1694 1650 consituendo
1708 1586 1728 1649 ¹,

71 1672 128 1733 ωας
158 1669 257 1736 specics
280 1673 369 1721 nutem
392 1667 572 1736 quorumlilet
592 1682 744 1736 corporum,
760 1670 818 1721 sine
875 1676 906 1725 nt
919 1670 1052 1725 hominem
1066 1671 1171 1739 injusta
1181 1686 1262 1739 plenu
1276 1672 1418 1724 cruciuret.
1435 1671 1610 1740 Relinquitur
1623 1686 1685 1738 erpo
1699 1676 1729 1725 ut

80 1761 151 1811 recte
162 1757 220 1810 uiui
230 1759 326 1825 potest,
335 1755 594 1809 minimabonasunt
606 1771 612 1808 :
619 1757 747 1824 poteentia
761 1770 821 1810 uero
876 1759 931 1813 iaec
945 1773 1024 1828 puna
1037 1760 1115 1827 justa
1135 1758 1168 1812 de
1182 1759 1355 1814 damnatione
1373 1761 1489 1814 laminis
1503 1761 1595 1814 ueniat
1612 1760 1684 1827 (lto.
1701 1763 1727 1825 3,

85 1845 144 1897 sine
164 1844 261 1912 orcitus
280 1847 349 1897 recte
371 1845 429 1897 uiui
452 1858 504 1897 non
522 1848 619 1912 potest,
640 1844 729 1897 media
753 1844 822 1898 imru
876 1861 899 1901 a.
918 1847 961 1911 l8,
977 1860 1023 1899 nn.
1041 1847 1085 1909 50,
1105 1844 1160 1914 sl).
1177 1845 1210 1898 Et
1224 1844 1280 1899 alio
1294 1845 1380 1900 loco:
1407 1845 1578 1914 approbare,
1603 1847 1726 1913 inquam,

71 1931 221 1986 Virtutibus
231 1932 383 1985 nemomcle
396 1933 502 1984 retitur:
520 1933 621 1986 ceteris
635 1931 820 1997 antonianis,
875 1934 950 1999 falsu
959 1946 1009 2001 pro
1021 1935 1092 1986 unis
1104 1936 1135 1985 ut
1148 1937 1218 1986 erret
1234 1935 1346 1997 inuitus,
1367 1937 1393 1986 et
1407 1934 1546 1987 resistente
1571 1936 1653 2002 atque
1672 1938 1728 1988 tor·

71 2019 160 2075 nediis
175 2022 344 2086 aluminis,
359 2035 412 2074 non
424 2020 510 2074 solum
525 2020 597 2085 bene,
607 2020 653 2075 sed
662 2021 744 2074 eliam
752 2020 822 2073 male
877 2025 972 2090 quenle
985 2021 1076 2076 dolore
1088 2024 1099 2056 ²
1122 2022 1241 2075 carnalis
1255 2022 1368 2086 vinculi,
1383 2035 1436 2075 non
1448 2035 1527 2090 posse
1541 2037 1559 2074 a
1573 2014 1727 2076 libidinosis

71 2110 141 2163 euti
151 2111 247 2178 polest.
265 2111 300 2163 Et
326 2108 387 2162 ideo
404 2110 593 2162 virtutemne
622 2109 691 2161 nale
715 2109 820 2162 atttnr:
876 2111 1002 2180 operiens
1018 2114 1175 2179 amparare,
1185 2115 1287 2166 nonest
1300 2115 1401 2165 recuro
1411 2111 1533 2164 instituti
1545 2105 1728 2175 cominiano

71 2212 117 2253 oue
131 2200 242 2252 uirtutis
256 2202 295 2251 est
310 2197 393 2251 bonus
408 2211 475 2252 usus
490 2199 613 2262 istorum,
630 2196 728 2265 quitus
740 2196 822 2251 etium
874 2215 955 2269 paena
968 2198 1102 2255 damnati.
1119 2201 1190 2254 Cum
1205 2204 1294 2254 autern
1313 2199 1346 2253 de
1373 2200 1459 2254 libera
1472 2195 1485 2231 ⁸
1500 2199 1637 2252 uoluntate
1658 2199 1728 2249 recte

71 2301 102 2341 ne
116 2288 158 2341 uti
169 2301 330 2355 possumus:
344 2301 420 2340 nano
439 2288 528 2340 autern
543 2285 606 2339 bene
621 2285 728 2351 utendo,
752 2287 822 2340 male
875 2288 997 2356 facundi
1009 2290 1155 2358 loquimur,
1172 2288 1205 2344 de
1218 2289 1267 2342 illa
1279 2290 1381 2343 scilicet
1407 2289 1436 2342 ln
1451 2303 1507 2357 quo
1535 2288 1611 2341 tomo
1635 2286 1727 2351 fuctus

79 2375 171 2442 Quare
181 2373 547 2442 oburrdanliartmaqnitudo
557 2372 683 2428 incitatis
696 2375 756 2442 Dei,
768 2389 822 2428 non
876 2381 925 2443 est,
942 2378 1079 2448 loquimur
1093 2376 1183 2448 (luia,
1197 2393 1225 2431 n.
1244 2377 1297 2443 52).

75 2479 188 2532 maana,
214 2463 260 2517 sed
283 2464 365 2517 etiam
388 2463 477 2516 media
497 2465 530 2521 et
545 2464 658 2517 minima
678 2462 747 2517 bona
767 2478 822 2518 esse
911 2468 937 2520 6.
955 2466 1023 2520 Ecce
1042 2470 1101 2520 tam
1113 2466 1198 2535 longe
1212 2469 1367 2535 antequam
1383 2463 1537 2532 Pelagiana
1551 2461 1669 2516 haeresis
1681 2477 1727 2516 ex-

71 2554 109 2608 n't.
127 2553 215 2618 llapis
236 2551 377 2605 nudanda
393 2555 433 2606 est
454 2552 559 2607 leonitas
574 2551 633 2620 ejus
647 2553 677 2606 in
700 2554 819 2619 maante,
876 2553 1004 2617 stitisset,
1020 2552 1060 2608 sie
1075 2551 1293 2623 disputavimus,
1313 2552 1390 2606 uelut
1400 2551 1463 2621 jam
1478 2553 1576 2604 contra
1590 2549 1653 2605 illos
1666 2550 1728 2604 dis-

71 2639 199 2695 irrueritis
211 2657 218 2706 ;
233 2643 258 2692 et
275 2642 363 2706 inopis
376 2642 407 2694 in
419 2639 622 2708 meditamen
645 2642 674 2693 in
700 2641 821 2695 minimis
875 2647 1052 2715 putaremus.
1069 2642 1140 2696 Cum
1155 2639 1335 2695 enimomnie
1348 2639 1424 2694 bonu
1433 2637 1596 2693 dicerentur
1609 2654 1642 2692 ex
1656 2639 1725 2704 Deo,

79 2729 128 2785 red
151 2731 239 2795 napis
253 2727 427 2794 inomniius,
441 2730 628 2798 quamsinon
651 2729 742 2782 omnic
770 2728 820 2780 tri·
875 2729 905 2784 id
920 2734 963 2785 est
977 2735 1006 2786 el
1020 2745 1135 2800 magna,
1151 2728 1299 2794 almedis,
1315 2726 1495 2782 etmiuima:
1511 2725 1651 2780 inmediis
1665 2725 1727 2796 qui·

83 2816 154 2889 (let.
170 2820 235 2883 Qu.
254 2819 338 2884 ld,n.
356 2820 409 2887 50).
435 2817 467 2872 Et
480 2816 535 2871 alio
552 2817 632 2870 loco:
651 2818 691 2870 Tu
704 2818 819 2882 tantun,
874 2819 940 2874 dem
966 2818 1048 2874 honis
1070 2817 1214 2871 invenitur
1241 2815 1365 2871 liberum
1391 2814 1545 2869 voluntatis
1564 2813 1724 2881 arbitrium,

71 2922 92 2974 a,
105 2908 235 2976 pietatem
250 2908 434 2961 inconcussam
450 2910 507 2960 tene
521 2906 541 2972 ¹,
557 2909 587 2959 ut
602 2905 708 2959 nullum
720 2903 820 2957 tillio·
875 2906 943 2977 quia
959 2909 989 2961 et
1002 2905 1076 2960 male
1100 2905 1151 2959 illo
1176 2904 1220 2959 uti
1235 2918 1404 2975 possumus3
1421 2901 1470 2956 sed
1484 2907 1581 2956 tamen
1599 2900 1656 2955 tale
1671 2903 1725 2968 est,

71 2995 104 3050 rel
115 2996 252 3060 sentienti,
267 2995 309 3048 uel
323 2995 494 3062 iutellipcnti,
510 2995 552 3048 uel
565 3007 671 3062 quoquo
686 2991 763 3045 modo
777 3005 818 3044 00·
874 2996 981 3050 ulsine
995 2995 1045 3050 illo
1069 2997 1144 3049 recte
1168 2992 1262 3047 vivere
1290 3006 1476 3063 nequeamus.
1507 2991 1601 3045 Bonus
1628 2991 1725 3042 autem
1754 3023 1758 3031 ·

81 3089 216 3150 acala-ar,
232 3084 364 3153 quodnon
376 3085 412 3138 sit
424 3099 457 3137 cn
467 3086 527 3138 lico.
543 3084 673 3152 Itemque
684 3080 741 3134 alio
755 3080 818 3134 loco
874 3100 942 3138 usus
956 3082 1308 3154 eJosjumvinusestqua
1317 3080 1348 3135 in
1357 3078 1469 3151 magnis
1480 3075 1723 3150 reperiturhonis,

71 3173 117 3231 aad
130 3175 258 3242 quonium
271 3188 325 3227 non
348 3175 419 3227 sicut
439 3176 533 3241 sponte
554 3173 630 3225 lamo
648 3169 755 3236 cecidit,
779 3170 819 3223 na
873 3171 979 3243 quibus
991 3173 1066 3227 mule
1082 3170 1124 3226 uti
1148 3171 1246 3225 nullus
1260 3173 1362 3240 potest.
1390 3169 1422 3224 El
1435 3167 1504 3240 quin
1518 3166 1615 3221 omnia
1636 3165 1723 3232 bona,

71 3266 162 3333 sponte
181 3275 290 3328 sarone
309 3264 413 3330 potest3
432 3264 585 3330 porrectum
606 3259 683 3314 nobis
705 3257 819 3326 desuper
873 3260 946 3315 sicut
973 3259 1148 3327 dictumest,
1164 3262 1192 3314 et
1208 3275 1320 3330 magna,
1340 3262 1369 3312 el
1383 3256 1490 3325 media,
1505 3261 1534 3311 et
1549 3254 1669 3309 minima
1687 3270 1721 3309 ex

71 3367 109 3406 rm
122 3352 179 3417 liei,
194 3350 272 3405 idest
281 3351 552 3405 Dominunnostrum
558 3349 656 3403 Jesurn
670 3347 816 3418 Gltristunr,
873 3351 932 3404 Deo
952 3353 1035 3414 sunl;
1052 3349 1192 3420 sequitur,
1207 3351 1239 3403 ut
1252 3363 1286 3403 ex
1302 3349 1359 3402 lieo
1379 3346 1416 3402 sil
1439 3345 1524 3401 eliam
1545 3346 1638 3400 bonus
1653 3359 1722 3397 usus

71 3440 111 3495 ide
127 3443 261 3493 teneamus
276 3438 338 3507 (ld,
351 3454 373 3492 c¹
390 3440 435 3503 20,
447 3454 474 3491 n.
487 3435 544 3506 sl).
873 3437 971 3493 liberae
984 3436 1149 3504 voluntale,
1166 3452 1232 3507 qum
1247 3436 1336 3490 virtus
1349 3440 1401 3501 est,
1417 3440 1445 3488 et
1460 3435 1490 3489 in
1501 3434 1612 3502 magnis
1626 3447 1723 3487 nume

71 3527 132 3583 tin
158 3526 230 3581 libro
259 3525 355 3591 tertio,
385 3541 449 3578 cum
465 3524 596 3580 dixissem
619 3523 701 3590 illud,
718 3539 775 3596 quo
791 3527 820 3579 el
872 3530 954 3582 retur
968 3525 1063 3582 bonis.
1079 3524 1187 3580 Deinde
1201 3523 1308 3579 dictum
1323 3527 1377 3588 est,
1394 3537 1428 3576 ex
1444 3537 1500 3593 qua
1515 3519 1630 3574 miseria
1655 3535 1721 3589 pec·

71 3631 115 3672 nm
129 3616 164 3670 de
187 3615 258 3670 meis
272 3613 416 3685 opusculis
440 3629 524 3668 mum
538 3612 624 3667 fuisse
643 3628 818 3667 commemo·
873 3614 1004 3672 euntibus
1025 3612 1183 3684 justissime
1211 3611 1329 3676 infllcta,
1354 3610 1456 3664 liberet
1474 3607 1525 3663 liei
1540 3607 1639 3679 grstia,
1655 3606 1723 3678 quia

71 3706 120 3761 uris
134 3706 214 3769 enim,
230 3706 354 3773 inquam,
368 3707 461 3771 peceat
479 3703 508 3754 in
522 3716 552 3755 eo
570 3701 643 3770 quod
663 3700 738 3757 nullo
759 3717 818 3756 mc·
873 3708 975 3775 sponte
1005 3704 1102 3768 homo,
1126 3701 1156 3755 id
1176 3703 1219 3756 eet
1236 3700 1327 3755 libero
1349 3697 1478 3764 arbitrio,
1502 3697 1602 3751 cadere
1617 3695 1721 3767 poluit,

71 3795 108 3849 eri
119 3792 226 3863 potest?
239 3795 367 3848 Peccator
385 3795 493 3845 andem:
509 3793 599 3845 cauni
613 3792 700 3858 ipitur
712 3795 817 3860 potest;
873 3809 932 3848 non
947 3791 1034 3847 eliam
1046 3805 1181 3862 surgere:
1197 3789 1231 3844 ud
1248 3804 1333 3859 qnam
1347 3786 1493 3842 miseriam
1506 3787 1590 3857 Juslae
1603 3784 1723 3840 dumna-

71 3897 107 3936 uo
121 3885 234 3935 secutus
256 3879 373 3949 adjunxi
388 3896 395 3934 ε
411 3883 447 3935 Et
462 3884 550 3934 tumen
563 3881 645 3934 etium
661 3894 711 3948 per
739 3880 819 3947 iquo-
873 3881 960 3934 tionis
974 3879 1101 3950 pertinet
1114 3877 1277 3950 ignorantia
1291 3880 1319 3932 et
1333 3875 1496 3938 difficultas,
1514 3890 1601 3946 quam
1616 3873 1725 3945 patitur

71 3971 174 4038 retacta
184 3970 309 4039 quadam
320 3969 519 4038 improbantur,
535 3966 731 4037 etcorripenda
739 3966 820 4036 judi·
874 3967 1068 4023 omnishomo
1083 3967 1118 4021 ab
1142 3965 1260 4020 exordio
1284 3963 1439 4019 nativitatis
1454 3981 1532 4030 suae;
1547 3979 1600 4017 uec
1613 3963 1649 4018 ab
1671 3961 1724 4017 isto

75 4076 85 4123 ς
101 4061 171 4113 suut
185 4061 216 4113 in
229 4058 331 4113 diuinis
343 4056 527 4111 srmtordabus
542 4057 664 4122 unimus.
679 4056 729 4111 Ait
749 4057 820 4109 enim
874 4057 961 4121 malo,
977 4052 1623 4125 oisiueigratia,qnisqmmltboraturittae,
1640 4055 1722 4117 o.tli;

71 4146 126 4215 tus,
145 4145 385 4201 «Misericordiam
404 4148 558 4198 consecutus
571 4159 641 4207 sum,
663 4145 729 4212 quio
742 4145 820 4211 iquo-
874 4149 899 4202 el
915 4146 962 4199 lib.
977 4147 1003 4212 3,
1019 4160 1042 4198 c.
1060 4143 1117 4212 l8);
1135 4158 1223 4214 qnam
1244 4142 1391 4198 miseriam
1404 4141 1550 4213 Pelagieni
1565 4141 1669 4194 nolunt
1692 4154 1724 4193 ex

71 4236 113 4290 eoi
130 4255 141 4283 ι
160 4235 193 4304 ll
211 4237 279 4289 Tim.
297 4251 316 4295 1,
344 4235 386 4304 13)
398 4249 405 4300 ;
419 4235 460 4286 ait
481 4237 506 4286 et
521 4233 671 4302 propheta:
690 4253 703 4280 «
719 4231 821 4286 Delicta
872 4233 949 4304 Jusla
964 4230 1149 4287 damnatione
1163 4230 1344 4297 descendere,
1360 4234 1498 4300 negantes
1513 4226 1652 4298 originale
1663 4239 1725 4295 pec-

71 4325 118 4380 atis
131 4339 195 4378 meae
209 4328 234 4378 el
248 4324 409 4393 ianorantiae
423 4338 486 4376 enea·
500 4336 532 4392 ne
545 4321 720 4374 neminum»
738 4320 818 4387 (Psal.
874 4324 987 4374 calum:
1004 4316 1133 4388 quamvis
1147 4316 1310 4386 ignorantis
1324 4320 1353 4369 et
1374 4315 1537 4378 difficultas,
1552 4309 1663 4366 etiamsi
1684 4325 1725 4364 es-

71 4416 105 4468 ll.
130 4412 199 4468 Sunt
217 4415 297 4467 etiam
313 4413 468 4466 necessitate
481 4413 558 4477 lactu
568 4408 760 4478 improbanda,
774 4408 823 4462 ubi
875 4411 938 4462 sent
951 4404 1076 4460 hominis
1090 4403 1249 4476 primordia
1260 4403 1422 4470 naturalie3
1436 4416 1487 4456 uec
1501 4399 1541 4454 sic
1554 4397 1724 4468 culpandus,

71 4516 120 4557 nno
140 4505 210 4555 recte
223 4503 314 4568 facem
336 4503 361 4555 et
386 4515 439 4554 non
461 4504 556 4569 potest.
580 4500 650 4555 Nam
673 4497 744 4551 unde
759 4500 821 4552 sunt
876 4494 925 4549 sed
941 4492 1100 4549 laudandus
1115 4497 1190 4548 esset
1204 4494 1288 4557 Deus,
1305 4491 1378 4546 sicut
1395 4490 1425 4546 in
1440 4489 1540 4544 eodem
1555 4486 1638 4542 terlio
1652 4486 1725 4542 libro

71 4604 135 4645 ces:
165 4588 419 4659 «ll'onmimquod
446 4589 512 4653 uolo,
539 4590 612 4655 tacto
640 4587 755 4652 bonum3
775 4585 822 4641 sed
876 4581 1081 4653 disputavimus
1107 4581 1176 4650 (llo.
1207 4584 1233 4638 3.
1259 4597 1296 4636 ec.
1313 4583 1358 4647 20,
1387 4577 1445 4647 tl).
1473 4577 1542 4642 Quae
1570 4574 1725 4647 disputatio

73 4678 227 4743 dimetrum,
255 4679 301 4732 loc
317 4693 372 4745 epo.
391 4700 404 4727 a
420 4680 455 4733 lit
472 4676 562 4731 illud:
590 4676 694 4731 «Velle
715 4675 822 4745 adjacet
875 4675 976 4725 contra
989 4669 1296 4726 lluuichaeoshabenda
1310 4671 1362 4730 est,
1378 4665 1494 4737 quinon
1507 4662 1728 4737 accipiuntScri·

71 4769 203 4839 patrem,
222 4771 311 4821 nutem
326 4767 432 4833 bonum,
447 4781 525 4819 nonu
540 4763 629 4835 (Rom.
646 4780 693 4832 vn,
708 4752 750 4829 li,
770 4761 820 4831 lli).
876 4759 975 4826 pluras
995 4760 1106 4809 sanctas
1120 4753 1229 4810 Veteris
1249 4750 1446 4821 instrumenti,
1461 4749 1492 4804 in
1514 4749 1620 4821 quihus
1635 4747 1727 4819 origi-
1835 4762 1842 4773 ·

71 4856 107 4914 d:
130 4858 225 4914 «toro
248 4858 411 4925 concupiscit
429 4856 558 4909 aduersus
576 4855 714 4923 spiritum,
738 4853 822 4922 spiri·
876 4846 941 4899 nale
955 4848 1102 4915 peccatum
1118 4846 1271 4907 narratur3
1286 4845 1316 4895 el
1330 4838 1471 4911 quidquid
1486 4838 1554 4894 inde
1568 4837 1599 4893 in
1614 4836 1727 4892 Litteris

71 4950 121 5004 tem
141 4947 270 5001 aduersus
294 4960 412 4998 carnem.
431 4945 492 4999 llaea
514 4944 585 4996 enin
604 4944 715 4996 inuicem
729 4939 823 4994 adver
876 4932 1038 5004 apostolicis
1052 4931 1157 5004 legitur
1173 4928 1333 4986 detestabili
1361 4927 1539 4999 impudentia
1564 4925 1725 4981 immissum

71 5078 79 5105 ,
91 5040 184 5091 utnon
198 5051 229 5090 eo
240 5050 299 5105 que
312 5034 405 5100 uultis,
420 5033 533 5099 famatis
544 5030 558 5086 i
571 5050 586 5083 e
602 5031 705 5102 (dolat.
720 5045 748 5096 u,
771 5027 821 5096 lt.)
877 5023 964 5078 luisse
977 5020 1153 5078 contendunt
1166 5036 1184 5074 a
1197 5016 1412 5090 corruptoribus
1425 5015 1650 5087 Scripturarum,
1662 5016 1726 5067 tan·

71 5141 99 5182 rc
112 5126 204 5180 omnio
220 5125 357 5177 lominum
369 5125 433 5176 sunt
447 5136 481 5176 en
495 5121 544 5175 itta
557 5121 652 5174 mortis
669 5118 823 5172 damnatio·
908 5131 917 5164 ¹
936 5127 992 5178 Sari
1011 5127 1030 5176 li
1042 5126 1135 5238 glarea
1147 5138 1177 5174 ac
1192 5122 1317 5189 potiores,
1332 5121 1528 5173 conturbando.

71 5215 193 5270 lentium.
210 5214 317 5269 Nomai
339 5214 445 5265 nonest
463 5211 518 5264 isto
538 5224 617 5279 poena
635 5208 762 5272 laminis,
798 5221 826 5261 se
878 5191 922 5302 Εἰ
936 5185 1415 5313 glussffinfflgffilgfffieiflffiffss·
1427 5183 1579 5238 Wlfflin
1590 5178 1728 5230 Μ’·-

71 5319 95 5373 t;
111 5303 189 5357 milla
202 5304 378 5370 ‘'stadem“
393 5304 465 5354 Will-
482 5300 513 5355 32¹
533 5299 605 5353 essim
623 5311 677 5351 ἢθη
691 5293 826 5349 reciditur
913 5315 1002 5363 ’Lon
1013 5325 1074 5362 cum
1088 5311 1270 5375 aliquotlilss.,
1281 5298 1729 5361 delllauoluntate.Abeetrerotlla

881 5395 897 5429 a
908 5376 995 5432 Coris..
1008 5388 1055 5446 pro
1065 5386 1118 5447 quo
1126 5372 1196 5437 apud
1206 5372 1262 5422 Am.
1275 5372 1360 5434 etEr.,
1371 5371 1466 5445 libera.
1479 5367 1521 5417 Sic
1531 5377 1608 5430 porro
1620 5363 1665 5413 lib.
1675 5361 1729 5435 ide

880 5442 973 5493 Libero
987 5437 1111 5495 Arbrtno,
1126 5436 1197 5486 unde
1211 5435 1485 5485 hucrevocavrmus-
1500 5429 1561 5478 Lov.
1578 5427 1646 5487 Pan,
1656 5424 1689 5476 de
1698 5424 1729 5478 lr-

71 5530 90 5564 s.
108 5518 232 5578 quotuor,
244 5515 349 5580 pietate
363 5515 525 5563 inconcussa
540 5512 608 5563 tene.
883 5506 949 5555 ocra
968 5499 1113 5557 rolurttate,
1131 5497 1188 5547 sine
1202 5497 1258 5548 illa.
1277 5497 1310 5545 Μ.
