3884 6112
130 243 182 298 567

124 342 250 436 'opponit
265 364 295 417 m
310 363 383 418 leem
395 363 430 418 aa
445 362 630 432 correptione
645 356 984 429 transrenensibus

132 452 409 518 contralulianum;
426 451 479 506 huc
494 456 586 506 tutum
609 450 663 521 ipsi
685 466 737 522 pro
758 465 788 504 se
812 447 985 519 regerebant

34 554 41 563 ·
132 557 245 596 summa
258 540 438 596 contentione
454 555 485 593 ac
507 555 605 611 pugna
623 554 630 592 :
647 544 708 593 tum
729 533 889 593 doctrinam
904 536 984 590 illam

133 627 316 684 aedificationi
343 625 522 681 audientium
552 625 726 680 contrariam
755 639 815 679 esse
840 622 982 688 dicebant,

131 723 218 788 atque
233 719 405 787 eapropter,
426 713 538 768 etiamsi
558 729 624 768 vera
639 713 686 781 sit,
702 727 761 767 non
782 710 982 783 promendam.

132 805 274 860 Ceterum
290 802 512 857 obstinationem
531 817 613 855 suam
637 800 785 856 vetustatis
800 799 917 855 nomine
935 799 984 853 de·

131 889 524 957 tendentes,‘contendebant
547 889 679 958 Paulum,
707 889 790 959 cujus
815 887 984 942 auctoritate

131 979 233 1035 nititur
247 978 436 1050 Augustinus,
463 994 479 1030 a
507 978 586 1031 nullo
605 977 743 1032 hacteuus
767 976 806 1032 ita
830 992 891 1030 esse
906 975 986 1029 intel-

132 1069 246 1122 lectum.
268 1065 347 1130 Quod
366 1065 411 1119 ad
422 1064 557 1135 parvulos
572 1066 690 1135 spectat,
707 1062 738 1117 in
765 1063 870 1134 quibus
889 1061 987 1116 divina

132 1155 226 1210 elucet
239 1152 465 1225 praedestinatiu,
484 1153 554 1206 tales
568 1151 684 1206 aiebant
697 1151 780 1221 perdi
795 1152 920 1223 talesque
935 1149 987 1204 sal·

133 1243 203 1309 vari,
219 1243 317 1314 quales
331 1241 444 1296 tuturos
472 1240 537 1294 illos
557 1240 587 1294 in
608 1239 711 1310 majori
727 1243 820 1305 aelate,
837 1239 860 1292 si
875 1239 911 1293 ad
924 1253 987 1292 eam

133 1330 327 1403 pervenirent,
349 1327 467 1382 scientia
488 1326 587 1382 divina
609 1326 786 1398 praeridisset
800 1328 901 1397 (Epist.
923 1329 984 1392 225,

132 1434 162 1473 ιι.
179 1418 215 1487 5).
233 1419 289 1472 Nec
311 1415 482 1471 absimiliter
497 1415 687 1486 quaestionem
701 1415 737 1470 de
755 1414 922 1486 majoribus,
938 1430 988 1468 cnr

132 1505 320 1576 Evangelium
336 1520 397 1558 non
411 1503 545 1557 omnibus
567 1503 749 1574 praedicetur,
764 1503 942 1568 enodabant3
959 1501 987 1556 id

133 1592 309 1648 affirmantes
324 1590 515 1663 praescientiae
529 1607 591 1644 esse
606 1590 720 1658 divinae,
743 1591 854 1646 ntideo
870 1590 987 1661 quibus·

134 1681 201 1736 dam
228 1680 344 1752 pupulis
369 1696 429 1735 non
454 1677 635 1749 praedicetur,
659 1679 736 1750 quod
762 1680 833 1734 illud
849 1695 907 1733 non
933 1678 988 1732 sint

133 1769 277 1840 recepturi
293 1768 388 1837 (ibid,
406 1774 431 1823 et
443 1769 533 1838 Epist.
550 1770 611 1834 226,
628 1784 657 1822 rr.
678 1771 714 1831 3).
731 1769 873 1822 Praeterea
888 1767 988 1822 discri-

135 1872 201 1912 men
215 1855 406 1911 constitutum
422 1855 458 1910 ab
478 1854 639 1925 Augustino
655 1853 729 1910 inter
744 1855 867 1927 gratiam
880 1858 988 1910 Adumo

134 1946 240 2012 datam,
264 1949 293 1999 et
314 1958 378 1999 eam
398 1959 463 2015 quae
487 1943 570 1998 nobis
596 1942 691 2009 datur,
719 1944 837 1998 moleste
858 1944 989 1999 terebant

135 2036 234 2104 (Epist.
250 2036 315 2101 226,
334 2050 362 2088 n.
383 2031 419 2103 6).
437 2033 494 2087 ltec
513 2032 646 2086 volebant
668 2032 802 2103 cuiquam
824 2033 911 2087 talem
927 2032 988 2087 dari

135 2121 387 2193 perseverantiam,
404 2137 421 2175 a
439 2136 496 2191 qua
515 2136 575 2175 nun
589 2119 773 2191 permittatur
796 2121 988 2192 pravaricari,

135 2209 218 2264 seda
238 2224 296 2280 qua
310 2207 400 2279 possit
414 2222 466 2261 sua
488 2208 634 2262 voluntate
654 2208 786 2274 deiicere,
814 2214 843 2264 et
864 2225 930 2281 quse
946 2211 989 2264 rel

138 2295 307 2367 suppliciter
334 2294 465 2364 emereri,
489 2296 531 2349 vel
556 2295 649 2349 amitti
675 2297 883 2351 contumaciter
902 2297 991 2368 possit

136 2384 239 2452 (loru,
253 2399 284 2438 n.
304 2383 345 2452 l).
369 2382 492 2448 Quidam
517 2381 604 2436 etiam
619 2398 651 2437 ex
673 2382 776 2437 iisdem
798 2384 884 2440 Gallis
899 2384 990 2439 adbuc

136 2471 257 2542 propius
280 2488 296 2525 a
315 2469 468 2541 Pelagiaua
483 2470 585 2524 haeresi
605 2470 780 2537 recedentes,
797 2473 917 2543 gratiam
932 2473 990 2526 sal-

137 2566 254 2615 vantem
268 2558 483 2630 distinguebant
502 2558 536 2613 ab
550 2558 653 2613 initiali
669 2559 772 2631 gratia,
790 2565 818 2614 et
832 2561 906 2615 hauc
917 2560 990 2626 nibil

138 2649 218 2703 aliud
233 2663 294 2702 esse
306 2647 463 2718 ponebant,
477 2662 565 2718 quam
579 2647 722 2702 rationem
735 2653 764 2703 et
775 2648 899 2703 liberum
915 2649 989 2703 urbi-

138 2736 226 2792 trium
239 2735 347 2790 homini
364 2735 434 2791 nibil
449 2734 529 2806 prius
544 2735 676 2798 merenti,
694 2736 762 2800 utria
777 2752 828 2791 nec
845 2737 989 2804 existenti,

139 2824 279 2881 creatoris
293 2823 433 2879 beneficio
450 2839 633 2892 concessum
648 2830 734 2895 atque
750 2825 811 2896 ejus
826 2842 879 2898 ope
889 2825 991 2881 nihilo-

138 2914 235 2969 minus
252 2912 412 2979 bominem,
437 2912 506 2967 dum
521 2912 597 2967 buno
617 2918 727 2968 uaturoe
748 2913 822 2969 bene
836 2914 938 2984 utitur,
954 2916 991 2970 ad

77 3060 81 3066 ,
139 3002 295 3056 salvantem
310 3002 433 3072 gratiam
460 3000 611 3071 pervenire
632 3001 732 3073 (Epist.
749 3005 812 3070 225,
835 3019 864 3058 n.
888 3003 926 3074 4).
952 3006 991 3058 Ac

140 3090 180 3144 sic
194 3103 259 3142 cum
274 3088 304 3142 in
318 3088 485 3158 majoribus,
497 3088 549 3159 qui
562 3089 653 3144 libero
663 3091 922 3162 utrmturarbitrio‚
933 3092 990 3147 duo

140 3175 197 3231 sint
216 3191 281 3247 qua
302 3175 459 3230 humanam
480 3181 635 3248 operantur
657 3177 789 3246 salntem,
815 3177 866 3232 Dei
885 3179 991 3234 scilicet

141 3264 243 3336 gratia,
263 3268 290 3318 et
308 3263 432 3320 hominis
446 3263 625 3331 obedieutia;
638 3267 765 3338 priorem
780 3267 912 3322 volebant
923 3269 991 3323 obe·

140 3352 280 3409 dientiam
296 3368 366 3419 esse,
383 3368 470 3423 quam
483 3351 615 3423 gratiam,
633 3359 664 3409 ut
676 3354 791 3409 initium
802 3356 901 3410 salutis
913 3373 947 3412 ex
957 3375 990 3413 eo

141 3441 191 3513 qui
206 3441 341 3506 salamon,
357 3456 416 3495 nun
436 3456 470 3494 ex
484 3457 518 3495 eo
535 3440 709 3497 credendum
724 3442 761 3496 sit
784 3449 859 3498 stare
874 3446 925 3516 qui
939 3447 991 3500 sal·

141 3533 202 3597 rat;
219 3534 248 3585 et
269 3531 400 3585 voluntas
422 3528 547 3584 hominis
570 3529 674 3585 divinoe
693 3532 793 3602 gratiae
821 3532 874 3588 sibi
897 3534 992 3604 pariat

142 3635 238 3691 opem,
253 3635 311 3673 uon
323 3618 415 3690 gratia
429 3618 483 3673 sibi
498 3618 654 3675 humanam
669 3620 800 3692 subjiciat
815 3621 990 3677 voluntatem

141 3707 236 3774 (ibid,
251 3724 278 3762 n.
301 3708 338 3776 6).
353 3706 481 3762 Tandem
503 3712 643 3777 quantum
667 3707 788 3779 quisque
812 3711 849 3765 ad
871 3711 989 3780 malum,

142 3798 254 3848 tantum
269 3792 374 3847 habere
389 3792 530 3848 facultatis
543 3795 579 3849 ad
594 3795 703 3850 bonum
717 3796 929 3867 praedicabant3
944 3815 992 3870 pa·

142 3881 225 3951 rique
240 3884 386 3934 momento
401 3880 529 3935 animum
546 3882 627 3936 seret
639 3882 673 3936 ad
685 3883 807 3939 vitiaret
823 3885 859 3939 ad
873 3886 991 3941 virtutes

141 3982 268 4035 morere,
287 3981 374 4038 quem
397 3967 473 4022 bona
495 3973 678 4039 appetentem
704 3971 796 4042 gratia
817 3973 867 4027 Dei
888 3973 990 4042 foveat,

132 4056 219 4110 mala
232 4059 390 4111 sectantem
405 4055 550 4112 damuatio
561 4058 641 4128 justa
655 4059 790 4131 suscipiat
800 4061 899 4132 (ibid,
910 4078 938 4118 n.
951 4064 990 4134 4).

144 4145 208 4200 nee
223 4143 335 4216 aliaque
350 4148 449 4199 contra
464 4144 552 4200 tidem
576 4146 835 4217 praedestinationis
849 4153 878 4204 et
892 4150 992 4220 gratia

138 4233 322 4305 jactabantur
337 4250 354 4288 a
368 4233 435 4288 viris
454 4233 504 4306 qui
520 4233 585 4289 vitae
598 4235 700 4291 merito
714 4237 758 4291 vel
772 4237 815 4292 sui
830 4237 860 4292 iu
871 4238 993 4293 Ecclesia

142 4322 249 4393 gradus
269 4320 409 4392 dignitate
432 4325 545 4377 tautum
573 4325 757 4395 prestabant,
783 4330 890 4382 utnon
911 4327 992 4383 facite

142 4409 306 4482 quisquam,
323 4414 428 4482 praeter
444 4425 549 4482 paucos
563 4411 697 4482 perfectae
721 4413 821 4485 gratim
835 4414 992 4487 intrepidos

143 4503 294 4566 amatores,
320 4497 458 4554 obsistere
484 4514 583 4554 eurum
609 4499 851 4572 disputationibus
876 4504 994 4559 auderet

143 4586 235 4656 (ibid,
255 4603 283 4641 rr.
313 4586 341 4658 Ἰ)
364 4603 371 4643 :
393 4603 425 4642 ac
447 4587 569 4659 proinde
589 4589 780 4645 necessarium
796 4591 994 4649 existimarunt

144 4673 266 4745 Prosper
284 4677 313 4728 ut
341 4675 474 4744 Hilarius,
503 4677 545 4732 vir
575 4681 696 4750 uterque
728 4679 827 4747 laicus,
858 4683 992 4754 Augusti·

144 4777 215 4816 num
227 4777 279 4832 per
292 4761 401 4818 litteras
414 4765 578 4834 admonere,
595 4772 627 4822 ut
640 4783 721 4823 snam
735 4767 825 4840 ipsius
839 4771 992 4826 aucterita-

143 4854 201 4905 tem
216 4849 273 4904 illis
297 4850 444 4922 objiciens,
460 4870 525 4926 quae
538 4854 569 4910 in
588 4854 650 4911 istis
664 4856 873 4928 qiiaestiunibns
893 4859 993 4915 obscu-

143 4938 221 4995 riora
235 4942 302 4994 sunt
316 4943 344 4994 et
357 4939 392 4994 ad
406 4942 623 5015 percipiundum
638 4945 809 5014 difficiliora,
825 4963 912 5019 quam
926 4948 994 5003 luci·

144 5026 270 5084 dissimis
301 5028 526 5098 expositionibus
557 5033 668 5104 aperire
699 5050 757 5089 non
786 5039 952 5106 gravaretur
985 5051 991 5089 :

144 5117 252 5190 qnippe
273 5116 323 5189 qui
345 5123 501 5188 sperarent,
524 5135 583 5175 nun
603 5121 694 5176 solum
716 5138 745 5177 se
769 5122 993 5194 disputationum

143 5207 205 5279 ejus
220 5204 353 5280 prasidio
365 5204 551 5275 roborandos,
564 5207 613 5263 sed
628 5208 714 5264 etiam
728 5210 804 5282 ipsos
818 5210 994 5266 adversarius

144 5293 393 5351 defaecatissimum
409 5293 506 5348 lumen
521 5293 620 5364 gratim
634 5302 798 5370 recepturos
813 5298 942 5366 (lbid.,n.
954 5297 992 5368 9).

145 5382 298 5453 Quidquid,
313 5382 354 5439 ait
368 5380 501 5449 Hilarius,
516 5397 566 5451 pro
587 5397 619 5436 eu
637 5389 741 5455 pretio,
757 5402 839 5456 quom
854 5389 883 5440 in
899 5392 923 5441 tc
939 5403 992 5457 pu·

143 5470 200 5524 sitii
210 5486 270 5526 oum
280 5474 389 5542 mupnis
399 5474 542 5533 miramur.
553 5471 672 5526 uoluens
687 5479 735 5528 nat
744 5477 873 5542 uetanis,
888 5477 990 5544 protis·

755 237 835 290 vt'l'a
854 235 881 289 S.
903 232 1091 288 lucustam
1114 230 1283 285 uniscunt.
1842 231 1887 282 tus

1037 357 1106 411 sime
1119 356 1290 424 accipiemus,
1316 359 1456 422 tamquam
1472 368 1490 406 u
1504 353 1581 407 nobis
1600 352 1767 406 clarissima
1781 366 1816 404 nc
1828 357 1893 404 reor·

1037 443 1203 498 erudissimo
1225 443 1389 496 auctmitotc
1407 440 1543 495 decretum
1569 439 1673 510 (Epist.
1696 441 1763 504 aas,
1789 452 1820 492 ιι.
1844 440 1891 505 so).

1040 531 1136 586 Eidem
1154 529 1306 602 significat,
1320 520 1338 583 a
1351 531 1490 600 Prospero
1506 543 1535 582 se
1555 526 1716 584 obtinuisse
1730 524 1892 598 epistulam,

1039 635 1126 691 quam
1148 635 1206 673 suae
1225 617 1408 688 conjunctam
1429 616 1472 671 illi
1494 614 1593 685 mittit,
1610 631 1668 688 qua
1682 614 1746 687 ipss
1762 616 1892 686 Prosper,

1039 712 1180 779 quantum
1206 707 1237 761 in
1253 723 1282 761 se
1305 706 1370 767 fuit,
1391 705 1622 761 adversariomm
1636 703 1778 775 dogmata
1795 702 1893 774 princi·

1039 797 1145 867 piaque
1158 794 1255 849 omnia
1268 798 1434 866 compleras
1445 797 1500 849 est.
1520 778 1666 865 liujusille
1678 791 1764 847 initio
1773 791 1893 847 ductant

1040 889 1137 939 sancto
1151 882 1277 952 Ductori,
1291 884 1351 954 jam
1365 898 1424 937 nun
1438 878 1685 937 sulu‘nrbanitatis
1700 876 1813 946 officio,
1824 877 1891 933 utin

1040 972 1135 1043 priore
1150 971 1273 1043 quadam
1300 960 1420 1041 epistula
1440 968 1555 1034 iecerat,
1571 967 1691 1023 adeum
1713 966 1843 1020 scribere
1855 982 1889 1031 su,

1041 1061 1090 1115 sed
1109 1075 1207 1115 amore
1221 1058 1299 1128 tidei,
1315 1074 1372 1128 qua
1387 1056 1510 1113 Ecclesia
1525 1055 1603 1111 vivit.
1628 1054 1796 1110 Euentuute
1817 1056 1888 1121 eain,

1041 1147 1136 1221 inquit
1148 1163 1200 1219 pro
1220 1149 1355 1201 aniensis
1369 1145 1495 1200 membris
1515 1146 1634 1213 corporis
1658 1143 1769 1200 Christi
1782 1143 1889 1210 aduitae

1042 1240 1145 1293 tissimo
1160 1237 1299 1290 industria
1312 1239 1369 1300 tuo,
1378 1239 1403 1289 et
1417 1232 1547 1288 aduersus
1558 1233 1750 1287 hereticorum
1763 1230 1889 1286 doctrim

1041 1341 1102 1379 rum
1116 1325 1233 1378 insidias
1245 1325 1370 1378 ueritatis
1381 1324 1636 1391 uirtutepupnunta
1647 1321 1726 1375 auito
1735 1320 1817 1374 modo
1831 1323 1890 1375 mili

1041 1413 1188 1468 eorundum
1200 1415 1308 1482 pruteni,
1330 1427 1363 1464 nc
1381 1424 1506 1465 annosus
1526 1409 1578 1463 tibi
1599 1412 1649 1463 unt
1667 1410 1843 1478 importunus
1859 1424 1889 1462 es·

1042 1517 1096 1558 sem
1110 1503 1139 1555 in
1153 1516 1192 1569 eo,
1216 1500 1288 1569 praed
1304 1500 1341 1553 ud
1361 1499 1507 1553 multorum
1526 1498 1701 1563 colummae
1727 1497 1844 1567 perinde
1858 1499 1890 1552 od

1039 1592 1168 1660 pietatem
1183 1593 1257 1643 tunm
1271 1589 1388 1657 pertircet
1403 1603 1412 1638 .·
1427 1602 1487 1639 cum
1504 1587 1596 1655 potins
1610 1600 1688 1639 reum
1701 1587 1832 1651 futurum
1842 1601 1890 1641 csse

1041 1694 1083 1733 me
1097 1677 1240 1744 crederem,
1255 1678 1281 1731 si
1297 1692 1329 1730 en
1347 1690 1407 1743 quaa
1422 1674 1501 1728 ualde
1522 1675 1677 1743 pumiciosu
1692 1687 1753 1727 esse
1765 1676 1888 1742 intettipu,

1043 1766 1080 1822 nd
1093 1767 1236 1835 speciatum
1251 1769 1399 1835 patronum
1420 1762 1487 1834 fidei
1500 1779 1552 1817 reon
1569 1764 1700 1828 referrem
1716 1762 1820 1833 (Epist.
1833 1765 1888 1830 iti,

1042 1873 1070 1911 ιι.
1095 1854 1130 1925 l).
1724 1902 1740 1923 ,

1078 1945 1105 1996 ⁸2.
1129 1941 1244 1995 lloleste
1259 1940 1324 1995 tulit
1338 1939 1525 2012 Augustinus,
1542 1938 1620 2010 quud
1635 1937 1744 1994 divinis
1763 1939 1887 2012 eloquiis,

1043 2027 1147 2100 quibus
1159 2027 1209 2082 Dei
1224 2027 1316 2099 gratia
1329 2028 1511 2099 praedicatur,
1532 2044 1597 2099 quae
1607 2027 1729 2086 omniuo
1750 2028 1889 2093 nullaesa,

1043 2117 1068 2171 si
1086 2117 1243 2172 secundum
1259 2116 1361 2171 merita
1375 2121 1473 2171 nostra
1493 2117 1586 2184 datur,
1607 2120 1667 2172 tam
1681 2116 1783 2172 multis
1806 2117 1889 2172 mani·

1044 2204 1180 2276 testisque
1197 2220 1257 2259 uun
1277 2205 1450 2259 cederetur:
1478 2204 1610 2276 Prosperi
1631 2209 1734 2260 tamen
1757 2209 1787 2262 et
1800 2204 1888 2260 llitarii

1045 2293 1147 2360 studio,
1164 2310 1195 2349 ac
1213 2293 1263 2363 pia
1276 2309 1343 2364 erga
1362 2297 1489 2347 errantes
1510 2309 1578 2347 cnra
1592 2297 1689 2347 motus
1704 2295 1759 2358 est,
1776 2296 1809 2347 ut
1829 2291 1888 2347 isto·

1044 2397 1111 2436 rum
1128 2397 1224 2447 cansa,
1241 2385 1307 2453 post
1316 2385 1359 2435 tot
1373 2380 1461 2435 libros
1476 2384 1504 2435 et
1516 2381 1652 2452 epistolas
1663 2380 1701 2436 de
1713 2382 1768 2436 hac
1781 2396 1812 2437 re
1821 2396 1887 2443 suas,

1045 2471 1137 2525 adhuc
1156 2475 1263 2541 ageret,
1283 2470 1360 2542 quud
1375 2485 1404 2524 se
1419 2469 1486 2523 satis
1501 2469 1592 2540 egisse
1607 2469 1745 2525 credebat
1763 2471 1813 2540 (tls
1826 2471 1887 2526 rra-

1045 2560 1114 2613 ‹tcst
1134 2564 1233 2627 sanct,
1248 2559 1295 2614 tib.
1313 2564 1339 2627 t,
1353 2574 1399 2612 nn.
1419 2561 1444 2623 l,
1460 2557 1497 2628 2).
1517 2559 1591 2613 Duos
1606 2558 1705 2630 itaque
1735 2559 1772 2615 ad
1785 2558 1888 2614 eosdem

1045 2648 1217 2718 Prosperum
1232 2651 1260 2701 et
1271 2646 1409 2701 llilarium
1423 2646 1510 2701 libros
1527 2649 1562 2701 lte
1576 2647 1821 2703 Praedestinutione
1833 2662 1887 2702 aaa·

1044 2739 1147 2790 uturum
1161 2735 1282 2805 scripsit,
1299 2735 1352 2791 buc
1370 2737 1469 2789 ambos
1484 2734 1566 2789 titulo
1581 2734 1730 2806 (quamvis
1743 2735 1846 2790 hurum
1858 2733 1889 2788 al·

1045 2828 1089 2878 ter
1105 2839 1181 2878 nunc
1195 2824 1279 2896 vulgo
1297 2826 1334 2878 tle
1353 2827 1426 2879 Dono
1438 2825 1647 2893 perseuerantia
1661 2824 1816 2893 vocitetur(
1840 2838 1888 2878 aon

1044 2911 1151 2981 ianria
1177 2915 1352 2981 praenotatus
1380 2911 1509 2981 (Admota.
1533 2913 1562 2965 in
1587 2911 1635 2966 tib.
1663 2913 1680 2964 2
1708 2912 1743 2966 de
1768 2911 1888 2968 Μαί.

1045 3004 1144 3069 sonet,
1157 3005 1183 3055 et
1196 3002 1311 3067 Pratut.
1324 3000 1354 3055 in
1369 3005 1433 3056 tum.
1459 3003 1500 3064 10,
1521 3014 1582 3068 cop.
1596 2999 1641 3070 tt(
1659 3016 1666 3054 :
1682 3015 1752 3054 oum
1768 2999 1801 3055 iu
1825 3003 1888 3055 utre

1046 3104 1102 3160 que
1117 3093 1215 3142 sancto
1233 3087 1348 3143 Ductori
1363 3103 1465 3159 scopus
1481 3088 1527 3154 sit,
1541 3087 1672 3143 Ecclesia
1692 3087 1842 3143 catholicus
1862 3086 1889 3142 da

1045 3177 1309 3250 predestinatione,
1325 3193 1384 3249 qua
1399 3193 1452 3232 nus
1470 3178 1545 3232 Deus
1558 3177 1656 3248 elegit,
1672 3177 1819 3249 nunquia
1837 3190 1889 3232 sau·

1046 3265 1084 3321 cti
1098 3265 1186 3321 tutari
1209 3281 1332 3332 eramus,
1354 3265 1402 3320 sed
1427 3265 1669 3336 quemadmodum
1683 3265 1889 3337 Apostolnsae

1045 3358 1100 3420 cet,
1116 3357 1149 3408 ut
1162 3354 1252 3408 sancti
1267 3369 1394 3409 essemus
1411 3355 1522 3425 (pres.
1543 3371 1562 3418 ι,
1590 3352 1628 3423 4),
1647 3353 1813 3410 doctrinam
1825 3352 1887 3409 tnui

1048 3444 1095 3511 (lle
1117 3442 1245 3497 Praedest.
1267 3446 1366 3511 sanct,
1382 3458 1410 3498 n.
1441 3444 1531 3507 35-39,
1552 3445 1577 3496 ct
1600 3443 1637 3496 lte
1653 3444 1730 3497 Dono
1753 3456 1886 3512 pascue,

1046 3547 1092 3585 nn.
1115 3532 1160 3595 tl,
1181 3532 1226 3596 48,
1239 3532 1320 3601 otc.),·
1345 3530 1475 3601 duosque
1504 3534 1602 3584 contra
1627 3529 1709 3584 illam
1731 3529 1887 3603 singillatim

1045 3619 1204 3673 convellere
1215 3633 1325 3673 errores
1346 3618 1502 3687 Gallorum,
1519 3617 1568 3690 qui
1583 3621 1614 3671 ut
1629 3634 1664 3672 ex
1679 3618 1817 3691 Prosperi
1828 3617 1886 3673 aba

1045 3707 1138 3779 riique
1153 3706 1256 3761 litteris
1269 3706 1427 3778 intelligere
1440 3711 1511 3775 crat,
1528 3711 1556 3761 et
1567 3704 1684 3760 initium
1699 3706 1781 3775 tldei,
1792 3710 1887 3778 etpra·

1046 3800 1123 3850 term
1141 3811 1231 3866 usqne
1250 3795 1280 3849 in
1306 3795 1393 3850 linem
1419 3793 1673 3867 perseverantiam,
1695 3794 1784 3850 sicin
1804 3797 1887 3850 nosue

1046 3882 1257 3939 constituebant
1270 3888 1422 3955 potestate,
1446 3888 1478 3938 ut
1500 3883 1551 3938 liei
1564 3883 1641 3938 dona
1663 3899 1727 3938 csse
1741 3899 1801 3940 uun
1816 3887 1886 3957 puts·

1046 3976 1130 4039 reut;
1149 3988 1242 4043 neque
1258 3972 1292 4026 ad
1308 3972 1368 4026 hoec
1393 3972 1526 4027 habenda
1539 3977 1625 4043 atque
1641 3971 1798 4027 retinenda
1810 3973 1887 4028 nean

1046 4060 1160 4132 operari
1175 4063 1285 4114 nostras
1298 4061 1486 4131 cogitationes
1501 4064 1529 4114 et
1542 4061 1704 4114 voluntates
1716 4077 1724 4115 :
1736 4060 1791 4115 etsi
1800 4063 1887 4116 canu

1047 4149 1141 4221 ipsum
1157 4148 1225 4203 dare
1239 4149 1439 4217 concederent,
1454 4164 1519 4203 cnm
1530 4148 1565 4202 ab
1580 4148 1629 4202 illu
1648 4148 1833 4203 credentium
1844 4146 1888 4204 tide

1047 4237 1239 4308 impetrantur
1262 4239 1308 4308 (lle
1323 4240 1394 4292 Dono
1416 4253 1562 4307 meeum..
1574 4253 1603 4292 rr.
1617 4235 1672 4306 li).
1690 4236 1889 4308 Primo-igitur

1046 4326 1120 4382 libro
1138 4327 1222 4382 docet
1240 4326 1425 4397 Augustinus,
1448 4327 1557 4381 donum
1574 4325 1623 4380 Dei
1647 4340 1786 4382 essenon
1808 4327 1889 4382 sutum

1047 4415 1265 4482 incrementum,
1282 4413 1429 4469 sedetiam
1450 4414 1566 4469 initium
1580 4413 1649 4469 tidei
1675 4430 1682 4468 :
1709 4414 1806 4487 gratia
1822 4412 1890 4470 duri-

1046 4500 1116 4555 tiam
1143 4501 1235 4556 cordis
1250 4502 1375 4565 aulcrric
1399 4509 1428 4558 et
1451 4502 1486 4558 ad
1500 4502 1644 4559 Christum
1665 4502 1767 4558 venire
1791 4517 1888 4566 omnes,

1047 4588 1097 4660 qui
1109 4605 1127 4643 a
1139 4590 1223 4643 Patre
1245 4589 1382 4645 docentur
1402 4594 1435 4646 ut
1448 4591 1565 4646 veniant
1579 4608 1586 4646 :
1601 4606 1675 4662 quos
1690 4595 1793 4649 autem
1808 4593 1889 4657 uasa,

1047 4676 1242 4732 misericordia
1252 4677 1368 4745 docera3
1380 4684 1409 4734 et
1418 4695 1491 4750 quos
1499 4680 1774 4751 nonducet‚judicio
1784 4679 1892 4736 nunde

1046 4781 1120 4821 uere.
1133 4765 1455 4838 Ostenditquidintersit
1463 4767 1538 4823 iuter
1545 4767 1669 4839 gratiam
1677 4764 1893 4842 aspectuum·

1046 4854 1155 4911 tionem
1168 4870 1175 4909 :
1191 4870 1277 4926 porro
1292 4855 1544 4926 praedestinatione
1560 4858 1651 4912 Deum
1666 4873 1702 4912 ea
1715 4857 1892 4930 pressiones,

1046 4959 1111 5015 qua
1125 4948 1199 4998 esset
1212 4942 1274 5015 ipse
1285 4944 1421 4999 tacturus.
1433 4945 1699 5000 Praedssnnstiunis
1709 4945 1894 5011 adversarius,

1047 5033 1099 5102 qui
1109 5049 1138 5087 se
1147 5031 1183 5087 ad
1193 5031 1334 5088 incertum
1343 5033 1554 5088 voluntatisllei
1561 5033 1895 5096 deducinolledicuutur,

1048 5121 1169 5176 miratur
1181 5121 1267 5177 malle
1281 5137 1310 5175 se
1324 5120 1401 5192 ipsus
1410 5121 1572 5177 infirmitati
1587 5137 1656 5185 suae,
1674 5137 1762 5193 quam
1773 5118 1897 5179 firmitati

1047 5209 1245 5282 promissionis
1259 5209 1310 5265 Dei
1319 5209 1509 5267 committere.
1521 5210 1624 5266 Gratiae
1636 5213 1665 5264 et
1673 5210 1899 5280 praedestinatio

1047 5298 1092 5354 uis
1107 5299 1255 5354 veritatem
1268 5298 1352 5354 ducet
1362 5300 1489 5354 relucere
1498 5298 1528 5353 in
1537 5297 1664 5371 parvulis
1677 5299 1730 5370 qui
1743 5300 1898 5365 salvantur,

1047 5386 1135 5441 nullis
1151 5385 1210 5441 suis
1220 5386 1331 5442 meritis
1345 5387 1486 5443 discretis
1499 5388 1609 5442 caeteris
1620 5387 1671 5458 qui
1685 5394 1830 5458 perenut3
1844 5403 1898 5444 non

1049 5474 1126 5529 euim
1140 5474 1216 5528 inter
1239 5490 1286 5529 eos
1311 5475 1432 5530 discerni
1460 5491 1494 5529 ex
1517 5473 1697 5547 prescientia
1717 5476 1898 5533 meriturum.
