3884 6112
614 232 619 240 ·
717 280 822 338 LIBER
844 279 1037 340 SECUNDUS.
1695 295 1747 348 998

71 400 161 467 Quam
175 400 350 457 sententiam
372 402 433 473 ejus
452 418 518 457 cum
543 401 734 459 admiratione
749 405 841 461 consi·
898 407 1012 463 Etcum
1026 423 1102 462 ame
1116 407 1223 462 dictum
1238 411 1320 472 esset,
1337 407 1367 462 id
1382 425 1442 462 esse
1456 425 1521 464 cnm
1537 412 1594 465 Deo
1609 413 1686 483 qood
1701 414 1746 468 in-

71 506 106 558 is,
123 489 289 545 recordatus
303 507 368 545 snm
382 489 509 562 idipsum
532 490 687 563 aliquando
710 509 756 548 me
775 493 842 548 bre·
898 495 1002 569 telligit
1014 497 1114 564 Deum,
1129 514 1178 551 vos
1198 497 1286 551 etaim
1306 498 1372 568 plns
1395 497 1548 568 adjecistis,
1574 505 1605 554 nt
1629 501 1669 555 ibi
1688 503 1747 558 sint

91 579 143 633 illo
167 579 301 633 audiente
330 578 443 634 dixisse.
468 580 541 633 Tum
564 580 692 634 arridens
709 597 715 635 :
732 582 843 637 Gratias
897 584 984 639 etiam
997 585 1046 640 illa
1060 602 1125 656 quae
1139 586 1360 657 intelliguntura
1374 587 1623 657 sapiente.0nain
1638 592 1747 646 remul-

71 666 202 739 inquam,
226 666 346 735 Licenti,
370 667 437 721 huic
459 683 540 721 servo
561 671 621 735 tuo,
639 668 690 739 qui
710 668 764 723 tibi
787 668 843 723 nisi
896 677 958 728 tum
973 689 1019 729 me
1034 679 1129 729 movet
1144 675 1286 746 quomodo
1302 674 1396 729 subito
1421 692 1485 730 cum
1512 678 1568 731 Deo
1593 678 1746 734 stultitiam

71 755 101 811 id
116 756 151 811 de
166 755 278 829 peculio
285 755 530 823 amministraret,
545 773 621 812 nnnc
637 758 754 813 tortasse
765 759 842 830 quod
896 763 1110 817 collocaveritis.
1127 764 1197 817 Nam
1213 762 1237 816 si
1248 779 1314 817 oum
1329 764 1386 818 Deo
1407 768 1474 818 sunt
1488 781 1677 838 quoecumque
1697 768 1744 821 iu-

71 860 143 900 rares
158 860 215 899 non
229 845 359 909 haberes,
370 843 472 900 Namsi
488 846 524 900 ad
533 861 596 899 eam
606 851 720 917 partem
732 862 841 901 memo·
895 849 1000 923 telligit
1014 852 1137 923 sapiens,
1150 867 1203 907 nec
1213 851 1268 905 nisi
1276 851 1450 907 intellectam
1456 853 1607 908 stultitiam
1618 856 1745 926 effugere

71 932 183 1001 attinet,
196 949 262 1005 qua
275 949 305 987 se
328 935 405 988 velut
426 933 564 988 famulam
577 934 663 990 bone
691 934 782 990 menti
796 951 842 991 re·
895 943 1009 1009 potest3
1024 939 1078 994 erit
1095 939 1192 1007 etiam,
1214 940 1292 1011 quod
1313 940 1388 995 dictu
1406 942 1485 996 nefas
1513 947 1566 1013 est,
1591 944 1679 1014 pestis
1694 945 1745 1000 illa

71 1037 115 1076 am
129 1021 269 1089 concedit,
284 1020 347 1092 ipsa
368 1037 446 1076 nnnc
461 1021 576 1092 adjutus
590 1038 630 1090 es,
653 1022 724 1077 mihi
747 1023 841 1090 crede,
895 1042 960 1081 cnm
976 1029 1043 1083 Deo.
1059 1029 1121 1093 Qua
1134 1029 1316 1083 conclusione
1331 1028 1477 1097 commoti,
1498 1046 1563 1085 cnm
1579 1031 1610 1086 in
1629 1032 1744 1087 silentio

71 1108 218 1164 ediceres.
236 1110 309 1181 Ergo
324 1114 479 1183 antequam
492 1111 529 1172 ad
550 1110 633 1166 illum
648 1111 779 1166 ordinem
792 1127 842 1167 re·
896 1131 925 1170 se
939 1115 1118 1188 aliquantum
1132 1117 1310 1172 tenuissent:
1325 1117 1517 1188 Respondeat,
1532 1119 1626 1191 inquit
1642 1122 1746 1193 Tryge-

71 1237 84 1260 ,
99 1213 195 1253 nonne
214 1197 266 1252 tibi
287 1197 398 1253 videtur
420 1199 463 1252 vel
486 1203 606 1269 propter
628 1199 707 1268 talia,
732 1199 762 1255 id
785 1205 839 1266 est,
895 1203 964 1275 tius,
979 1205 1066 1261 etiam
1080 1205 1129 1260 ille
1144 1206 1178 1261 de
1193 1206 1273 1277 cnjus
1286 1206 1409 1262 adventu
1421 1206 1457 1261 ad
1472 1206 1556 1262 istam
1571 1207 1746 1279 disputatio-

71 1299 108 1340 ιιι·
119 1284 254 1340 honestas
268 1301 300 1340 ac
315 1286 486 1341 necessarias
501 1286 676 1357 disciplinas,
703 1287 843 1343 memoria
895 1309 963 1347 nem
977 1294 1221 1367 opportunissimo
1235 1310 1295 1349 non
1308 1310 1360 1349 nos
1371 1300 1441 1366 puto
1454 1299 1562 1350 temere
1573 1297 1742 1368 gratulatos.

76 1388 136 1428 esse
149 1373 294 1445 sapienti?
305 1373 389 1444 Quid,
405 1374 511 1446 inquit.
528 1375 669 1430 memoria
689 1392 761 1448 opus
786 1380 840 1446 est,
895 1382 968 1436 Tum
981 1381 1101 1454 Alypius
1117 1399 1124 1438 ε
1140 1384 1216 1438 Deus
1239 1383 1368 1450 meliora,
1394 1383 1506 1456 inquitl
1528 1383 1647 1438 huccine
1674 1386 1745 1440 mihi

71 1476 169 1517 omnes
178 1478 243 1517 suas
257 1479 302 1517 res
316 1468 470 1533 praesentes
488 1463 592 1518 habeat
603 1480 635 1518 ac
649 1463 766 1520 teneat?
779 1465 841 1519 Non
881 1470 1012 1547 ‘tandem
1025 1475 1138 1526 tantum
1151 1486 1248 1525 meum
1259 1470 1407 1525 silentium
1418 1471 1593 1542 parabatur?
1605 1471 1660 1526 Sed
1669 1472 1745 1527 irru-

82 1550 126 1604 rel
141 1549 240 1620 inipso
251 1566 346 1617 sensu,
361 1550 396 1605 ad
407 1550 436 1605 id
447 1552 524 1622 quod
537 1557 603 1607 ante
616 1553 714 1608 oculos
726 1559 838 1609 nostros
893 1562 944 1628 pta
954 1558 1016 1629 jam
1031 1558 1112 1630 quies
1127 1563 1179 1614 est.
1195 1561 1300 1614 Verum
1314 1575 1390 1614 nuuc
1404 1560 1498 1615 enitar
1511 1559 1578 1614 huic
1585 1565 1742 1632 utcumque

71 1637 244 1693 naurilium
258 1638 342 1693 nobis
354 1656 490 1695 vocamus
511 1641 692 1698 memoriam.
710 1641 839 1715 Sapienti
893 1646 1038 1717 rogationi
1050 1647 1223 1710 satisfacere,
1239 1662 1305 1701 cnm
1320 1647 1393 1701 mihi
1406 1647 1486 1717 prius
1500 1647 1544 1702 vel
1568 1647 1598 1702 in
1613 1648 1745 1704 futurum

71 1730 135 1780 ante
149 1727 215 1781 illos
228 1727 380 1782 interiores
407 1728 569 1783 intellectus
597 1731 695 1785 oculos
721 1730 840 1787 habenti
892 1750 1074 1806 prospexero,
1091 1739 1149 1789 eta
1167 1735 1247 1789 robis
1261 1734 1451 1806 impetravero
1465 1740 1498 1790 ut
1520 1752 1536 1790 a
1551 1751 1597 1790 mc
1620 1738 1745 1808 amplius

71 1830 97 1882 a,
111 1813 141 1869 id
156 1819 207 1881 est,
223 1816 314 1870 Deum
334 1815 429 1886 ipsum
452 1817 509 1872 tire
533 1817 777 1889 immobiliterque
797 1818 839 1872 in·
892 1822 948 1877 ista
961 1823 1146 1895 responsione
1160 1822 1232 1876 nihil
1243 1822 1387 1893 flagitetis.
1403 1823 1487 1877 Nullo
1501 1823 1596 1891 modo,
1613 1824 1743 1896 inquam,

71 1901 89 1971 i,
105 1919 171 1958 cum
186 1920 243 1975 quo
253 1908 320 1959 sunt
334 1904 432 1959 omnia
446 1922 510 1976 quae
525 1905 687 1961 intellectus
701 1906 779 1961 ridet
806 1922 839 1960 ac
892 1916 945 1977 est,
955 1910 1049 1983 alypi,
1059 1909 1266 1966 benevolentiae
1274 1916 1360 1982 atque
1369 1910 1556 1966 humanitatis
1572 1916 1630 1968 tuae
1645 1930 1741 1968 voccm

71 1989 122 2058 det,
136 1991 204 2063 quid
220 2008 292 2062 opus
302 1997 355 2055 est,
372 1993 731 2063 quaeso,memoria‘lldihi
741 1998 838 2049 autem
892 1999 973 2049 tuam
987 1995 1112 2050 sermoni
1131 2001 1228 2050 nostro
1240 1994 1326 2049 etiam
1342 1994 1533 2050 desideratam
1549 2012 1666 2067 negare.
1687 1998 1743 2053 Sed

72 2095 106 2133 us
121 2083 195 2135 esset
208 2080 243 2135 ad
258 2082 319 2136 haec
333 2082 454 2153 quaeabs
469 2087 497 2137 te
513 2082 661 2137 audieram
676 2082 836 2161 retinenda¹
891 2098 980 2156 perge
986 2084 1168 2155 modo,quod
1182 2082 1332 2138 instituisti
1345 2082 1441 2151 effice;
1453 2088 1566 2150 caetera,
1575 2088 1609 2139 nt
1614 2085 1676 2156 jam
1682 2102 1743 2141 sese

71 2168 379 2224 omsumilliuafamuli
391 2170 594 2238 dominns;sed
606 2171 725 2226 eimodo
735 2171 836 2235 servio,
891 2171 979 2226 habet
993 2172 1063 2226 ordo
1082 2172 1141 2240 ille,
1167 2171 1343 2242 provenient.
1369 2173 1459 2243 AEqne
1479 2171 1551 2226 mibi
1574 2172 1609 2227 de
1631 2173 1742 2238 ordine,

71 2279 73 2304 ι
88 2264 187 2328 pugno
201 2262 236 2311 ut
250 2274 309 2312 non
323 2259 455 2326 serviam,
466 2264 494 2314 et
507 2259 589 2332 quasi
603 2276 649 2315 me
663 2261 755 2315 audeo
765 2277 838 2315 asse-
891 2259 997 2332 inquit,
1012 2264 1079 2315 sunt
1092 2260 1233 2331 speranda
1247 2261 1377 2327 meliora,
1392 2260 1424 2315 in
1436 2261 1518 2332 cnjus
1532 2261 1687 2317 assertione
1701 2262 1744 2317 in-

71 2360 93 2401 n
105 2345 268 2401 libertatem
278 2348 423 2402 meam.Et
435 2348 458 2402 si
468 2348 539 2404 forte
553 2349 836 2422 aliquandoimpero,
891 2349 976 2404 terim
989 2365 1035 2405 me
1046 2348 1218 2404 substituere
1238 2348 1379 2404 voluistis.
1396 2349 1460 2416 Sed,
1477 2349 1508 2403 ni
1518 2348 1611 2417 fallor,
1637 2351 1673 2406 ob
1688 2351 1743 2405 hoc

71 2436 266 2508 ÷obtemperat
281 2439 364 2502 mihi,
388 2440 512 2513 facitque
541 2458 615 2514 saepe
638 2448 740 2514 putare
760 2442 837 2514 quod
891 2437 1039 2493 stultitiam
1056 2439 1113 2493 Deo
1126 2438 1179 2493 ista
1194 2442 1244 2494 tna
1258 2438 1440 2493 conclusione
1460 2438 1495 2492 ab
1516 2438 1561 2494 his
1579 2440 1742 2510 copulatam

71 2526 115 2589 lm,
131 2525 162 2580 in
177 2527 241 2581 aliis
255 2543 355 2582 rursus
368 2529 454 2583 rebus
469 2528 510 2584 ita
529 2546 589 2585 sese
613 2530 708 2602 erigit,
729 2532 837 2602 atejus
890 2525 1008 2596 putasti,
1023 2526 1101 2598 quod
1117 2526 1248 2580 universa
1262 2542 1326 2598 quae
1340 2525 1476 2598 intelligit
1486 2527 1598 2598 sapiens
1608 2543 1672 2582 cum
1684 2529 1742 2583 Deo

71 2613 178 2669 sedibus
193 2615 281 2670 miser
292 2616 415 2686 jaceam.
441 2618 643 2686 Quamobrem,
665 2621 779 2692 qnando
801 2620 836 2674 de
891 2630 951 2669 esse
966 2613 1108 2670 dixerunt.
1121 2614 1176 2670 Sed
1191 2614 1220 2669 id
1235 2619 1376 2686 qnatenus
1390 2613 1589 2684 accipiendum
1605 2615 1651 2682 sit,
1665 2632 1742 2670 nunc

71 2703 288 2774 ntequaerimns,
298 2720 343 2759 me
352 2707 417 2760 nolo
425 2706 567 2761 nomines.
578 2707 834 2779 Neome,inquam.
891 2703 993 2759 omitto
1006 2723 1014 2771 ;
1029 2702 1739 2774 tuamillamratiocinationempaululumadrerte.

71 2805 148 2847 tmen
162 2792 373 2863 numquidnam
392 2795 507 2865 sapiens
521 2795 575 2850 iste
593 2811 659 2850 snos
669 2799 765 2867 potest
786 2797 836 2852 de-
891 2789 993 2845 Dixisti
1006 2790 1114 2862 qnippe
1126 2807 1134 2844 ι
1145 2792 1217 2845 Nam
1231 2791 1255 2844 si
1269 2807 1334 2845 cum
1345 2791 1402 2845 Deo
1417 2796 1484 2845 sunt
1493 2806 1684 2862 quaecumque
1695 2792 1738 2845 in·

71 2894 89 2949 ι,
103 2883 152 2934 aut
165 2881 224 2935 ullo
238 2886 331 2952 pacto,
347 2898 412 2937 cnm
427 2881 481 2937 hoc
503 2899 606 2955 corpus
629 2884 698 2955 agit,
724 2883 755 2938 in
777 2900 834 2955 quo
888 2879 993 2951 telligit
1005 2880 1128 2961 sapiens,
1142 2878 1256 2934 necnisi
1269 2879 1442 2934 intellectam
1448 2879 1599 2934 stultitiam
1613 2879 1739 2950 elingere

84 2967 225 3023 famulum
240 2986 293 3025 sua
308 2971 372 3042 lege
396 2970 559 3026 devinctum
579 2976 667 3039 tenet,
691 2971 836 3045 relinquet
888 2973 990 3039 potest.
1007 2968 1093 3033 Quasi
1105 2984 1172 3022 vero
1186 2967 1256 3022 illud
1271 2967 1424 3022 obscurum
1439 2967 1484 3032 sit,
1499 2971 1654 3038 antequam
1664 2968 1734 3021 stul·

71 3072 112 3111 am
125 3057 266 3112 beneficia
277 3059 424 3114 tribuendi
434 3060 538 3131 quibus
548 3064 653 3131 potest,
670 3063 699 3115 et
710 3059 834 3115 maxime
888 3057 982 3112 titiam
995 3057 1117 3130 quisque
1131 3056 1213 3125 vitet,
1229 3056 1366 3127 sapientis
1382 3072 1449 3111 eum
1461 3056 1579 3111 nomine
1602 3072 1661 3111 non
1675 3073 1737 3112 esse

84 3145 120 3200 ab
143 3162 176 3200 eo
199 3147 450 3202 vehementissime
473 3148 632 3220 flagitatur,
664 3148 834 3220 sapientiam
887 3145 1071 3201 censendum.
1088 3146 1121 3199 Et
1133 3144 1241 3199 dictum
1256 3149 1309 3214 est,
1324 3161 1341 3199 a
1354 3144 1482 3216 sapiente
1502 3145 1648 3199 intellecta
1672 3161 1733 3199 esse

71 3249 77 3287 ι
90 3233 240 3289 docendi?
254 3233 334 3299 Quod
350 3235 506 3302 eumfacit,
526 3239 558 3291 ut
585 3252 711 3308 congrue
724 3237 834 3303 doceat,
888 3251 953 3289 cnm
969 3235 1036 3290 Deo.
1046 3234 1117 3290 Cum
1126 3232 1214 3304 igitur
1220 3232 1360 3288 evitandae
1373 3232 1599 3305 stultitioegratia
1607 3233 1739 3288 eamdem

71 3336 136 3392 ique
144 3320 260 3393 ineptus
269 3321 315 3386 sit,
325 3327 469 3394 praeparat
478 3339 553 3394 saepe
569 3323 690 3396 aliquid,
707 3325 782 3396 quod
799 3340 834 3379 ex
887 3322 1037 3378 stultitiam
1052 3320 1174 3393 quisque
1184 3321 1328 3392 intelligit,
1340 3321 1466 3376 nondum
1477 3326 1519 3376 est
1533 3321 1655 3392 sapiens.
1668 3321 1740 3376 Cum

71 3407 172 3464 sitione
183 3410 334 3481 eloquatur
348 3398 612 3485 ac'dispntet,qnod
622 3412 676 3467 nisi
687 3413 833 3468 memoriae
888 3415 984 3466 autem
999 3411 1112 3483 sapiens
1126 3410 1221 3476 tuerit,
1237 3426 1297 3465 non
1316 3409 1391 3465 inter
1405 3427 1440 3465 ea
1452 3426 1517 3481 qnae
1531 3410 1580 3465 ille
1601 3410 1739 3480 intelligit

71 3497 236 3567 tendaverit,
252 3503 352 3569 pereat
374 3515 489 3554 necesse
511 3504 562 3556 est.
587 3501 661 3573 Ergo
682 3501 833 3556 autoitieia
888 3500 1008 3555 stultitia
1022 3500 1200 3555 numeranda
1213 3503 1268 3555 est.
1287 3498 1741 3570 Quamobremquoniameacon·

71 3584 191 3640 'olentiae
205 3586 323 3657 negabis
338 3603 399 3642 esse
420 3588 566 3660 sapientis,
584 3594 634 3645 aut
651 3590 832 3646 confiteberis
884 3584 1063 3660 juuota'sunt
1078 3589 1146 3656 Deo,
1168 3603 1234 3659 qnae
1244 3587 1305 3659 iam
1329 3587 1443 3658 sapiens
1462 3586 1606 3659 intelligit,
1630 3591 1738 3642 rectea

71 3672 151 3746 iqnas
165 3674 301 3746 sapientis
318 3677 457 3731 memoria
480 3677 633 3734 custodiri:
661 3696 697 3733 an
711 3679 832 3735 fortasse
888 3678 946 3732 Deo
962 3676 1084 3732 stultitia
1103 3675 1271 3731 secernitur.

70 3762 90 3818 d
111 3778 228 3817 suarum
243 3779 341 3818 rerum
356 3781 415 3819 non
429 3771 548 3838 propter
573 3782 603 3822 se
626 3767 754 3839 quidem,
780 3769 830 3823 sed
922 3769 946 3819 9.
961 3768 1050 3821 Acuta
1065 3764 1192 3837 quidem,
1206 3764 1337 3836 inquam,
1352 3767 1385 3817 ut
1399 3763 1484 3833 soles,
1494 3763 1590 3835 Alypi,
1614 3780 1739 3835 respon-

71 3866 187 3906 aranos
213 3851 269 3907 sibi
301 3857 399 3907 tamen
431 3854 621 3910 necessarium
649 3857 833 3912 commendat
887 3854 1171 3927 dissipedtanquam
1185 3852 1216 3907 in
1230 3852 1338 3908 alienas
1351 3857 1448 3908 trusus
1464 3852 1620 3924 angustias.
1629 3854 1737 3909 Temen

71 3939 151 3995 idum
170 3939 213 3995 illi
226 3941 346 4010 iamnlo,
366 3947 398 3996 nt
412 3943 461 3997 ille
475 3948 612 4015 tanquam
627 3938 749 4012 sobrius,
761 3950 789 4000 ot
798 3962 832 4002 ex
887 3943 964 4015 quia,
975 3946 1008 3998 ut
1021 3942 1153 4010 arbitror,
1168 3942 1260 3997 adhuc
1275 3956 1388 3996 mecum
1402 3941 1507 3996 stultus
1521 3957 1582 3996 esse
1596 3942 1736 4013 dignaris,

73 4027 211 4082 adomini
227 4029 390 4100 disciplina,
404 4047 463 4086 non
478 4032 597 4103 quidem
608 4034 761 4102 custodiat,
775 4035 832 4090 nisi
886 4033 955 4106 quid
967 4032 1104 4088 iaciemus
1114 4032 1138 4086 si
1148 4032 1275 4104 aliquem
1285 4030 1484 4086 nanciscamur
1502 4032 1672 4103 sapientem,
1688 4034 1739 4105 qui

77 4121 197 4188 propter
211 4119 311 4173 stultos
325 4119 359 4173 ad
376 4119 547 4188 sapientiam
562 4123 771 4192 perducendos,
783 4123 833 4180 sed
886 4138 938 4176 nos
952 4121 1247 4177 tantomalodocendo
1261 4136 1293 4175 ac
1307 4120 1481 4191 disputando
1492 4119 1738 4176 libenterliberet?

85 4204 113 4260 ei
135 4208 232 4260 tumen
262 4205 311 4260 ille
335 4207 554 4263 custodiendum
578 4208 748 4280 imperarit?
776 4212 832 4266 Nec
886 4209 1039 4264 Nemnihil
1054 4225 1121 4263 enm
1131 4208 1371 4280 prius,qnantum
1383 4208 1516 4274 arbitror,
1531 4208 1735 4278 deprecaturus

70 4306 100 4348 ιο
112 4293 190 4360 huic,
206 4294 312 4367 inquit,
326 4296 521 4352 commendari
537 4297 696 4370 quidquam
707 4299 833 4355 arbitror
885 4311 959 4362 sum,
975 4294 1031 4349 nisi
1047 4299 1079 4349 nt
1092 4294 1164 4349 mihi
1178 4295 1310 4349 ostendat
1323 4311 1388 4366 quae
1403 4295 1449 4361 sit,
1472 4294 1543 4365 qnid
1569 4294 1616 4360 sit,
1641 4294 1735 4365 qualis

72 4381 168 4451 iente;
197 4383 339 4456 siquidem
360 4385 408 4440 ille
433 4402 547 4457 semper
572 4386 629 4441 Deo
651 4387 754 4443 infixus
778 4393 830 4456 est,
886 4383 922 4438 sit
936 4383 1053 4438 omnino
1068 4382 1196 4438 stultitia.
1213 4385 1251 4439 De
1263 4387 1292 4439 te
1305 4383 1384 4438 enim
1398 4399 1457 4438 non
1471 4381 1555 4438 facile
1571 4381 1734 4438 affirmave-

71 4470 173 4539 acitus,
198 4472 256 4527 sire
279 4490 345 4529 cnm
367 4474 532 4530 hominibus
553 4474 696 4547 loquens:
714 4477 763 4531 sed
783 4476 830 4532 ille
884 4472 957 4539 rim;
974 4488 1020 4528 me
1035 4475 1132 4526 tamen
1147 4475 1259 4527 tantum
1273 4476 1302 4527 et
1316 4476 1374 4526 tam
1390 4471 1440 4526 diu
1456 4469 1576 4537 detinet,
1593 4475 1734 4541 quantum

71 4558 149 4631 ajam
163 4560 236 4616 bene
251 4561 400 4618 institutus
414 4563 568 4634 diligenter
587 4569 680 4620 serrat
696 4566 772 4637 quod
785 4566 831 4622 in·
885 4566 914 4617 et
928 4577 1014 4633 quam
1030 4560 1080 4616 diu
1099 4578 1116 4617 a
1130 4577 1176 4616 me
1190 4577 1249 4617 non
1265 4560 1448 4631 intelligitur.
1470 4559 1604 4613 Dicturus
1614 4562 1657 4614 est
1667 4575 1736 4632 ergo

71 4663 95 4703 m
110 4648 267 4721 disputanti
292 4651 409 4706 domino
433 4657 580 4724 suggerat,
602 4658 631 4708 et
645 4655 670 4709 ei
691 4660 831 4727 tanquam
884 4647 943 4716 ille,
958 4653 1115 4718 te,auctore
1132 4665 1138 4704 :
1157 4651 1191 4706 lit
1204 4651 1259 4705 hoc
1272 4665 1322 4703 vos
1341 4649 1482 4714 docerem,
1499 4647 1616 4718 qnando
1632 4649 1737 4704 stultus

71 4734 136 4791 timo
150 4743 265 4810 gratnm
278 4739 364 4794 iaciat
383 4740 509 4794 olticium
524 4757 617 4804 snum,
633 4743 686 4798 snb
701 4745 782 4814 cnjus
801 4761 830 4799 se
884 4753 962 4793 eram
978 4738 1069 4793 adme
1084 4739 1179 4794 venire
1194 4736 1351 4804 debuistis;
1368 4736 1454 4790 modo
1468 4740 1566 4791 antem
1579 4753 1630 4793 ros
1649 4739 1735 4795 vestri

71 4808 208 4896 potestate
222 4827 326 4883 vivere.
342 4829 376 4884 Et
391 4830 446 4884 hoc
467 4828 534 4884 facit
554 4846 614 4885 non
635 4830 718 4902 qnasi
742 4833 830 4888 ratio·
883 4825 1014 4897 magistri
1027 4843 1087 4882 esse
1100 4826 1230 4899 poteritis
1245 4841 1251 4879 :
1267 4840 1333 4879 nam
1350 4840 1403 4893 ego
1423 4823 1484 4894 jam
1509 4825 1659 4882 stultitiam
1674 4843 1734 4882 non

71 4911 113 4981 ιο,
129 4916 179 4970 sed
193 4932 307 4972 summa
320 4917 369 4972 illa
384 4918 447 4988 lege
457 4935 628 4991 summoque
642 4919 742 4975 ordine
752 4938 829 4992 prae-
883 4915 1023 4988 intelligo.
1038 4915 1120 4981 Quod
1135 4915 1251 4987 quidem
1265 4912 1300 4967 ab
1316 4929 1349 4967 eo
1362 4912 1387 4967 si
1398 4913 1606 4982 audirem,non
1620 4931 1735 4971 vererer

71 5007 130 5067 nte.
148 5003 236 5074 Nihil,
248 5005 378 5077 inquam,
395 5023 471 5062 nnnc
485 5008 583 5063 resisto
593 5008 752 5065 rationibus
762 5010 828 5078 tuis,
884 5005 1038 5060 admonere
1052 5003 1200 5059 hominem
1215 5006 1246 5057 nt
1261 5017 1357 5057 comes
1368 5000 1452 5058 nobis
1477 5003 1569 5070 tieret,
1590 5003 1735 5075 simulque

71 5090 102 5146 >d
123 5093 300 5166 suscepimus
324 5095 422 5167 potius
442 5095 606 5168 peragatur.
623 5099 663 5153 De
687 5098 740 5153 isto
761 5114 828 5153 vero
882 5090 1734 5165 magistrnmaliumqnaereremus.Utenimplenestultitiam

71 5182 131 5235 nter
143 5183 389 5253 quemadmodum
399 5201 459 5240 sese
475 5186 830 5258 habeattnonenimparra
882 5199 942 5238 non
958 5182 1098 5255 intelligo,
1113 5181 1196 5236 video
1208 5184 1305 5234 tamen
1323 5179 1392 5235 nihil
1404 5181 1591 5253 responsione
1606 5180 1658 5234 hac
1672 5195 1734 5234 esse

71 5274 86 5335 t,
102 5274 153 5324 aut
168 5274 227 5324 tam
242 5287 330 5343 parvo
346 5288 477 5329 sermone
504 5280 644 5343 contenta)
668 5275 828 5331 videbimus
883 5272 1009 5328 stultius.
1024 5271 1078 5326 Sed
1094 5269 1212 5341 pudebit
1226 5285 1293 5324 enm
1307 5269 1426 5325 tortasse
1441 5270 1482 5325 ita
1507 5286 1560 5325 nos
1581 5272 1632 5322 aut
1644 5267 1733 5323 relin-

72 5372 138 5412 cum
154 5359 228 5413 Deus
242 5359 303 5431 ipse
329 5361 574 5432 opportunitatem
588 5363 689 5418 ordine
707 5364 827 5422 dederit.
882 5377 980 5434 quere,
995 5363 1045 5416 aut
1059 5357 1152 5430 sequi.
1170 5358 1332 5430 Disputabit
1346 5368 1414 5431 ergo
1429 5363 1457 5414 et
1477 5355 1661 5430 exaggerabit
1682 5372 1733 5410 co-

99 5445 212 5503 caput
231 5448 280 5505 ιιι.
295 5480 330 5490 -
342 5450 468 5506 Stultitia
481 5466 518 5506 un
527 5467 587 5507 oum
595 5454 648 5507 Deo
662 5455 708 5509 sit.
882 5449 1042 5522 piosissime
1056 5446 1184 5504 stultitiae
1198 5448 1283 5503 mala.
1300 5449 1357 5504 Nos
1370 5452 1467 5503 antem
1481 5447 1554 5501 bene
1565 5443 1648 5499 nobis
1661 5460 1734 5517 pro·

71 5533 227 5592 Definitum
255 5542 298 5594 est
312 5542 409 5596 autem
428 5538 500 5612 quid
522 5539 559 5595 sit
581 5556 643 5598 esse
665 5556 731 5598 cum
756 5541 824 5600 Deo.
882 5540 1022 5609 ridentes,
1038 5541 1088 5596 aut
1101 5537 1252 5596 audiemus
1266 5541 1374 5595 attente
1388 5535 1539 5595 hominem
1557 5532 1734 5591 nescientem
