3884 6112
73 249 138 302 teat

69 367 170 424 dicatis
184 383 234 423 vos
247 366 353 422 habere
365 366 476 422 animos
489 367 617 439 pudicos,
632 368 656 424 si
675 368 804 425 habeatis
822 368 919 426 oculos

68 456 228 529 impudicos
244 473 251 510 :
267 456 335 527 quia
348 455 512 528 impudicus
533 457 642 528 oculus,
663 458 803 531 impudici
825 457 919 513 cordis

66 550 109 600 est
124 543 251 599 nuntius.
264 545 297 599 lit
311 560 377 599 cum
392 543 556 600 seinvicem
569 544 694 613 sibimet,
707 546 793 601 etiam
807 549 918 601 tacente

64 632 176 705 lingua,
192 637 345 703 conspectu
365 637 476 700 mutuo,
500 634 584 688 corda
605 634 742 689 nuntiant
760 634 917 706 impudica,

63 726 92 777 et
106 721 264 776 secuudum
278 720 540 792 concupiscentiam
564 722 657 777 carnis
677 723 814 778 alterutro
838 723 918 777 dele-

62 811 287 866 ctanturardore
303 830 310 877 ;
326 811 414 865 etiam
425 809 538 866 intactis
549 811 584 865 ab
597 810 749 866 immunda
759 811 915 866 violatione

62 899 324 971 corporibus,lugit
338 899 450 955 castitas
464 899 526 972 ipsa
538 899 573 955 de
589 900 727 976 moribus.
745 900 802 955 Nec
814 904 916 971 putare

62 987 146 1044 dehet
162 988 212 1060 qui
225 987 256 1043 in
268 987 408 1043 leminam
422 988 487 1059 tigit
496 989 623 1056 oculum,
639 993 667 1044 et
679 988 756 1044 illius
770 987 802 1044 in
816 989 916 1061 seipse

62 1077 157 1148 diligit
180 1077 280 1144 lixum,
304 1077 338 1132 ab
349 1077 412 1132 aliis
432 1092 461 1131 se
475 1092 533 1132 non
543 1077 635 1132 videri
651 1093 716 1132 cum
731 1078 785 1133 hoc
797 1077 913 1134 lecerit:

24 1210 31 1219 .
63 1165 175 1221 videtur
188 1164 319 1236 omnino,
331 1169 359 1221 et
372 1182 388 1220 a
403 1165 508 1237 quibus
523 1181 553 1221 se
567 1165 659 1221 videri
675 1182 734 1221 non
748 1166 913 1223 arbitratur.

62 1255 117 1311 Sed
129 1271 193 1310 ecce
205 1255 303 1322 lateat,
319 1260 348 1310 et
361 1270 379 1310 a
392 1255 506 1311 nemine
518 1255 671 1311 hominum
685 1254 825 1323 videatur,
846 1254 916 1328 quid

64 1344 150 1399 laciet
162 1344 196 1399 de
215 1344 264 1399 illo
278 1360 365 1415 super
380 1345 550 1415 inspectore,
569 1359 654 1416 quem
670 1343 848 1399 latere.nihil
861 1360 914 1416 po·

62 1431 197 1487 test‘lAn
218 1433 283 1488 ideo
307 1432 452 1504 putandus
474 1437 594 1488 estnon
620 1431 724 1499 videre,
749 1431 817 1504 quia
835 1436 915 1487 tanto

62 1520 141 1576 videt
153 1520 320 1592 patientius,
332 1525 441 1593 quanto
457 1520 637 1592 sapientius?
651 1520 695 1575 llli
711 1536 779 1591 ergo
791 1520 836 1574 vir
849 1536 915 1574 san·
943 1566 947 1571 .

60 1613 123 1664 ctus
137 1609 238 1664 timeat
252 1609 415 1680 displicere,
430 1626 468 1664 ne
483 1609 551 1665 velit
564 1607 679 1664 feminae
694 1609 768 1663 mala
783 1607 913 1680 placere:

61 1697 144 1752 illum
158 1697 264 1766 cogitet
287 1697 387 1752 omnia
408 1697 516 1764 videre,
538 1712 574 1752 ne
600 1697 669 1752 velit
688 1696 824 1752 laminam
838 1697 914 1751 mele

59 1784 167 1840 videre.
181 1785 260 1839 illius
283 1800 410 1856 namque
430 1789 459 1841 et
482 1783 512 1839 in
527 1785 581 1839 hac
595 1799 679 1838 causa
699 1784 915 1839 commendatus

60 1876 104 1927 est
110 1872 207 1940 timor,
218 1872 266 1926 ubi
280 1873 477 1943 scriptumest:
491 1873 668 1927 Abominatio
677 1876 717 1928 est
726 1873 842 1928 Domino
852 1872 915 1942 dett·

58 1976 125 2030 qens
140 1962 245 2017 oculum
262 1961 298 2032 (a)
316 1963 405 2032 (Prae.
431 1977 515 2028 xxvii,
543 1961 589 2024 20,
611 1975 663 2016 sec.
689 1962 772 2033 LXX).
796 1960 915 2026 Quando

59 2064 131 2120 ergo
146 2049 234 2105 simul
247 2048 316 2104 estis
329 2049 360 2104 in
378 2047 504 2110 ecclesia,
521 2053 550 2104 ct
573 2049 750 2127 ubicumque
763 2050 811 2106 ubi
826 2054 854 2104 et
873 2051 916 2105 le·

59 2137 148 2192 minae
173 2142 251 2206 sunt,
278 2137 402 2192 invicem
425 2141 547 2193 vestram
571 2137 739 2209 pudicitiam
763 2137 913 2194 custodite.

60 2228 135 2282 bens
150 2226 228 2281 enim
242 2224 293 2298 qui
306 2226 421 2282 habitat
437 2225 469 2281 in
484 2224 576 2297 velih,
590 2225 677 2282 etiem
692 2226 747 2282 isto
762 2227 848 2282 modo
864 2242 913 2282 cu·

59 2314 165 2371 stodiet
178 2331 269 2371 roser
284 2315 375 2370 vobis.

303 2404 347 2458 De
358 2406 486 2472 baleae
499 2407 672 2462 correctione.

96 2495 124 2546 7.
137 2492 170 2546 Et
183 2491 208 2546 si
220 2490 295 2570 hanc
308 2492 343 2548 de
365 2508 423 2565 qua
443 2492 556 2565 loquor,
580 2492 656 2548 oculi
678 2491 867 2564 petulantiam
880 2490 914 2546 in

61 2578 158 2650 aliquo
186 2583 312 2635 vestrum
338 2579 530 2645 adverteritis,
557 2579 654 2635 statim
682 2580 846 2647 admonete,
876 2595 913 2634 ne

61 2672 154 2739 crepta
172 2667 405 2740 progrediantur,
421 2668 472 2723 sed
486 2669 521 2725 de
535 2669 667 2740 proximo
677 2668 868 2740 corrigantur.
884 2666 914 2723 Si

61 2759 200 2813 autemst
217 2761 284 2828 post
302 2757 530 2814 admonitionem
557 2758 675 2824 iterum,
691 2757 737 2813 vel
758 2756 815 2811 alio
838 2771 912 2826 quo-

60 2860 184 2917 cumque
199 2846 246 2902 die
261 2845 386 2919 idipsum
401 2862 468 2902 eum
481 2846 575 2902 lacera
596 2845 736 2914 videritis,
760 2845 821 2916 jam
835 2845 914 2900 velut

59 2934 244 2990 vulneratum
262 2935 422 2990 sanandum
447 2934 560 3006 prodat,
584 2934 760 3006 quicumque
781 2932 835 2987 hoc
858 2948 912 3003 po·

59 3021 289 3079 tueritinrenire
301 3044 309 3092 ;
321 3023 401 3095 prius
421 3027 518 3078 umen
540 3026 569 3078 et
587 3021 671 3077 alteri
692 3021 737 3077 vel
755 3021 841 3076 tertio
863 3021 912 3076 de-

59 3115 260 3179 monstratum,
281 3114 313 3167 ut
341 3111 466 3166 duorum
488 3110 532 3165 rel
556 3109 645 3165 trium
667 3109 761 3181 possit
784 3125 833 3164 ore
848 3124 912 3164 oon·

59 3198 147 3266 vinci,
171 3200 225 3271 lb),
251 3204 279 3255 et
307 3198 481 3272 competenti
507 3199 658 3255 severitate
690 3198 826 3254 coerceri.
856 3198 913 3253 Nec

61 3302 111 3342 vos
132 3287 268 3359 judicetis
298 3303 358 3343 esse
383 3287 549 3357 malevolos,
575 3287 691 3360 quando
724 3287 780 3343 hoc
805 3287 912 3342 indica·

59 3374 110 3432 tis.
138 3375 225 3447 Magis
247 3376 356 3448 quippe
380 3376 547 3432 innocentes
572 3392 632 3432 non
659 3376 737 3443 estis,
762 3376 786 3431 si
811 3377 912 3432 fratres

58 3466 178 3530 vestros,
193 3479 265 3536 quos
288 3463 441 3519 indicendo
465 3464 609 3536 corrigere
636 3464 765 3536 potestis,
792 3464 912 3520 tacendo

60 3551 154 3623 perire
168 3551 344 3623 permittitis.
360 3552 390 3608 Si
407 3552 484 3608 enim
497 3552 586 3608 irater
599 3556 666 3607 tuus
678 3554 781 3608 vulnus
795 3552 914 3608 haberet

60 3640 93 3694 in
106 3656 233 3712 corpore,
252 3642 330 3713 quod
344 3640 584 3708 velletoccultari,
600 3641 670 3696 dum
684 3640 910 3708 timeretsecari;

60 3743 158 3785 nonne
173 3729 326 3786 crudeliter
347 3730 383 3785 ab
409 3734 437 3784 te
463 3730 605 3796 sileretur,
636 3734 664 3785 et
690 3728 913 3785 misericorditer

59 3817 252 3874 indicaretur?
265 3818 378 3883 Quanto
392 3836 461 3891 ergo
486 3818 582 3891 potius
604 3835 669 3874 eum
684 3819 769 3874 debes
797 3817 913 3874 manile

59 3909 145 3975 stare,
160 3921 196 3962 ne
210 3907 336 3963 deterius
348 3911 495 3979 putrescat
509 3907 539 3963 in
554 3909 663 3963 corde?
684 3907 737 3964 Sed
757 3913 912 3979 antequam

59 3993 122 4048 aliis
137 3995 359 4063 demonstretur,
372 4012 425 4068 per
439 4013 511 4067 quos
533 3996 744 4053 convincendus
759 4000 812 4064 est,
826 3996 850 4050 si
864 4011 912 4050 ne·

58 4083 177 4154 gararii,
193 4083 273 4154 prius
286 4084 456 4156 praeposito¹
472 4084 556 4140 debet
570 4085 693 4153 ostendi,
709 4085 733 4139 si
748 4083 912 4140 admonitus

57 4172 218 4242 neglexerit
232 4171 346 4245 corrigi,
368 4188 405 4228 ne
420 4172 494 4227 forte
507 4173 599 4243 possit
613 4172 749 4228 secretius
762 4175 911 4243 correptus

58 4274 118 4316 non
130 4261 310 4317 innotescere
325 4259 447 4317 caeteris.
461 4260 491 4317 Si
502 4264 597 4315 autem
610 4259 766 4332 negaverit,
777 4263 846 4316 tunc
860 4275 911 4316 ne·

57 4349 138 4419 genti
149 4349 302 4406 adhibendi
311 4353 379 4405 sunt
392 4349 450 4412 alii,
465 4354 498 4405 ut
508 4349 570 4422 jam
585 4365 682 4405 coram
697 4347 831 4404 omnibus
844 4363 912 4420 pos-

58 4435 172 4493 sitnon
188 4440 223 4495 ab
248 4456 305 4495 uno
333 4441 406 4494 teste
433 4437 526 4510 argui,
554 4438 603 4493 sed
618 4453 635 4493 a
648 4437 760 4493 duobus
785 4436 912 4493 tribusve

58 4527 199 4583 convinci.
239 4526 389 4583 Convictus
417 4541 484 4581 vero
507 4524 662 4580 secundum
693 4523 842 4597 praepositi
867 4524 912 4579 rel

59 4613 147 4669 etiam
160 4614 331 4686 presbyteri,
343 4615 377 4670 ad
391 4613 472 4685 cujus
481 4612 723 4685 dispensationem
730 4613 913 4684 pertinetar·

58 4700 189 4770 bitrium,
205 4702 290 4758 dehet
302 4701 530 4758 emendatoriam
544 4701 912 4774 subiravindictamtquam

58 4787 82 4841 si
97 4787 172 4843 ferre
186 4791 369 4858 recusaverit,
385 4790 499 4846 etiamsi
524 4791 586 4862 ipse
600 4807 661 4846 non
675 4790 850 4859 abscesserit,
876 4792 911 4847 de

52 4893 911 4970 petituraeoppetitconcuptsceelicsevntaaqu.besnosius:ttec

56 4954 199 5044 soiotqcvto
212 4955 375 5020 affectaret
384 4960 611 5068 effectuquoque.
623 4958 907 5032 Deniqueaprstoletll

55 5017 201 5068 habetdeo
211 5018 355 5080 sototoctu,
368 5031 396 5070 se
421 5019 521 5092 affectu
534 5033 640 5093 qouque
654 5022 681 5071 et
691 5023 798 5093 aspectu
808 5021 910 5086 oppete-

57 5083 139 5151 turet
157 5083 257 5143 appelit
270 5079 384 5144 [emtam
402 5082 447 5131 ubi
467 5082 617 5145 vindingus
634 5096 663 5132 tn
676 5096 795 5132 virorum
817 5083 910 5146 regulo

56 5141 108 5204 legi
123 5141 211 5202 vellet,
234 5145 258 5193 et
279 5147 384 5216 qppetv't
406 5144 513 5208 etquis.
537 5144 619 5193 Porro
633 5145 803 5194 'ramatensis
817 5145 910 5209 regula

53 5203 541 5364 reserauerat-treats
564 5209 675 5342 err
696 5219 803 5272 rer

49 5329 854 5455 ,telateiaetatietartttattbttstatr
867 5343 910 5383 ω’

89 5506 125 5563 lc)
139 5502 286 5570 Edblepnra
303 5505 389 5557 h'orib
400 5501 536 5558 albridsbu
552 5507 716 5572 opttatmoe.

582 245 609 302 S.
630 243 826 306 abaestuet
845 245 992 304 REGULA
1011 245 1061 303 Ab
1080 244 1218 305 SERVOS
1236 245 1308 302 but.

1759 253 1829 311 1382

973 371 1067 424 restra
1084 368 1218 424 societate
1237 368 1413 440 projiciatur.
1432 370 1495 425 Non
1510 371 1588 426 enim
1602 376 1630 427 et
1648 373 1703 428 hoc
1717 374 1750 429 tlt
1765 389 1828 430 cru·

973 456 1085 527 daliter,
1109 457 1160 513 sed
1182 457 1416 526 misericorditer,
1436 475 1472 515 ne
1497 460 1666 531 contagione
1692 462 1827 533 pestilera
1887 461 1892 479 ⁸

974 547 1114 618 plurimos
1128 547 1237 617 perdat.
1252 546 1285 602 lit
1298 546 1352 601 hoc
1367 548 1443 618 quod
1454 547 1555 602 diride
1572 550 1654 604 oculo
1664 565 1723 605 non
1736 550 1825 622 ligen-

973 636 1021 700 do,
1038 636 1125 690 etiam
1143 635 1174 690 in
1199 635 1309 690 caeteris
1330 634 1520 703 inveniendis,
1535 637 1729 708 prohibendis,
1746 638 1823 694 indl-
1894 704 1897 711 ¹

973 724 1082 792 caudis,
1108 723 1308 780 convincendis
1336 723 1572 797 vindicandisque
1599 726 1732 797 peccatis,
1762 727 1825 783 dili-

972 818 1075 884 genter
1090 818 1117 868 et
1135 813 1260 868 fideliter
1284 813 1459 880 observetur,
1475 830 1540 868 cum
1559 813 1712 870 dilectione
1729 815 1824 871 homi·

972 917 1054 971 num,
1068 906 1097 956 et
1110 900 1176 956 odio
1200 901 1346 956 vitiorum.
1363 901 1542 973 Quicumque
1557 906 1653 957 autem
1668 902 1699 957 in
1709 907 1824 960 tantum

972 1004 1140 1060 progressus
1154 989 1240 1044 luerit
1254 989 1373 1057 malum,
1386 995 1417 1044 ut
1431 992 1538 1045 occulte
1553 991 1589 1045 ab
1603 991 1700 1062 aliqua
1715 991 1825 1047 litteras

972 1079 1016 1152 vel
1037 1078 1173 1150 quaelibet
1186 1078 1357 1133 munuscula
1370 1078 1490 1150 accipiat
1504 1077 1525 1146 ⁴,
1542 1078 1566 1134 si
1579 1079 1633 1134 hoc
1649 1080 1723 1135 ultro
1739 1080 1826 1136 contl-

972 1171 1060 1236 tetur,
1075 1168 1270 1239 parcaturilli,
1281 1173 1309 1222 et
1320 1171 1419 1223 oretur
1432 1183 1485 1239 pro
1501 1168 1600 1224 illesi
1611 1172 1707 1223 autem
1722 1169 1826 1240 depre·
1851 1219 1854 1222 .

970 1254 1108 1311 henditur
1123 1261 1208 1327 atque
1223 1254 1411 1322 convincitur,
1427 1257 1585 1311 secundum
1599 1256 1750 1313 arbitrium
1761 1272 1825 1328 pre·

972 1343 1078 1414 sbyteri
1092 1344 1137 1397 vel
1151 1344 1300 1414 prepositi
1314 1343 1428 1414 gravius
1443 1345 1623 1400 emendetur.

1006 1451 1045 1502 De
1058 1450 1126 1503 uitio
1138 1451 1281 1518 propriam
1295 1448 1420 1517 aliquam
1432 1464 1492 1503 reru
1511 1449 1566 1503 sibi
1578 1449 1787 1505 viridicantinm.

1007 1556 1034 1610 8.
1050 1555 1146 1608 Vestes
1159 1559 1266 1609 vestras
1275 1553 1306 1608 in
1318 1569 1411 1609 unum
1420 1553 1559 1622 habeatis,
1571 1555 1623 1609 sub
1635 1570 1693 1609 uno
1704 1556 1824 1611 custode

970 1641 1013 1696 vel
1031 1641 1154 1709 duobus,
1169 1642 1214 1697 vel
1230 1646 1300 1714 quot
1314 1641 1444 1697 sufficere
1458 1642 1607 1713 potuerint
1622 1643 1659 1698 ad
1673 1658 1720 1698 aas
1739 1658 1825 1698 excu-

971 1730 1091 1797 tiendas,
1106 1745 1143 1785 ne
1165 1746 1182 1784 a
1204 1729 1282 1785 tinea
1302 1730 1460 1785 laedantur:
1478 1734 1506 1785 et
1527 1730 1601 1785 sicut
1618 1729 1769 1801 pascimini
1790 1746 1825 1786 ex

970 1833 1029 1872 uno
1042 1817 1169 1886 cellario,
1179 1817 1219 1872 sic
1229 1817 1390 1873 induemini
1403 1835 1434 1872 cr
1450 1834 1508 1873 uno
1523 1818 1666 1875 vestiario.
1679 1820 1712 1874 lit
1726 1819 1750 1873 si
1760 1818 1824 1874 lieri

969 1909 1076 1977 potest,
1094 1922 1153 1961 non
1168 1906 1265 1961 advos
1278 1906 1423 1977 pertineat
1436 1906 1513 1978 qnod
1525 1905 1605 1960 vohis
1619 1905 1824 1962 indumentum

970 2009 1022 2065 pro
1038 1998 1203 2065 temporum
1218 1993 1406 2064 congruentia
1419 1994 1590 2066 proferatur,
1602 1997 1702 2050 utrum
1713 1994 1768 2050 hoc
1783 2010 1827 2051 re·
1850 2048 1860 2065 ,

970 2081 1059 2152 cipiet
1073 2082 1271 2154 unusquisqne
1289 2082 1366 2154 quod
1384 2082 1564 2155 deposuerat,
1586 2099 1623 2137 an
1642 2081 1718 2139 aliud
1748 2083 1826 2156 quod

969 2170 1042 2225 alter
1056 2169 1209 2239 habuerat,
1225 2171 1294 2226 dum
1312 2175 1410 2226 umen
1425 2169 1591 2243 unicuique,
1609 2176 1697 2243 prout
1716 2171 1821 2243 cuique

969 2274 1040 2331 opus
1056 2264 1108 2328 cst,
1125 2274 1183 2314 non
1204 2266 1334 2330 negetur.
1351 2259 1381 2316 si
1402 2264 1498 2315 autem
1514 2259 1581 2314 hinc
1594 2259 1671 2315 inter
1692 2276 1742 2316 vos
1756 2246 1841 2316 con(

969 2347 1113 2403 tentiones
1128 2352 1157 2402 et
1170 2362 1321 2402 murmura
1335 2346 1478 2416 oriuntur,
1492 2363 1558 2402 cum
1575 2349 1706 2419 queritur
1719 2346 1826 2421 aliquis

969 2435 1094 2491 deterius
1118 2451 1147 2490 se
1171 2435 1312 2506 accepisse
1336 2450 1424 2506 quam
1449 2434 1530 2506 prins
1553 2435 1702 2502 habuerat,
1728 2439 1758 2491 et
1784 2435 1827 2491 in·

969 2523 1090 2595 dignum
1106 2539 1136 2579 se
1150 2540 1211 2579 esse
1224 2524 1274 2594 qni
1284 2539 1342 2578 non
1356 2524 1396 2578 ita
1407 2524 1557 2589 vestiatur,
1569 2524 1642 2579 sicut
1655 2523 1827 2580 aliuslrater

969 2611 1030 2682 ejus
1041 2611 1227 2680 vestiebatur3
1238 2612 1306 2666 hinc
1315 2627 1365 2667 vos
1378 2612 1497 2682 probata
1507 2615 1647 2683 quantum
1657 2611 1737 2666 vobis
1750 2611 1829 2668 desit

968 2700 999 2756 in
1013 2700 1061 2755 illo
1077 2699 1214 2754 interiore
1235 2702 1332 2754 sancto
1348 2698 1448 2755 habitu
1465 2698 1569 2767 cordis,
1585 2699 1635 2770 qui
1654 2715 1706 2770 pro
1721 2699 1824 2755 habitu

967 2787 1093 2859 corporis
1114 2786 1243 2858 litigatis.
1260 2788 1367 2841 Tamen
1382 2786 1406 2840 si
1427 2785 1466 2840 sic
1482 2789 1576 2840 vestra
1590 2786 1729 2842 toleratur
1743 2786 1826 2845 infir.

967 2875 1059 2937 mites,
1082 2879 1113 2929 ut
1133 2875 1188 2929 hoc
1211 2874 1355 2946 recipiatis
1378 2874 1456 2945 quod
1481 2874 1688 2945 deposueratis,
1712 2873 1745 2929 in
1766 2890 1824 2930 ono
1893 2892 1897 2897 ·

967 2968 1064 3019 tamen
1078 2963 1141 3018 loco
1161 2962 1214 3018 sub
1232 2962 1432 3018 communibus
1446 2962 1611 3018 custodibus
1625 2963 1729 3019 habete
1744 2962 1825 3036 quod

967 3052 1084 3124 ponitis.
1100 3053 1142 3107 lta
1156 3067 1236 3118 sane,
1252 3055 1284 3107 ut
1298 3050 1395 3106 nullus
1408 3050 1464 3106 sibi
1479 3050 1586 3122 aliquid
1604 3055 1757 3124 operetur;
1774 3051 1824 3107 sed

967 3140 1064 3196 omnia
1079 3155 1169 3211 opera
1183 3143 1277 3195 vestra
1291 3139 1322 3193 in
1338 3154 1491 3195 commune
1500 3139 1572 3194 liant
1583 3137 1606 3202 ¹,
1618 3139 1824 3212 majorisludio
1920 3132 1922 3137 ’

967 3233 996 3284 ει
1005 3227 1193 3301 frequentiori
1202 3227 1357 3292 alacritate,
1365 3243 1452 3299 quam
1465 3227 1489 3281 si
1497 3226 1576 3282 vobis
1587 3227 1709 3299 singulis
1718 3227 1825 3282 lacere-

968 3317 1004 3373 tis
1019 3316 1291 3389 propriasCharitas
1306 3316 1394 3384 enim,
1409 3317 1443 3371 de
1459 3333 1515 3389 que
1525 3316 1664 3389 scriptum
1680 3319 1734 3385 est,
1745 3315 1824 3389 quod

966 3422 1025 3462 non
1042 3410 1153 3478 quaerat
1175 3422 1240 3478 quae
1261 3422 1313 3460 sua
1326 3409 1393 3461 sunt
1412 3406 1434 3473 (l
1450 3406 1509 3462 Gor.
1526 3422 1586 3468 xuv,
1603 3406 1643 3476 5),
1658 3405 1698 3459 sic
1713 3404 1825 3460 inlelli-

967 3495 1055 3566 gitur,
1071 3495 1139 3568 quia
1153 3494 1317 3550 communia
1331 3492 1465 3566 propriis,
1481 3509 1538 3549 non
1555 3493 1673 3564 propria
1694 3508 1824 3548 commu·

967 3583 1052 3639 nibus
1067 3583 1225 3655 anteponit.
1237 3584 1270 3639 Et
1279 3581 1345 3639 ideo
1361 3586 1470 3654 quanto
1484 3581 1549 3654 plus
1563 3597 1625 3636 rem
1637 3596 1824 3637 communem

966 3688 1054 3745 quam
1068 3672 1215 3745 propriam
1229 3675 1350 3728 vestram
1358 3671 1534 3734 curaveritis,
1545 3675 1623 3726 tanto
1636 3686 1685 3725 vos
1698 3670 1824 3742 amplius

967 3761 1120 3833 proiecisse
1141 3759 1293 3828 noveritis;
1317 3766 1350 3815 ut
1376 3759 1407 3814 in
1429 3759 1573 3825 omnibus,
1602 3758 1707 3830 quihus
1731 3757 1825 3813 utitur

967 3849 1122 3904 transitura
1147 3849 1309 3918 necessitas,
1337 3847 1551 3921 superemineat
1578 3864 1642 3920 quae
1671 3850 1833 3919 permanet,

970 3937 1102 3993 charitas.
1121 3939 1302 4010 Consequens
1317 3954 1384 4010 ergo
1400 3942 1442 3993 est
1455 3942 1489 3993 ut
1502 3937 1589 3992 etiem
1604 3936 1655 4009 qui
1670 3936 1730 3992 snis
1743 3935 1822 4003 liliis,

966 4030 1017 4081 aut
1036 4026 1132 4099 aliqua
1150 4027 1360 4082 necessitudine
1381 4026 1416 4082 ad
1430 4040 1460 4080 se
1483 4025 1696 4097 pertinentibus
1714 4024 1744 4080 in
1760 4040 1823 4079 mo-

966 4117 1091 4170 nasterio
1117 4115 1288 4184 constitutis,
1305 4115 1430 4187 aliquam
1454 4113 1607 4169 contulerit
1627 4116 1747 4180 vestem,
1765 4111 1823 4166 sive

966 4204 1116 4276 quodlibet
1128 4203 1206 4260 aliud
1220 4203 1296 4259 inter
1308 4202 1468 4259 necessaria
1480 4200 1688 4273 deputandum,
1702 4214 1764 4255 non
1779 4215 1824 4254 oc-

966 4292 1042 4348 culte
1056 4290 1225 4363 accipiatur;
1241 4291 1289 4347 sed
1307 4291 1388 4347 sitin
1410 4292 1549 4364 potestate
1568 4287 1727 4360 praepositi,
1745 4291 1777 4343 ut
1792 4287 1824 4342 in

966 4397 1029 4437 rem
1053 4395 1236 4436 communem
1260 4379 1414 4446 redactum,
1441 4378 1487 4434 cui
1514 4375 1708 4433 necessarium
1736 4374 1824 4431 luerit

965 4469 1140 4541 prebeatur.
1155 4469 1235 4535 Quod
1250 4469 1274 4524 si
1288 4468 1393 4541 aliquis
1406 4482 1467 4522 rem
1481 4465 1538 4522 sibi
1558 4466 1692 4521 collatam
1707 4465 1821 4521 celave-

967 4557 1013 4627 rit,
1029 4557 1099 4613 furti
1109 4557 1218 4628 iudicio
1237 4556 1444 4613 condemnetur
1458 4559 1480 4609 ⁸.

998 4704 1007 4738 ¹
1020 4701 1128 4752 Codices
1137 4701 1254 4820 plerique
1263 4699 1418 4750 hahent:bb
1427 4698 1517 4763 atique
1522 4697 1630 4751 litteras
1637 4698 1680 4749 ael
1689 4695 1823 4763 quodlibet

965 4776 1063 4815 manus
1072 4764 1197 4827 occipiat.
1231 4775 1292 4812 uem
1303 4761 1391 4810 locum
1405 4761 1437 4810 ad
1446 4761 1665 4816 Corbeiansisble.
1676 4761 1756 4811 tidem
1765 4774 1821 4812 cor·

965 4828 1084 4876 reximus
1110 4825 1193 4876 secuti
1210 4824 1289 4874 etiam
1302 4824 1352 4872 hac
1369 4824 1397 4872 in
1410 4837 1438 4873 re
1459 4822 1640 4895 conjecturam
1655 4823 1780 4873 Stellertii
1795 4825 1822 4874 et

966 4863 1102 4952 vindingi,
1113 4888 1159 4951 qui
1173 4886 1205 4936 da
1214 4884 1380 4935 munusculis
1393 4885 1528 4935 amatoriis
1540 4884 1567 4934 id
1577 4885 1684 4949 praecipi
1693 4885 1822 4957 arbitraq-

965 4953 1022 5011 tur;
1035 4951 1101 5000 adeo
1120 4963 1153 4999 ue
1162 4948 1230 4999 utin
1243 4947 1402 4997 laminarum
1416 4961 1444 4997 ra
1483 4946 1541 4997 lale
1561 4947 1702 5006 itur,obei
1733 4959 1821 5007 uo,src

965 5012 1108 5076 legendum
1137 5011 1160 5060 ic
1169 5023 1236 5069 esse,
1245 5010 1278 5060 ob
1287 5008 1390 5073 otique.
1401 5011 1456 5061 Pau
1467 5023 1482 5059 o
1493 4960 1598 5082 posied
1609 5009 1666 5059 hrec
1674 5022 1720 5081 yar
1740 5022 1764 5068 a,
1775 5008 1820 5061 oet

962 5069 1820 5186 ”fil-tl‘ltlllltltttilllblltt‘ltfflltt'quffl

965 5149 1141 5253 oupssdffl'em
1151 5149 1237 5269 enirm
1246 5192 1323 5268 fient.
1337 5147 1371 5245 it
1381 5197 1445 5269 blas.
1459 5149 1575 5260 potirirea
1588 5174 1696 5254 habent,
1708 5194 1736 5243 bt
1749 5206 1820 5244 corre

964 5273 1054 5311 suune.
1068 5260 1107 5308 ltu
1124 5261 1202 5308 ettam
1212 5261 1289 5330 epist.
1308 5261 1365 5318 att,
1380 5272 1408 5307 tn
1422 5273 1475 5322 qua
1488 5257 1567 5321 paulo
1577 5260 1648 5316 ente,
1662 5255 1819 5306 adverbum

965 5320 1160 5386 opereturhrec
1172 5320 1314 5394 subjuncta
1323 5324 1386 5370 sunt
1395 5321 1545 5371 :Staeonde
1554 5317 1820 5375 tridentenstresvbi.

962 5382 1762 5447 tccmtetveeeaecmqaler,eetoperrcrerwetcapureonve
1781 5383 1819 5431 ct.

996 5445 1108 5499 3ιειιιεει
1120 5445 1258 5503 renuntia,
1271 5445 1342 5502 Quod
1351 5447 1372 5494 st
1381 5444 1480 5508 aliquis
1489 5455 1555 5502 rem,
1569 5446 1619 5492 etc.
1629 5458 1636 5503 3
1647 5443 1746 5493 aba'sta
1774 5455 1820 5493 or-

965 5507 1065 5558 beiensi
1079 5510 1106 5556 ct
1119 5507 1152 5556 ab
1166 5506 1224 5555 eliis
1238 5505 1369 5571 plerisque
1387 5508 1448 5556 blas.
