3884 6112
71 198 143 250 ¹073
830 200 937 259 tinuit
957 202 1059 262 UNUS.
1755 215 1824 271 tort

67 322 184 393 tempus
199 318 345 376 dividitur.
358 317 480 376 Uteuim
489 319 662 376 vermiculus
673 320 723 377 ille
732 321 798 395 plus
811 322 918 380 locito·
972 341 1039 381 cum
1048 325 1121 383 mihi
1130 326 1166 384 ed
1175 326 1250 384 banc
1258 343 1320 384 ram
1328 328 1401 386 desit
1408 330 1492 402 alius,
1499 331 1590 388 audeo
1600 335 1697 390 tamen
1704 334 1824 397 tibiuou

66 413 127 479 tus,
142 426 229 482 quam
244 425 312 480 pars
325 409 386 481 ejus
395 408 565 479 occupabat;
579 409 619 466 ite
633 411 771 483 majorem
781 413 919 485 temporis
973 414 1070 471 deesse
1086 433 1093 471 ε
1110 417 1159 472 sed
1173 417 1227 474 hoc
1241 418 1381 474 mercedis
1396 423 1448 489 est,
1464 421 1541 493 quod
1556 421 1636 490 dum,
1649 423 1718 495 quid
1730 425 1824 481 valeat

66 515 181 554 moram
197 502 286 567 tenet,
303 514 368 553 cum
384 496 496 553 Lucifer
509 498 622 568 dieitur,
639 516 726 571 οοοοι
741 500 764 556 si
779 502 845 557 Luci
859 506 919 558 tan·
973 503 1080 573 anima,
1095 504 1226 561 indoctus
1245 507 1383 577 expedi03
1401 509 1471 580 quid
1489 509 1551 581 ipse
1568 511 1690 579 valeam,
1705 528 1822 569 securus

67 587 221 643 tummodo
236 586 390 642 diceretur.
406 586 499 651 Quare
514 586 537 640 si
558 585 612 643 hoe
627 588 836 660 significatione
851 590 919 646 vivit
973 592 1115 662 experior.
1131 593 1163 647 ln
1178 592 1281 665 primis
1295 599 1393 651 tamen
1413 597 1466 652 tibi
1487 603 1635 671 amputem
1653 600 1823 658 latissimam

67 675 101 731 in
116 693 150 732 ea
165 674 358 730 diminutione
368 674 516 745 temporis,
525 691 590 747 quar
603 675 691 731 diviso
701 676 751 731 illo
766 693 835 733 sono
845 678 920 734 facta
973 681 1127 750 quamdam
1138 686 1167 737 et
1175 682 1319 738 infinitam
1330 686 1583 757 exspectationem,
1594 703 1631 742 ue
1641 705 1687 744 me
1697 689 1733 746 de
1742 689 1823 747 omni

68 768 122 825 est,
137 779 203 819 cum
219 764 319 818 eadem
335 761 506 833 significatio
523 762 614 818 divisa
628 779 687 818 nou
704 764 740 819 sit
755 765 824 834 (non
840 766 918 821 enirn
973 768 1070 824 anima
1083 769 1226 826 dicturum
1237 777 1332 843 putas,
1343 772 1394 828 sed
1407 777 1520 829 tautum
1536 775 1570 830 de
1585 774 1722 845 humane,
1734 794 1822 850 quam

68 851 132 924 ipsa
145 867 199 923 per
210 856 326 922 tempus
341 850 568 922 distendebatur,
580 852 630 908 sad
643 852 756 922 sontis),
771 853 811 908 ita
825 853 920 909 existi·
973 858 1064 913 solam
1078 874 1178 916 curere
1194 860 1341 929 debemus,
1355 862 1379 916 si
1390 863 1604 936 uobismetipsis
1618 881 1695 921 curoe
1711 883 1819 924 sumus.

68 939 209 996 mnndum
225 944 278 1007 est,
294 942 369 994 secto
391 939 539 994 vermiculi
558 955 689 1012 corpore,
704 956 869 1013 quanquam
887 943 920 999 in
974 949 1039 1003 Hoec
1056 948 1147 1021 igitur
1167 952 1273 1023 primo,
1289 953 1365 1024 quod
1385 953 1475 1009 cuivis
1494 954 1721 1012 animadvertere
1738 956 1822 1014 facile

69 1029 184 1084 minore
200 1028 261 1082 loco
280 1043 346 1099 pars
365 1043 399 1082 eo
420 1028 482 1099 ipso
495 1043 552 1099 quo
566 1044 632 1101 pars
649 1033 710 1084 erat
728 1029 845 1100 viveret,
861 1047 919 1087 nou
973 1040 1024 1103 est,
1037 1054 1141 1110 corpus
1152 1039 1206 1094 hoc
1216 1044 1589 1114 terrenumatquemortale
1605 1044 1841 1119 praesentiusue!

69 1116 189 1172 ommno
213 1115 338 1171 animam
355 1121 471 1183 sectam,
488 1132 539 1172 nec
560 1117 622 1172 loeo
643 1117 754 1173 minore
775 1117 919 1176 minorem
972 1125 1108 1194 vivificat;
1125 1127 1235 1199 colligit
1248 1129 1279 1184 in
1303 1145 1404 1200 unum,
1421 1134 1506 1202 etque
1528 1131 1559 1186 iu
1581 1148 1640 1188 uno
1659 1137 1747 1198 tenet,
1766 1133 1822 1190 dif-

69 1222 131 1262 0⁵³⁰
152 1205 267 1271 faciam,
288 1205 355 1260 licei
370 1205 475 1277 integri
497 1205 651 1260 animantis
675 1207 803 1262 membra
820 1207 919 1264 omnia
972 1213 1062 1270 fluere
1084 1219 1171 1288 atque
1194 1216 1394 1273 contabescere
1417 1235 1476 1274 non
1499 1219 1587 1288 sinit;
1610 1220 1747 1277 alimenta
1770 1238 1822 1295 per

67 1311 122 1368 per
140 1294 280 1364 majorem
299 1293 394 1348 loevam
413 1297 545 1365 porrecta
563 1293 647 1349 simul
667 1294 837 1365 possederit.
854 1296 918 1351 Non
971 1303 1101 1358 membra
1115 1304 1275 1375 equaliter,
1291 1306 1348 1360 suis
1366 1307 1470 1378 cuique
1487 1308 1615 1376 redditis,
1632 1309 1764 1365 distribui
1777 1309 1820 1365 fa·

68 1382 146 1438 enim
158 1382 251 1437 locum
267 1381 339 1452 ipsa,
349 1381 397 1437 sed
409 1397 512 1452 corpus
523 1382 600 1453 quod
612 1382 647 1436 ab
658 1381 756 1437 eadem
768 1381 916 1453 agebatur,
971 1393 1026 1461 oit;
1049 1394 1270 1466 congruentiam
1291 1395 1353 1465 ejus
1380 1396 1556 1467 modumque
1581 1401 1740 1466 conservat,
1761 1413 1821 1454 non

67 1471 184 1528 lenthai
201 1487 207 1526 :
224 1470 297 1525 Sicut
310 1470 359 1525 ilia
377 1469 549 1541 Significat&
566 1486 624 1525 ¹1⁰n
641 1469 763 1525 distenta
777 1487 830 1543 1³0¹·
844 1475 916 1527 tem·
971 1484 1084 1537 tantum
1094 1481 1124 1536 in
1133 1482 1360 1553 pulchritudine,
1371 1482 1420 1537 sed
1430 1482 1517 1538 etiam
1531 1483 1724 1540 increscendo
1735 1488 1821 1556 atque

65 1576 133 1632 pus,
160 1575 260 1615 omnes
281 1562 378 1614 tamen
401 1558 526 1613 nominis
548 1559 657 1613 litteras
681 1575 747 1613 suas
766 1575 861 1614 moras
885 1577 917 1617 ac

67 1652 201 1720 tempora
215 1647 403 1719 possidentes,
414 1647 492 1702 velut
502 1645 678 1702 animaverat
691 1651 777 1719 atque
789 1649 915 1721 comple·

66 1741 158 1792 verat.
176 1738 232 1792 Hac
254 1735 440 1791 similitudine
464 1735 580 1790 interim
604 1739 757 1791 contentus
779 1735 817 1791 sie
836 1742 914 1809 peto,

68 1829 168 1898 quate
183 1825 274 1879 sentio
290 1824 475 1880 delectatum.
490 1824 559 1889 Quae
573 1828 669 1880 auum
681 1824 865 1881 subtilissime
881 1826 915 1883 de

66 1915 123 1971 boc
138 1913 276 1986 disputari
292 1916 417 1985 possunt,
428 1913 468 1968 ita
482 1918 513 1968 ut
525 1929 584 1968 non
600 1912 834 1969 similitudinibus
850 1929 915 1986 quae

66 2003 239 2077 plerumque
262 2001 376 2070 fallunt,
398 2001 448 2057 sed
469 2002 554 2057 rebus
573 2001 642 2073 ipsis
664 2001 733 2057 satis
747 2002 806 2070 liat,
822 2018 859 2058 ne
884 2003 915 2060 in

64 2091 219 2165 praesentia
240 2094 408 2161 exspectes:
431 2105 498 2146 nam
521 2095 551 2145 et
572 2090 785 2146 concludendus
799 2095 842 2148 est
855 2095 915 2148 tam

65 2182 171 2253 longus
185 2195 291 2248 sermo,
302 2183 331 2234 et
341 2178 438 2234 multis
452 2178 515 2234 aliis
531 2195 595 2251 quse
609 2178 662 2234 tibi
675 2179 787 2248 desunt,
801 2181 915 2236 animus
939 2230 943 2239 .

66 2270 102 2325 ad
121 2271 182 2324 haec
201 2269 339 2324 intuenda
357 2272 386 2323 et
405 2266 581 2340 dispicienda
598 2267 795 2339 praecolendus
815 2272 865 2337 est,
882 2272 915 2325 ut

64 2355 913 2429 possisintelligereliquidissime,utrumquodaquibnsdam

65 2447 239 2503 doctissimis
252 2447 319 2502 viris
332 2446 446 2514 dicitur,
462 2447 501 2502 ita
516 2462 577 2502 sese
590 2446 703 2511 hebeat,
719 2446 847 2503 animam
860 2463 914 2520 per

63 2535 534 2606 seipsamnnllomodo,sedtamen
542 2551 594 2607 per
604 2551 793 2609 corpusposse
800 2536 910 2609 partiri.

100 2627 145 2682 69.
168 2626 248 2680 Νοοο
268 2624 362 2697 accipe
384 2640 401 2678 a
422 2640 480 2692 me,
504 2624 529 2679 si
547 2624 636 2695 voles,
655 2624 700 2680 rel
718 2624 814 2696 potius
831 2640 912 2680 reco-

63 2727 169 2785 gnosce
185 2729 236 2785 per
249 2728 306 2778 me,
323 2717 432 2784 quanta
446 2712 482 2766 sit
500 2711 606 2778 anima,
621 2728 681 2767 non
702 2711 795 2784 spatio
809 2711 864 2768 foci
880 2727 913 2767 ac

57 2801 213 2872 temporis,
229 2801 278 2857 sed
293 2800 321 2855 vi
339 2817 372 2855 ac
389 2800 542 2873 potentia.-
558 2817 623 2856 nam
645 2801 685 2856 ita
704 2800 726 2855 si
742 2799 910 2868 meministi,

59 2889 242 2959 propositum
259 2905 292 2944 ac
304 2888 487 2944 distributum
500 2889 610 2961 jamdiu
631 2889 714 2945 nobis
729 2893 783 2945 est.
803 2890 843 2945 lle
856 2905 911 2945 nu·

62 2991 145 3031 mero
163 2992 229 3032 vero
249 2977 420 3041 animarum,
437 2977 532 3033 nescio
550 2977 620 3049 quid
640 2977 693 3033 tibi
711 2977 910 3051 respondeam,

59 3081 128 3121 cum
143 3064 197 3121 hoc
214 3066 250 3121 ad
269 3065 354 3121 istam
375 3066 565 3138 quaestionem
581 3067 725 3138 pertinere
744 3065 909 3139 putaveris:

59 3153 146 3208 citius
168 3153 245 3208 euim
267 3154 387 3210 dixerim
409 3170 468 3209 non
488 3170 548 3208 esse
572 3154 691 3210 omuino
711 3154 911 3227 quaerendum,

60 3245 113 3298 aut
127 3247 202 3298 certe
218 3243 271 3297 tibi
286 3258 362 3299 nunc
375 3242 576 3311 differendum,
592 3257 678 3315 qnam
696 3244 741 3299 vel
757 3258 911 3299 nnmerum

59 3347 95 3386 ac
113 3330 331 3387 multitudinem
351 3347 410 3387 nou
433 3331 576 3404 pertinere
596 3332 632 3388 ad
649 3332 847 3404 quantitatem,
867 3333 912 3387 vel

59 3425 121 3474 tam
137 3419 295 3476 involutam
312 3419 501 3493 questionem
515 3421 628 3476 modos
643 3437 689 3476 me
704 3421 757 3477 tibi
770 3437 853 3494 posse
867 3436 912 3476 ex·

59 3509 162 3582 pediri.
179 3509 208 3564 Si
224 3509 302 3565 enim
317 3509 415 3564 dixero
430 3525 517 3564 unam
531 3524 591 3564 esse
605 3508 743 3580 animam,
755 3509 911 3566 couturba-

58 3597 148 3663 beria,
166 3598 288 3670 quadiu
303 3598 393 3653 altero
408 3598 491 3653 beata
507 3601 560 3665 est,
575 3597 606 3652 in
620 3598 709 3652 altero
723 3596 844 3668 misera;
859 3613 912 3652 nec

58 3703 120 3743 uua
135 3703 179 3742 res
192 3687 278 3743 simul
291 3690 319 3742 et
331 3687 414 3742 beata
428 3690 456 3742 et
469 3686 574 3742 misera
588 3689 683 3758 potest
696 3702 766 3742 csse.
777 3686 807 3743 si
822 3702 911 3742 uuam

60 3776 148 3830 simul
163 3780 191 3831 et
205 3776 311 3831 mivltas
326 3775 418 3831 dicam
434 3791 506 3843 esse,
521 3774 643 3838 ridebis;
658 3791 711 3831 nec
730 3773 801 3830 mihi
817 3774 911 3846 facila,

60 3863 139 3919 unde
154 3867 236 3919 tuum
255 3863 347 3920 risum
365 3863 564 3936 comprimam,
582 3864 718 3936 suppetit.
738 3863 787 3920 Sin
806 3863 912 3919 multas

58 3953 262 4009 tantummodo
278 3968 339 4008 esse
363 3952 472 4019 dixero,
493 3952 555 4024 ipse
572 3969 618 4009 me
632 3952 742 4019 ridebo,
758 3953 911 4026 minusque

61 4057 111 4096 me
121 4041 192 4096 mihi
201 4040 410 4113 displicentem,
421 4057 509 4114 quam
519 4041 582 4112 tibi,
592 4022 744 4114 peiferam.
755 4041 830 4097 nudi
841 4057 910 4114 ergo

60 4128 140 4201 quod
155 4144 188 4183 ex
202 4144 248 4183 me
263 4129 336 4184 bene
346 4133 373 4183 te
386 4128 486 4183 audire
496 4144 579 4199 posse
589 4128 744 4199 polliceor;
758 4129 834 4201 quod
845 4145 911 4185 vero

61 4220 113 4272 aut
128 4215 277 4284 ambobus,
293 4221 342 4272 aut
353 4216 433 4271 alteri
448 4221 580 4272 nostrum
593 4216 633 4270 ita
645 4232 798 4297 onerosum
812 4221 864 4286 est,
880 4221 912 4272 ut

60 4305 181 4360 fortasse
191 4305 347 4376 opprimat,
360 4322 396 4360 nc
405 4304 500 4360 subire
513 4309 562 4360 aut
572 4305 721 4377 imponere
728 4306 807 4362 velis.
816 4309 850 4361 Ε.
860 4305 911 4361 Ce-

62 4393 100 4448 do
110 4409 236 4465 prorsus,
248 4393 358 4465 etquod
369 4393 421 4449 tibi
428 4399 620 4465 congruenter
629 4409 741 4449 mecum
749 4393 912 4465 videturagi

62 4497 158 4554 possa,
174 4486 316 4553 quantum
329 4482 422 4536 valeat
435 4482 542 4548 anima,
554 4485 684 4554 exspecto
697 4486 727 4537 nt
741 4497 874 4554 exponas.

64 4587 181 4644 eleut
200 4588 314 4644 lllllllll.
331 4618 365 4627 -
386 4589 435 4644 Vis
455 4589 552 4643 anime
573 4589 603 4643 in
625 4603 743 4659 empore,
764 4589 793 4642 in
810 4588 911 4658 seipsa

98 4678 124 4730 et
140 4676 217 4745 opud
232 4678 324 4744 Deum,
337 4680 435 4746 septem
448 4677 506 4746 ejus
519 4677 717 4745 magnitudinis
728 4675 832 4747 orodes
846 4691 913 4732 con·

99 4768 201 4822 stituit.

324 4837 427 4886 Primus
440 4836 537 4901 gradus
551 4836 656 4887 enimes.
745 4856 748 4861 ⁵

96 4926 145 4981 70.
157 4927 197 4980 Α.
209 4925 231 4980 0
241 4925 353 4981 utinam
361 4925 557 4981 doctissimum
567 4925 704 4997 aliquem,
713 4941 806 4997 neque
815 4925 843 4981 id
854 4928 914 4980 tan·

63 5016 137 5079 tum,
145 5013 194 5067 sed
205 5013 290 5068 etiam
298 5012 574 5085 eloquentissimum,
583 5014 735 5069 etomnino
742 5012 915 5086 sapientissi-

62 5116 154 5163 mum,
161 5101 533 5173 perfectumqnehominem
541 5101 727 5158 dehocambo
736 5101 914 5173 interrogare

62 5187 229 5260 possemusl
246 5189 375 5255 Quonam
390 5191 439 5246 ille
457 5190 542 5246 modo
556 5189 625 5261 quid
639 5189 737 5245 anima
751 5189 780 5244 iu
796 5205 914 5262 corpore

62 5276 915 5350 valeret,quidiuseipsa,quidepudDeumcuimundissima

58 5366 914 5440 proximaastetinquobebetsummumatqueomuebonum

63 5471 160 5523 suum,
177 5454 297 5510 dicendo
313 5472 344 5511 ac
359 5455 530 5528 disputando
545 5456 710 5528 explicaret!
724 5457 804 5512 Nunc
817 5460 912 5512 utitem

970 1569 1125 1641 gignendo.
1141 1570 1194 1627 Sed
1218 1570 1280 1626 haec
1296 1571 1381 1626 etiam
1396 1570 1509 1626 bomini
1522 1586 1588 1626 cum
1603 1571 1729 1627 arbustis
1741 1588 1821 1628 com·

970 1658 1070 1713 munia
1083 1659 1174 1715 videri
1193 1662 1303 1731 queunt
1324 1660 1407 1715 :haec
1429 1658 1508 1714 enim
1529 1660 1616 1715 etiam
1638 1659 1760 1716 dicimus
1777 1659 1819 1716 vi·

969 1760 1047 1814 vere,
1064 1746 1093 1802 iu
1109 1764 1160 1802 suo
1177 1764 1245 1804 uero
1264 1747 1392 1820 quidque
1411 1747 1528 1804 illorum
1552 1764 1657 1819 genere
1672 1748 1819 1820 custodiri,

969 1835 1017 1903 ali,
1034 1852 1171 1905 erescere,
1187 1837 1307 1908 gignere
1323 1837 1452 1893 videmus
1466 1842 1552 1909 alque
1562 1837 1700 1896 fatemur.

1210 1934 1348 1984 Secundus
1360 1934 1458 1997 gradm
1473 1934 1578 1984 animae.

1004 2016 1049 2067 it.
1065 2013 1193 2069 Ascende
1211 2014 1308 2086 itaque
1326 2014 1449 2069 alterum
1464 2014 1595 2085 gradum,
1620 2017 1647 2069 et
1668 2012 1732 2070 vide
1747 2014 1817 2087 quid

968 2100 1060 2171 possit
1072 2101 1170 2157 anima
1183 2100 1215 2157 in
1230 2102 1371 2170 sensibus,
1387 2101 1438 2158 ubi
1452 2101 1611 2157 evidentior
1624 2102 1819 2159 manifestior·

968 2205 1025 2262 que
1039 2189 1096 2246 rita
1114 2190 1296 2260 intelligitur.
1313 2191 1377 2247 Non
1400 2190 1477 2246 enim
1496 2190 1640 2246 audienda
1660 2194 1703 2247 est
1721 2190 1818 2248 nescio

968 2293 1034 2350 quse
1058 2277 1190 2351 impietas
1209 2279 1246 2350 (a)
1266 2278 1411 2335 rusticana
1435 2279 1527 2350 plane,
1551 2278 1701 2351 magisque
1722 2277 1819 2351 lignea

968 2383 1055 2439 quam
1077 2369 1144 2422 suut
1157 2367 1228 2438 ipsae
1247 2367 1365 2422 arbores
1388 2366 1493 2438 quibus
1514 2365 1722 2437 pratrocinium
1741 2383 1817 2438 pras·

967 2455 1026 2522 bet,
1042 2471 1106 2527 quae
1120 2455 1215 2511 dolere
1228 2456 1316 2511 vitem
1331 2455 1447 2527 quando
1462 2470 1517 2509 uva
1532 2453 1704 2526 decerpitur,
1715 2457 1745 2510 et
1757 2470 1816 2512 non

967 2543 1060 2599 solum
1076 2544 1182 2599 sentus
1198 2543 1328 2600 isiacum
1343 2542 1503 2610 caeduntur,
1511 2542 1562 2598 sed
1572 2542 1660 2599 etiam
1671 2542 1767 2599 videre
1777 2546 1819 2600 at·

967 2649 1023 2704 que
1038 2633 1137 2688 audire
1150 2633 1240 2688 credit
1259 2648 1267 2688 ε
1285 2633 1320 2687 de
1339 2648 1397 2704 quo
1413 2646 1511 2687 errore
1525 2631 1662 2703 sacrilego
1681 2631 1754 2687 elius
1775 2635 1819 2689 est

966 2721 1125 2778 disserendi
1138 2721 1227 2778 loeus.
1237 2721 1318 2777 Nunc
1328 2716 1405 2792 quod
1419 2718 1736 2788 institueram,intendc
1750 2735 1817 2792 quse

965 2809 1004 2865 sit
1013 2809 1056 2864 vis
1069 2809 1173 2865 animoe
1187 2809 1217 2864 iu
1232 2808 1374 2876 sensibus,
1390 2811 1475 2879 atque
1492 2806 1524 2862 in
1540 2807 1604 2879 ipsu
1622 2811 1703 2862 motu
1721 2807 1815 2864 mani·
1914 2852 1918 2859 .

964 2893 1089 2950 festioris
1107 2893 1275 2965 animantis,
1289 2908 1413 2966 quorum
1433 2891 1516 2949 nobis
1530 2908 1595 2948 cum
1608 2891 1644 2947 iis
1659 2909 1724 2965 quse
1738 2893 1816 2949 radi·

966 2983 1046 3040 cibus
1059 2981 1115 3038 lixa
1128 2986 1204 3050 sunt,
1222 2983 1303 3038 nulla
1315 2985 1410 3054 potest
1423 2996 1484 3037 esse
1499 2980 1675 3036 communio.
1691 2981 1818 3038 intendit
1893 3049 1898 3053 .

966 3089 996 3128 se
1010 3070 1106 3127 anima
1122 3071 1285 3139 intactum,
1307 3074 1336 3126 et
1350 3085 1384 3126 eo
1398 3069 1500 3138 calida,
1515 3069 1631 3143 frigida,
1646 3084 1757 3142 aspera,
1773 3071 1815 3126 le·

966 3158 1025 3226 nie,
1040 3159 1122 3222 dura,
1138 3156 1247 3227 mollia,
1263 3157 1346 3228 levia,
1357 3157 1455 3229 gracia
1469 3157 1556 3214 sentit
1569 3162 1656 3229 atque
1670 3156 1814 3214 disceruit.

967 3248 1075 3304 lleinde
1088 3247 1315 3303 innumerabiles
1330 3246 1506 3304 differentias
1520 3262 1664 3318 saporum,
1680 3246 1815 3317 odorum,

966 3353 1114 3406 sonorum,
1128 3337 1300 3404 formarum,
1316 3335 1471 3408 gustando,
1486 3328 1656 3401 olfaciendo,
1672 3333 1814 3391 audiendo

965 3423 1146 3495 videndoque
1163 3422 1310 3495 diiudicat.
1327 3423 1420 3493 Atque
1439 3421 1469 3476 in
1490 3420 1526 3476 iis
1544 3420 1678 3475 omnibus
1699 3436 1734 3475 ea
1746 3437 1815 3494 quse

966 3511 1124 3568 secundum
1138 3516 1271 3566 naturam
1295 3509 1339 3565 aui
1353 3509 1480 3581 eorporis
1493 3513 1570 3577 sunt,
1585 3507 1714 3563 adsciscit
1728 3511 1814 3580 atque

966 3599 1090 3672 appetit;
1106 3598 1200 3670 rejicit
1214 3598 1347 3670 fugitque
1361 3596 1513 3653 contraria.
1525 3598 1663 3652 Removet
1677 3611 1707 3651 se
1720 3596 1756 3651 ab
1770 3595 1815 3651 bis

967 3689 1096 3745 sensibus
1111 3691 1188 3743 certo
1204 3687 1354 3743 intervallo
1368 3689 1541 3757 temporum,
1557 3688 1586 3741 et
1604 3700 1704 3741 eorum
1718 3689 1815 3741 molus

967 3779 1048 3850 quasi
1067 3793 1121 3850 per
1139 3777 1277 3849 quasdam
1291 3774 1378 3831 ferias
1392 3790 1540 3846 reparans,
1558 3773 1699 3846 imagines
1717 3788 1815 3830 rerum

966 3883 1037 3940 quas
1051 3883 1102 3939 per
1116 3882 1166 3921 eos
1180 3864 1287 3937 hausit,
1301 3880 1396 3920 secum
1419 3862 1585 3919 catervatim
1606 3867 1635 3918 et
1648 3862 1816 3935 multiplici·

965 3962 1009 4012 ter
1022 3957 1125 4023 versat,
1141 3957 1170 4009 et
1186 3953 1240 4009 hoc
1254 3956 1348 4009 totum
1362 3956 1406 4008 est
1418 3966 1538 4008 somnus
1551 3956 1581 4007 et
1595 3949 1717 4007 somnia.
1733 3949 1815 4024 Saepe

965 4044 1051 4100 etiam
1067 4041 1217 4114 gestiendo
1237 4057 1269 4097 ac
1287 4041 1417 4112 vagando
1430 4040 1568 4095 facilitate
1583 4042 1678 4095 motus
1692 4038 1816 4095 delecta-

965 4135 1023 4200 tur,
1038 4135 1067 4186 et
1082 4130 1144 4186 sine
1158 4130 1256 4185 labore
1271 4129 1385 4184 ordinet
1400 4128 1599 4184 membrorum
1614 4126 1815 4196 concordiam

965 4237 1017 4293 pro
1033 4217 1214 4290 copulatione
1229 4234 1312 4273 sexus
1326 4217 1386 4289 agit
1401 4217 1478 4288 quod
1496 4219 1599 4287 potest,
1615 4217 1701 4286 atque
1716 4213 1746 4268 in
1761 4215 1814 4271 du·

964 4306 1033 4380 plici
1052 4308 1166 4372 natura,
1186 4305 1320 4361 societate
1342 4310 1428 4377 atque
1452 4318 1550 4360 amore
1570 4302 1690 4358 molitur
1711 4317 1814 4359 uuum.

966 4395 1081 4452 Fetibus
1093 4410 1153 4449 non
1162 4395 1222 4466 jem
1232 4393 1385 4466 gignendis
1396 4391 1606 4462 tantummodo,
1616 4390 1666 4446 sed
1678 4390 1765 4446 etiam
1775 4390 1817 4447 fo-

965 4482 1076 4551 vendis,
1099 4482 1214 4539 tuendis
1242 4482 1411 4554 alendisque
1438 4479 1592 4551 conspiret.
1619 4479 1714 4534 Rebus
1738 4477 1815 4535 iuter

966 4589 1037 4646 quas
1048 4587 1152 4642 corpus
1166 4570 1235 4642 agit,
1251 4573 1280 4627 et
1292 4570 1397 4644 quibus
1410 4583 1514 4640 corpus
1528 4569 1679 4633 sustentat,
1694 4580 1814 4622 consue·

965 4661 1065 4717 tudine
1078 4675 1140 4714 sese
1150 4658 1279 4726 innectit,
1290 4663 1319 4714 et
1333 4657 1369 4714 ab
1382 4656 1424 4712 eis
1438 4653 1521 4728 quasi
1535 4653 1673 4710 membris
1682 4669 1759 4726 segre
1771 4669 1816 4710 se·

966 4751 1102 4822 paratur:
1116 4763 1181 4820 quse
1197 4744 1412 4803 consuetudinis
1426 4744 1468 4799 vis
1481 4742 1567 4798 etiam
1580 4741 1758 4815 sejunctione
1770 4757 1816 4797 rs·

967 4853 1032 4893 rum
1047 4836 1176 4908 ipsarum
1196 4840 1282 4906 atque
1297 4831 1448 4889 intervallo
1463 4830 1603 4903 temporis
1617 4846 1676 4887 uon
1689 4829 1815 4896 dbcbsa,

967 4924 1109 4982 memorie
1123 4927 1248 4980 vocatur.
1265 4922 1321 4980 Sed
1341 4922 1403 4978 haec
1417 4937 1516 4978 rursus
1535 4918 1632 4976 omnia
1653 4935 1736 4993 posse
1754 4917 1817 4976 eui·

968 5030 1046 5071 mam
1061 5013 1148 5069 etiam
1162 5012 1193 5067 in
1207 5011 1306 5068 bestiis
1320 5025 1405 5065 nemo
1419 5012 1516 5081 negat.

1227 5107 1330 5158 Tertius
1345 5107 1442 5172 gredm
1453 5106 1561 5157 emme.

1002 5193 1047 5247 72.
1065 5191 1138 5261 Ergo
1155 5188 1286 5244 attollere
1302 5187 1333 5244 in
1351 5187 1469 5243 tertium
1486 5186 1619 5258 gradum,
1638 5181 1689 5256 qui
1700 5181 1761 5255 jam
1775 5185 1819 5236 cst

968 5277 1081 5336 bomini
1094 5276 1241 5350 proprius,
1258 5281 1288 5332 et
1301 5276 1395 5348 cogite
1408 5275 1578 5332 memoriam
1592 5288 1650 5328 non
1664 5273 1817 5327 cousuetu-

968 5367 1036 5424 dine
1063 5366 1244 5433 inolitarum,
1275 5365 1325 5421 sed
1350 5363 1596 5421 animadversione
1621 5363 1706 5432 atque
1729 5357 1818 5431 siguis

998 5465 1034 5527 (nt
1049 5463 1253 5514 Manichaeorum
1268 5476 1349 5513 orror.
