3884 6112
750 270 1021 332 CONFESSlONUM
1041 273 1068 327 S.
1096 271 1302 329 AUGUSlel.

691 486 950 612 LIBER
995 483 1377 610 TERTIUS.

190 682 226 730 De
239 679 316 728 anuis
330 678 415 728 aetatis
427 675 498 725 illiue
512 673 614 724 decimo
629 672 751 737 septimo,
767 670 870 720 decimo
888 673 981 719 octavo
996 669 1022 717 et
1032 666 1134 717 decimo
1145 682 1216 718 nono
1230 669 1368 719 transactis
1383 669 1548 734 Carthagine,
1558 671 1604 720 ubi
1619 671 1685 720 dum
1696 671 1822 722 litterarii
1836 674 1901 723 studii

158 750 317 802 curriculum
335 749 487 807 absolveret,
503 760 531 795 se
548 744 683 795 libidinosi
698 742 795 791 arnoris
807 741 901 804 laqueo
917 739 1055 796 irretitum,
1074 751 1177 788 necnon
1195 739 1221 787 iu
1238 740 1445 790 ltaniebeorum
1459 740 1582 790 haeresim
1597 741 1757 805 prolapsum
1770 744 1851 794 fuisse
1860 759 1901 795 rne

157 823 242 872 mieit.
270 821 400 870 Adversus
424 818 519 866 borum
542 829 643 866 errores
661 818 688 863 et
710 812 823 875 ineptias
838 811 942 860 disserit
954 806 1111 858 luculenter.
1128 810 1259 858 blaternas
1271 823 1318 872 pro
1333 824 1360 859 se
1377 810 1508 875 lacrymas
1523 816 1549 861 et
1560 825 1721 875 responsum
1735 813 1770 863 de
1785 828 1834 863 sua
1848 816 1899 864 resi·

155 892 283 955 placentia
295 890 421 938 divinitus
438 893 574 951 acceptum
590 885 683 935 refert.

961 1003 1112 1013 ..m--

438 1087 551 1142 caput
571 1084 718 1138 Pardua.

341 1179 439 1232 Amore
453 1190 529 1244 quem
541 1172 691 1228 venabatur
701 1171 820 1240 copitar.

195 1273 217 1322 l.
242 1265 312 1321 Veni
331 1264 547 1334 Cartbaginem3
570 1265 599 1315 et
620 1257 870 1326 circumstrepebat
892 1270 937 1308 me
953 1268 1005 1306 un·

156 1356 243 1427 dique
258 1358 369 1424 sartago
385 1352 592 1424 flagitiosorum
612 1363 753 1402 amorum.
771 1345 901 1401 Nondum
925 1358 1004 1398 ama-

155 1444 233 1509 barn,
258 1448 287 1496 et
310 1457 405 1495 amare
428 1438 558 1493 amabam
575 1436 596 1501 ¹,
620 1441 649 1490 ct
672 1434 823 1489 secretiore
845 1431 1005 1503 indigentia

157 1533 273 1587 oderam
289 1547 334 1585 me
349 1529 445 1583 minus
456 1528 645 1598 indigentem.
658 1523 825 1588 Orraerebam
841 1521 917 1593 quod
929 1535 1004 1574 ama-

155 1637 226 1686 rem,
244 1636 343 1674 amans
366 1632 472 1685 amare,
489 1621 516 1671 et
531 1614 648 1668 odoram
668 1611 859 1677 securitatem,
881 1615 909 1664 et
929 1609 1003 1663 viam

156 1710 217 1764 sine
241 1707 415 1778 muscipulis.
438 1703 580 1770 Quoniam
603 1703 692 1757 fames
712 1700 783 1755 mibi
800 1705 861 1754 erat
877 1698 954 1753 intus
969 1698 1003 1752 ab

154 1796 290 1850 interiore
306 1793 368 1848 cibo
379 1792 481 1862 teipso,
499 1791 571 1844 fleus
586 1804 677 1852 meus,
694 1791 764 1840 etca
778 1786 852 1840 farne
869 1802 927 1839 nen
938 1801 1002 1839 esu-

154 1884 280 1950 riebam3
295 1882 345 1936 scd
364 1897 441 1934 eram
458 1879 518 1932 sine
535 1877 676 1932 desiderio
691 1876 892 1929 alimentorum
907 1874 1002 1927 incor-

153 1971 352 2044 reptibilium:
367 1985 424 2022 non
440 1967 620 2039 quiaplenus
637 1965 677 2019 cis
694 1978 782 2027 eram,
799 1962 847 2016 sed
868 1978 925 2033 quo
942 1959 1003 2015 ina-

60 2047 64 2051 ’
153 2060 228 2128 nior,
242 2075 275 2113 eo
287 2055 467 2111 fastidiosior.
486 2055 517 2108 Et
530 2053 593 2107 ideo
604 2066 663 2106 non
678 2051 751 2104 bene
767 2049 877 2102 valebat
906 2047 1004 2101 anima

154 2162 234 2212 mea3
263 2152 290 2199 et
308 2147 436 2199 ulcerosa
455 2140 624 2211 projiciebat
647 2155 676 2192 se
702 2139 777 2191 foras
800 2135 1003 2190 miserabiliter

154 2233 241 2303 scalpi
258 2233 338 2286 avida
348 2236 478 2285 contactu
487 2228 675 2283 sensibilium.
689 2226 744 2280 Sed
759 2225 781 2278 si
794 2241 851 2278 non
864 2225 1003 2278 haberent

155 2322 292 2387 animam,
321 2336 379 2373 non
402 2319 501 2389 utique
523 2321 697 2371 amarentur.
730 2317 831 2368 Amare
862 2318 890 2367 et
913 2312 1003 2367 amari

156 2410 237 2464 dulce
253 2409 325 2463 mihi
340 2413 411 2472 erat,
434 2406 524 2477 magis
540 2404 563 2459 s'i
586 2409 614 2458 et
636 2403 759 2457 amantis
783 2417 902 2472 corpere
927 2402 1005 2455 frue-

155 2514 211 2554 rer.
236 2499 342 2552 Venam
362 2497 450 2568 igitur
468 2493 599 2548 amicitia,
627 2491 849 2562 coinquinabam
873 2489 1004 2544 sordibus

153 2586 398 2657 concupiscentie,
424 2583 634 2653 candoremque
658 2581 719 2650 ejus
740 2579 944 2633 obnubilabam
969 2579 1003 2634 de

153 2681 259 2731 tartaro
273 2674 400 2729 libidinis
414 2677 439 2738 ²;
455 2677 587 2726 ettamen
603 2670 692 2725 roedns
710 2673 796 2740 atquc
820 2667 1001 2735 inhonestus,

154 2765 268 2834 elegans
283 2768 311 2817 et
322 2763 515 2816 urbanusesse
528 2759 683 2829 gestiebam
695 2756 853 2810 abundanti
869 2756 1003 2810 vanitate.

154 2852 208 2907 Rui
223 2853 309 2907 etiam
324 2852 353 2905 in
368 2865 495 2904 amorem
510 2864 566 2919 quo
578 2846 727 2917 cupiebam
737 2845 809 2914 capi.
825 2845 897 2899 Deus
910 2859 1001 2904 meus,

155 2940 348 2995 misericordia
363 2954 438 3004 mea,
453 2942 560 3008 quantu
574 2937 638 2989 felle
649 2933 719 2988 mihi
731 2933 897 2987 straritatem
910 2932 1001 2998 illam,

154 3035 183 3082 et
197 3044 285 3100 quana
312 3029 403 3081 lienus
423 3023 582 3095 aspersisti!
601 3023 669 3094 quia
688 3028 716 3076 et
739 3027 852 3075 aeratus
877 3036 951 3085 sum,
975 3025 1004 3075 et

153 3117 270 3187 perveni
295 3117 403 3170 occulte
426 3116 462 3169 ad
486 3114 631 3167 vinculum
653 3111 775 3176 fruendi,
799 3115 827 3164 et
849 3109 1005 3180 colligabar

155 3207 238 3258 laetus
252 3203 424 3258 aerumnosis
440 3202 571 3268 nexibus,
593 3204 625 3256 ut
647 3200 771 3253 raderer
801 3198 886 3268 virgis
904 3199 1017 3253 ferreis-

157 3293 322 3349 ardcntibus
337 3291 400 3358 zeli,
420 3295 448 3346 et
463 3289 666 3363 suspicionum,
684 3293 712 3342 ot
731 3288 879 3353 timorum,
901 3293 930 3341 et
945 3288 1002 3342 ira·

156 3397 219 3436 rum
233 3386 319 3452 alque
335 3381 472 3435 rixarum.

500 3467 611 3522 CAPUT
623 3467 658 3521 ll.

366 3560 479 3614 Amavit
497 3555 649 3626 spectacula
670 3557 784 3624 tropico.

191 3652 217 3705 2.
231 3649 391 3720 Rapielrant
404 3663 449 3701 mc
465 3645 623 3716 spectacula
639 3644 786 3709 theatrica,
803 3643 886 3714 plena
899 3640 1002 3711 imagi·

156 3738 240 3791 nibus
255 3737 436 3792 miseriarum
452 3751 593 3794 mearum,
612 3738 640 3787 et
660 3732 807 3788 fomitibus
831 3731 906 3801 ignis
925 3730 996 3786 mei.

155 3824 228 3888 Quid
239 3829 281 3878 cst
295 3823 371 3896 quod
386 3823 426 3877 ibi
440 3823 526 3877 horno
540 3822 600 3875 vult
613 3821 717 3885 dolere,
735 3834 801 3873 cum
824 3822 932 3890 spectat
956 3819 1001 3871 lu·

154 3916 250 3966 ctuosa
262 3915 348 3982 atque
362 3909 477 3980 tragica,
495 3924 559 3980 quae
574 3913 670 3962 tamen
686 3907 745 3978 pati
765 3906 825 3976 ipse
840 3905 950 3960 nollet‘l
967 3907 1000 3960 Et

153 4005 249 4054 tamen
269 4000 328 4070 pati
343 4001 402 4053 rnlt
421 4015 454 4052 cx
471 3997 511 4052 cis
534 3998 662 4052 delorem
678 3984 838 4066 spectatur,
872 3999 900 4048 et
920 3994 1001 4048 dolor

152 4088 213 4159 ipse
226 4093 267 4143 est
281 4089 410 4158 voluptas
426 4087 496 4157 ejus.
513 4084 586 4150 Quid
596 4090 648 4151 est,
663 4085 718 4138 nisi
734 4082 902 4137 miserabilis
922 4083 999 4136 insa·

152 4178 199 4231 nia
215 4177 242 4233 ⁸?
258 4178 329 4231 Nam
344 4192 377 4230 eo
394 4174 485 4246 magis
493 4174 533 4228 eis
542 4178 671 4228 moretur
684 4173 817 4245 quisque,
833 4188 889 4243 quo
905 4172 999 4225 minus

150 4283 167 4320 a
190 4265 293 4321 talibus
318 4263 465 4319 affectibus
488 4278 574 4316 sanus
592 4267 647 4316 est:
664 4277 830 4333 quanquam
844 4276 910 4314 cum
939 4260 998 4330 ipse

150 4355 265 4427 patitur,
290 4352 423 4421 miseria3
449 4366 514 4406 cum
531 4350 593 4405 aliis
609 4351 781 4421 compatitur
804 4349 998 4404 misericordia

150 4443 206 4498 dici
220 4445 302 4498 solet.
317 4441 371 4498 Sed
396 4439 488 4512 qualis
508 4438 623 4493 tandem
640 4439 835 4493 misericordia
857 4438 888 4492 in
911 4438 997 4493 rebus

149 4531 221 4585 fictis
235 4536 264 4586 et
275 4529 413 4586 scenicis?
427 4530 489 4584 Non
503 4527 581 4582 enim
596 4527 631 4589 ad
646 4526 872 4582 subveniendum
894 4542 997 4598 proro-

149 4620 365 4675 caturauditor:
381 4619 431 4674 sed
444 4623 553 4674 tantum
570 4617 606 4671 ad
621 4615 777 4671 dolendum
792 4615 945 4670 invitatur:
970 4618 998 4668 et

149 4707 262 4761 actori·
278 4723 375 4762 carum
391 4707 550 4779 imaginum
563 4705 684 4776 amplius
698 4704 782 4771 favet,
797 4719 861 4758 crrm
871 4704 994 4775 amplius

148 4794 239 4851 dolet.
258 4796 290 4850 Et
304 4795 327 4849 si
337 4785 511 4850 calamitates
525 4794 582 4848 illae
595 4793 747 4849 hominum
758 4793 802 4847 rel
817 4793 941 4863 antiquae
952 4793 995 4847 rel

148 4884 227 4939 falsrc
237 4883 276 4938 sic
290 4889 421 4954 agantur,
436 4889 469 4939 ut
482 4884 533 4956 qni
548 4887 655 4956 spectat
669 4898 728 4937 non
738 4882 847 4950 dolcat;
872 4881 997 4938 abscedit

147 4972 213 5029 inde
226 4972 373 5027 fastidiens
388 4976 417 5026 et
431 4973 656 5044 reprehendens:
673 4971 696 5026 si
706 4976 802 5027 autem
814 4971 919 5026 doleat.
933 4987 994 5025 ma-

147 5067 197 5117 net
209 5062 346 5128 intentus,
363 5065 390 5115 et
403 5062 531 5132 gaudens
545 5063 733 5133 lacrymatur.

177 5201 993 5268 ¹L0r.:Elnmnrtemnbnm;moane:dmunsnmnrt;atltad.

143 5268 202 5379 1dnn
212 5271 253 5320 Er.
262 5268 422 5378 etdlrncum
430 5266 490 5314 tlsa.
501 5270 655 5327 pacamur-t,
664 5266 761 5315 habent
770 5278 874 5324 amare,
884 5269 993 5328 utroque

153 5344 210 5393 oco,
230 5335 256 5382 et
270 5345 311 5379 me
324 5343 373 5379 rus.

174 5396 256 5444 ²dm.
272 5392 314 5441 Er.
326 5398 353 5442 et
365 5391 429 5440 Lor.
445 5404 450 5438 :
467 5392 504 5440 De
519 5388 769 5446 tartarealtbtdr‘rte:
782 5389 880 5440 atBod.
895 5389 958 5439 Aru.
969 5393 994 5438 et

142 5454 217 5505 Eas:
237 5461 273 5506 De
286 5456 393 5506 tartaro
410 5453 537 5505 litterate.

172 5520 183 5552 ³
199 5518 302 5581 Septem
315 5520 375 5569 llas.
385 5513 525 5568 :lftrubtte's
538 5516 653 5565 taranta.

172 5581 183 5613 '0
197 5583 255 5629 Am.
266 5582 307 5630 Er.
319 5586 345 5631 ct
360 5582 424 5631 Lor.
438 5579 565 5630 arrectum:

1093 1079 1119 1131 3.
1138 1078 1208 1149 Ergo
1233 1084 1365 1133 amantur
1388 1083 1417 1134 et
1434 1079 1545 1135 dolores
1564 1081 1593 1135 ¹?
1612 1082 1695 1137 Certe
1707 1082 1805 1137 omnis
1832 1082 1901 1138 hono

1058 1165 1182 1235 gandera
1197 1168 1265 1222 vult.
1287 1171 1328 1222 An
1343 1184 1408 1222 curn
1423 1168 1561 1224 miserum
1573 1171 1724 1225 neminem
1740 1187 1803 1226 esse
1818 1171 1899 1235 libeat,

1057 1253 1127 1308 libet
1150 1260 1245 1309 tamen
1262 1272 1321 1311 esse
1340 1256 1570 1325 misericordem
1585 1259 1668 1330 ,quod
1687 1259 1833 1330 quianon
1852 1261 1900 1316 aine

1058 1343 1155 1398 dolore
1170 1349 1221 1411 est,
1243 1345 1295 1399 hac
1317 1361 1375 1401 nna
1397 1362 1481 1401 causa
1499 1352 1633 1401 amantur
1647 1347 1787 1403 dolores?
1809 1350 1840 1404 Et
1858 1350 1912 1417 borv

1059 1430 1093 1485 de
1106 1432 1155 1485 illa
1170 1448 1241 1488 rena
1258 1434 1391 1489 amicitiae
1412 1439 1464 1490 est.
1485 1435 1538 1490 Sed
1556 1452 1613 1507 quo
1637 1437 1740 1492 radit?
1757 1454 1817 1509 quo
1837 1438 1899 1495 fluit?

1060 1520 1163 1589 b‘tqnid
1179 1522 1304 1578 decurrit
1323 1523 1353 1578 in
1373 1528 1530 1579 torrentem
1552 1525 1625 1596 picis
1640 1525 1794 1581 bullientis
1808 1529 1899 1582 astus*

1058 1607 1198 1665 immanes
1222 1616 1361 1666 tetrarum
1376 1612 1538 1677 libidinum,
1564 1613 1684 1684 inques
1705 1613 1772 1684 ipsa
1788 1619 1898 1671 mutatu

1058 1701 1085 1751 et
1099 1700 1219 1753 vertitur
1233 1716 1282 1771 per
1298 1706 1399 1755 nutum
1416 1701 1564 1772 proprium
1580 1701 1615 1757 de
1631 1701 1744 1758 coelesti
1760 1703 1896 1758 serenitate

1059 1785 1169 1841 detorta
1181 1792 1266 1858 atque
1281 1789 1407 1858 dejecta?
1423 1789 1598 1860 Repudiatur
1613 1805 1682 1859 ergo
1697 1789 1897 1845 misericordia?

1058 1874 1255 1947 Nequaquam.
1281 1877 1352 1948 firgo
1375 1882 1509 1931 amentur
1534 1878 1648 1932 dolores
1673 1878 1841 1950 aliquando.
1857 1879 1895 1933 Sed

1057 1979 1123 2018 cave
1135 1963 1358 2034 immunditiam,
1374 1966 1468 2020 anima
1485 1981 1559 2030 mea,
1574 1967 1627 2021 sub
1642 1972 1743 2022 tutore
1760 1969 1819 2022 Deo
1838 1984 1895 2026 urea.

1059 2053 1115 2106 Deo
1131 2058 1245 2123 patrum
1261 2060 1434 2122 nostrornm,
1452 2060 1480 2110 ot
1495 2055 1632 2111 laudabili
1645 2061 1675 2111 et
1700 2058 1895 2127 superexaltato

1058 2141 1088 2195 in
1107 2142 1204 2197 omnia
1224 2145 1326 2197 saecula
1343 2146 1420 2213 (Dua.
1439 2161 1481 2213 rn,
1505 2144 1566 2215 3·ὶ);
1586 2160 1654 2198 cave
1680 2144 1893 2199 immunditiam.

1058 2231 1155 2303 Neque
1171 2231 1247 2286 enim
1268 2248 1342 2286 nunc
1356 2249 1416 2288 non
1431 2234 1582 2298 misere0r;
1604 2233 1653 2287 sed
1669 2238 1740 2288 tunc
1757 2233 1789 2287 in
1799 2232 1897 2287 theatris

1058 2321 1273 2390 congaudebam
1297 2322 1469 2390 amantibus,
1487 2337 1552 2376 cum
1568 2337 1642 2376 sessa
1667 2322 1841 2376 fruebantur
1860 2336 1897 2392 per

1057 2404 1177 2476 flagitia,
1201 2405 1332 2477 quamvis
1355 2405 1415 2460 lraec
1439 2405 1608 2476 imaginarie
1627 2406 1835 2477 gererent⁸in
1848 2405 1896 2460 tudo

1058 2492 1210 2562 spectaculi
1243 2494 1313 2547 Cum
1328 2497 1424 2548 autem
1440 2510 1501 2548 scse
1514 2493 1697 2562 amittebant,
1720 2494 1804 2566 quasi
1825 2493 1896 2548 mise

1058 2581 1146 2635 ricors
1170 2581 1371 2650 contristabar3
1398 2588 1426 2637 ct
1445 2588 1597 2655 utrumque
1622 2583 1787 2638 delectabat
1808 2589 1895 2638 tamen.

1058 2670 1138 2723 Nunc
1162 2686 1228 2723 vero
1252 2670 1343 2741 magis
1368 2670 1505 2726 misereor
1527 2672 1705 2742 gaudentem
1732 2672 1765 2727 in
1789 2671 1891 2743 flagitio.

1058 2774 1144 2829 quarn
1161 2760 1237 2813 velut
1258 2759 1330 2814 dura
1350 2776 1517 2831 perpessum
1543 2760 1720 2816 detrimento
1746 2761 1895 2834 perniciose

1058 2847 1223 2917 voluptatis,
1238 2852 1267 2902 et
1287 2848 1440 2903 amissione
1455 2850 1567 2904 miserae
1584 2849 1741 2905 felicitatis.
1761 2851 1824 2905 llaec
1836 2853 1895 2903 certe
1934 2892 1936 2899 .

1058 2934 1150 2988 verior
1176 2936 1383 3004 miscricordia;
1400 2938 1448 2993 sed
1470 2955 1528 2993 non
1553 2940 1582 2992 in
1607 2954 1640 2993 ea
1656 2939 1783 2994 delectat
1797 2936 1892 2994 dulcet

1060 3025 1130 3078 Nam
1155 3024 1207 3077 etsi
1222 3026 1397 3096 approbatur
1420 3026 1513 3081 officio
1533 3026 1680 3081 charitatis
1693 3026 1747 3098 qui
1765 3027 1842 3083 dolet
1854 3025 1893 3080 ni·

1059 3128 1173 3180 serum;
1190 3114 1288 3168 mallet
1301 3118 1398 3169 tamen
1413 3115 1513 3186 utique
1529 3132 1586 3170 non
1607 3132 1669 3170 csse
1686 3116 1768 3187 quod
1793 3115 1891 3171 doleret.

1059 3202 1108 3273 qui
1123 3202 1300 3271 germanitus
1315 3203 1475 3258 misericors
1490 3207 1543 3259 est.
1564 3204 1593 3259 Si
1607 3204 1687 3257 enim
1714 3209 1761 3257 est
1775 3202 1891 3258 malevola

1058 3290 1264 3357 benevolentia,
1281 3291 1357 3363 quod
1371 3292 1433 3346 fieri
1454 3308 1512 3347 non
1525 3296 1637 3363 potest;
1650 3297 1750 3364 potest
1763 3297 1792 3346 et
1804 3289 1890 3360 illequi

1058 3379 1194 3433 veraciter
1217 3372 1421 3452 sinceriterque
1440 3380 1601 3447 miseretur,
1616 3397 1726 3452 cupere
1742 3396 1804 3436 esse
1825 3379 1890 3434 mise

1057 3484 1104 3522 ros
1120 3472 1151 3521 ut
1170 3467 1348 3524 misereatur.
1365 3470 1631 3543 Nonnullusitaque
1643 3471 1730 3526 dolor
1745 3469 1889 3543 approban-

1057 3558 1121 3626 dus,
1134 3557 1228 3611 nullus
1243 3558 1382 3612 amandus
1396 3563 1447 3613 cst.
1466 3559 1521 3614 lloc
1537 3559 1614 3614 enim
1630 3564 1674 3629 tu,
1693 3560 1813 3614 Domine
1824 3558 1887 3620 Deus,

1057 3646 1107 3718 qui
1120 3646 1230 3700 animas
1245 3661 1333 3714 amas,
1351 3647 1435 3717 longe
1445 3650 1558 3719 lateque
1573 3647 1676 3719 purius
1691 3664 1782 3720 quarn
1798 3662 1851 3714 nos,
1870 3648 1889 3696 et

1057 3733 1304 3805 incorruptibilius
1318 3735 1469 3802 misereris,
1486 3736 1562 3807 quod
1576 3736 1657 3791 nullo
1674 3737 1776 3792 dolore
1800 3734 1888 3790 saucia

1056 3823 1104 3878 ris.
1117 3824 1148 3878 Et
1161 3823 1195 3877 ad
1210 3822 1271 3877 heac
1288 3823 1352 3894 quis
1365 3823 1507 3881 idonens?

1090 3914 1116 3967 f.
1133 3915 1169 3966 dt
1178 3927 1230 3983 ego
1241 3916 1308 3965 tunc
1322 3910 1410 3967 miser
1424 3913 1519 3968 dolere
1533 3914 1677 3980 amabam,
1693 3919 1724 3969 et
1738 3912 1886 3985 :qnarebrn

1057 4006 1087 4056 ut
1110 4007 1183 4056 esset
1206 4000 1282 4074 quod
1313 4006 1449 4071 dolerem,
1482 4003 1597 4074 quando
1626 4002 1698 4056 mibi
1727 4002 1760 4057 in
1780 4014 1886 4057 erumna

1055 4089 1157 4160 aliena,
1175 4095 1291 4157 etfalsn,
1306 4101 1334 4150 et
1349 4093 1504 4165 saltatoria,
1520 4107 1553 4146 ea
1569 4091 1662 4162 magis
1681 4091 1812 4162 placebat
1830 4085 1885 4142 aetio

1053 4181 1208 4251 histrionis,
1235 4200 1337 4256 meque
1361 4182 1502 4237 alliciebat
1516 4180 1728 4246 vehementius,
1755 4196 1811 4252 qua
1832 4174 1885 4231 nihi

1054 4272 1186 4344 lacryma
1200 4273 1424 4328 excutiebantur.
1441 4270 1513 4335 Quid
1527 4274 1624 4326 autem
1638 4269 1748 4324 mirum
1758 4265 1884 4324 caminie-

1053 4359 1092 4414 lix
1104 4376 1191 4431 pecus
1206 4362 1340 4415 aberrans
1358 4377 1373 4413 a
1388 4375 1474 4431 grege
1488 4363 1550 4424 tuo,
1564 4362 1592 4412 ct
1604 4358 1761 4428 impatiens
1768 4353 1884 4412 cintodie

1053 4453 1110 4504 tuae
1131 4448 1210 4520 turpi
1232 4450 1323 4504 scabie
1349 4449 1491 4503 foedarer?
1510 4448 1542 4502 Et
1569 4445 1635 4501 inde
1667 4451 1751 4502 erant
1773 4445 1885 4501 dolorun

1053 4555 1175 4608 amores,
1199 4555 1257 4593 non
1289 4537 1393 4610 quibus
1417 4535 1503 4591 altius
1525 4541 1713 4607 penetrarer3
1738 4549 1795 4590 nou
1822 4530 1883 4587 enin

1052 4627 1182 4682 amabam
1203 4627 1272 4682 talia
1294 4625 1414 4698 perpeti,
1437 4624 1533 4696 qualia
1554 4629 1700 4694 spectarc;
1726 4622 1775 4679 sed
1798 4621 1885 4693 quibus

1052 4716 1156 4771 auditis
1171 4721 1200 4770 ct
1210 4716 1292 4781 lictis,
1308 4720 1446 4786 tanquam
1467 4715 1498 4769 in
1512 4713 1662 4784 superficie
1675 4713 1807 4769 raderer:
1830 4723 1885 4782 quot

1051 4810 1147 4860 tamen
1159 4805 1241 4876 quasi
1257 4820 1366 4875 ungues
1386 4802 1573 4874 scalpentium
1595 4801 1723 4857 fervidus
1742 4807 1843 4865 tumor,
1864 4800 1885 4847 el

1051 4894 1139 4960 tabes,
1162 4898 1191 4948 et
1213 4894 1304 4948 sanies
1330 4893 1445 4948 horrida
1471 4891 1712 4963 consequebatur.
1738 4891 1810 4947 Talis
1836 4887 1881 4940 rita

1034 4999 1125 5050 mea,
1141 4982 1282 5055 numquid
1297 4982 1353 5037 rita
1369 4985 1439 5048 erat,
1453 4981 1527 5036 Deus
1542 4980 1644 5035 meus‘.>

1082 5198 1221 5262 ¹Theologi
1228 5199 1291 5247 bor.
1302 5197 1406 5260 legunt:
1414 5192 1883 5258 anrnmerqoamaateretdoteres.

1049 5261 1128 5311 Abest
1141 5275 1193 5311 vox
1208 5263 1337 5321 lacryma
1354 5260 1445 5308 allas
1463 5264 1490 5307 et
1504 5257 1569 5306 Edd.
1589 5257 1734 5321 plerisque.

1080 5325 1222 5377 'ineante
1229 5323 1306 5387 juata
1316 5321 1398 5372 ltond.
1408 5334 1468 5369 cum
1480 5322 1493 5370 3
1504 5321 1609 5379 blse.,et
1618 5320 1694 5369 Mart.
1705 5319 1787 5369 cami
1795 5317 1851 5368 lisa.
1859 5313 1883 5361 ff·

1080 5388 1090 5420 ³
1106 5388 1280 5440 deserentur,
1293 5384 1369 5447 juxta
1384 5383 1427 5433 Er.
1443 5381 1525 5446 bugd.
1537 5382 1639 5432 Somm.
1658 5382 1735 5432 biart
1756 5378 1839 5430 Rond.
1858 5376 1884 5424 a.

1080 5450 1091 5481 ⁶
1106 5448 1231 5497 Badllm.
1244 5447 1285 5494 Er.
1295 5446 1390 5496 etLov.
1404 5459 1410 5493 :
1422 5444 1648 5503 caeterarumve
1661 5449 1846 5494 nostramrem
1855 5438 1882 5488 le·

1049 5509 1163 5558 ctionem
1179 5508 1323 5572 praeferunt
1336 5508 1396 5556 alsa.
1409 5511 1436 5556 et
1446 5506 1507 5556 Arn.
