3884 6112
18 166 21 170 ’
61 192 128 246 isos

57 309 214 438 plqlesisdsgtu
237 309 287 366 sed
307 325 360 365 nec
377 308 485 377 videre,
500 325 553 367 neo
567 309 666 368 audire
686 310 752 368 licet
765 328 831 385 que
851 329 904 369 aa.

109 399 115 434 ι
200 421 208 437 .

59 462 172 517 CAPUT
186 462 262 517 XLV.
278 490 313 503 -
336 463 369 517 Ut
387 461 603 518 sanctimonialis
624 461 700 519 dedet
717 465 742 519 si
763 463 832 533 quid
853 465 907 520 sibi

351 538 481 603 superesi,
495 549 613 603 erepere.

94 602 123 658 Si
141 602 219 658 enim
242 603 315 659 nihil
336 604 389 658 tibi
415 605 567 674 quisquam
590 604 638 659 det
662 603 698 659 ad
721 606 905 673 erogandum,

58 674 134 729 unde
149 675 268 728 habebis
283 675 358 745 quod
369 677 491 745 eroges?
503 675 528 728 si
541 691 607 729 vero
623 691 656 728 ex
670 679 719 730 tuo
734 675 843 747 aliquid
856 678 908 731 ha·

57 745 107 800 bes
121 745 226 810 labore,
245 746 282 800 da
296 761 354 799 non
367 750 424 807 tua,
443 746 491 800 sed
503 746 621 800 alterius
638 762 726 801 manu
737 765 744 812 ;
756 747 780 800 si
793 747 906 802 abunde

57 816 110 872 tibi
124 816 257 886 provenit
268 817 367 870 victus.
380 815 459 870 Unde
470 816 522 870 libi
536 817 630 871 aliena
645 816 826 884 distribuere,
840 834 905 873 cum

58 885 129 942 nibil
153 887 205 941 tibi
228 903 314 968 supra
335 887 528 941 necessarium
549 887 632 942 liceat
652 888 811 959 usurparet
832 889 906 953 Quid

57 957 448 1100 titt.tt⁰it¹.ltttit
463 957 817 1101 titiitttttitttt
831 960 908 1096 itt

207 1069 214 1095 ,
587 1070 593 1083 .
808 1074 813 1086 .

57 1099 565 1225 llqtarmapiuspietatelhancimpende.
575 1100 648 1165 Quid
656 1099 907 1157 utiliusoratianei

97 1186 132 1224 nc
156 1186 261 1239 argue,

59 1249 172 1305 CAPUT
187 1250 277 1305 XLVI.
298 1278 333 1291 -
356 1249 432 1316 Quod
455 1251 623 1319 eleemosyna
641 1266 725 1319 aeuus
743 1268 761 1306 a
779 1252 906 1308 moniali-

344 1321 393 1375 bus
408 1322 529 1390 impendi
542 1322 624 1377 decet.

95 1392 193 1462 ltaque
215 1394 307 1446 totum
326 1393 467 1446 mundum
491 1408 548 1446 uno
567 1392 728 1448 dilectionis
750 1392 814 1448 sinu
828 1408 906 1447 com·

59 1462 193 1534 plectere.
209 1462 259 1517 ubi
274 1463 359 1516 simul
375 1478 485 1528 amnes,
507 1463 556 1534 qui
570 1463 638 1517 boni
654 1468 729 1530 suut,
747 1462 906 1524 considera,

60 1534 279 1604 congratulare:
293 1534 342 1589 ubi
354 1534 432 1602 mali,
444 1533 556 1588 intuere
571 1539 599 1589 et
612 1535 686 1604 luge.
701 1535 742 1588 lbi
758 1539 908 1588 accurrant

60 1603 454 1676 animamiseriapanperum,
462 1606 658 1675 orphanorum
666 1605 799 1675 gemitus,
812 1605 909 1659 vidua·

60 1691 124 1730 rum
140 1674 289 1741 desolatio,
301 1676 426 1730 tristium
440 1676 617 1744 moestitudo,
632 1677 813 1730 necessitates
826 1690 907 1744 pere-

60 1746 245 1818 grinantium,
277 1746 404 1814 pericula
431 1746 637 1816 navigantium,
666 1751 731 1800 vcta
751 1744 906 1816 virginum,

60 1816 233 1870 tentationes
247 1815 464 1882 monachorum,
481 1818 666 1886 praelatorum
676 1815 848 1883 sollicitudo,
863 1815 906 1870 la·

59 1886 114 1942 bor
128 1886 323 1940 militantium.
335 1886 472 1941 Omnibus
483 1890 582 1955 pectus
596 1891 653 1941 tuae
668 1885 827 1941 dilectionis
840 1901 908 1957 ape·

24 1955 31 1966 '
60 1957 133 2011 rias:
147 1956 191 2011 his
206 1962 269 2010 tuas
285 1956 418 2026 impende
435 1958 583 2027 lacrymas,
598 1957 708 2038 probis
727 1961 792 2011 tuas
810 1973 908 2027 preces

58 2027 171 2082 fundas.
185 2029 249 2081 llaec
260 2027 452 2098 eleemosyma
463 2030 521 2083 Deo
532 2028 693 2098 gratiosior.
708 2028 820 2084 Christo
832 2044 909 2083 acce·

80 2098 145 2161 tior,
160 2102 217 2152 tuae
233 2098 402 2169 professioni
420 2099 525 2168 aptior,
544 2098 589 2152 hie
608 2099 712 2169 quihus
730 2099 909 2169 impenditur

59 2114 239 2224 fructuosior.
257 2170 343 2239 liujus
361 2184 467 2223 munus
482 2169 615 2223 beneficii
629 2174 711 2224 tuum
727 2170 908 2242 propositum

60 2240 184 2309 adjuvat,
201 2255 259 2294 nan
284 2240 432 2310 perturbat
449 2239 632 2294 dilectionem
653 2240 794 2311 proximi;
812 2245 907 2311 auget,

61 2325 120 2364 non
135 2310 257 2374 minuit;
282 2310 384 2364 mentis
407 2310 535 2382 quietem
559 2314 662 2376 servat,
691 2327 751 2366 uon
776 2310 907 2382 impedit.

61 2381 142 2446 Quod
157 2381 229 2436 nibil
244 2385 283 2435 est
303 2383 508 2451 appetendum,
527 2383 558 2436 ut
575 2382 715 2437 habeatur
728 2382 764 2437 ad
784 2382 909 2452 largien-

62 2452 131 2507 dum
144 2471 151 2518 3
167 2468 232 2505 cum
243 2450 315 2506 nihil
330 2451 434 2506 habere
449 2452 485 2507 sit
499 2452 665 2522 perlectum.
681 2452 755 2518 Quid
771 2452 814 2507 his
826 2452 909 2523 plura

62 2521 214 2576 dicamus?
230 2523 301 2576 Cum
316 2523 414 2589 sancti,
437 2530 469 2576 ut
486 2523 610 2594 perfecte
624 2527 744 2593 possunt
762 2523 909 2593 prosimos

61 2592 193 2664 diligere,
206 2593 377 2647 studuerunt
390 2593 420 2646 in
430 2593 485 2647 hoc
500 2593 608 2647 mundo
619 2592 691 2648 nihil
704 2592 821 2655 habere,
837 2592 910 2648 nihil

63 2663 107 2717 vel
122 2663 182 2717 sine
197 2663 328 2733 appetitu
342 2663 497 2734 possidere.
509 2663 646 2733 Agnoscis
655 2663 741 2718 verba
754 2663 831 2717 beati
841 2665 909 2719 Gre-

62 2734 145 2804 gorii.
162 2734 230 2788 Vide
250 2749 336 2805 quam
351 2739 450 2789 contra
462 2735 545 2789 multi
560 2734 692 2804 sapiunt:
709 2738 741 2788 ut
752 2734 830 2789 enim
846 2733 911 2788 cba-

62 2803 153 2858 ritatis
167 2804 305 2874 impleant
317 2805 422 2873 legem,
435 2809 611 2876 quaruntut
623 2804 746 2859 habeant
755 2804 832 2874 quod
847 2820 910 2858 era·

62 2880 149 2946 gent;
167 2891 231 2929 cum
247 2875 308 2945 ejus
322 2876 528 2945 perlectionem
542 2874 612 2945 ipsis
631 2874 783 2941 adscribat,
800 2874 851 2946 qui
867 2874 910 2928 ni·

61 2945 113 3071 biq)
125 2946 300 3014 habendum,
323 2946 396 3001 nihil
415 2947 459 3001 vel
483 2946 544 3001 sine
558 2945 689 3018 appetitu
703 2944 909 3016 possidendum

62 3031 95 3071 ar
115 3016 248 3072 itrantur.

63 3096 175 3152 CAPUT
189 3096 292 3151 van.
309 3126 343 3135 -
359 3098 400 3152 De
415 3096 555 3151 dilectione
567 3097 621 3151 Dei
633 3095 795 3151 concitanda
809 3099 838 3151 iu
852 3111 910 3151 me-

253 3168 385 3222 ditatione
399 3169 587 3236 mysteriorum
606 3168 717 3224 Christi

101 3238 148 3292 llis
160 3238 194 3292 de
209 3237 329 3309 proximi
346 3238 497 3293 dilectione
514 3238 682 3308 praemissis,
704 3238 740 3292 de
758 3237 911 3292 dilectione

63 3308 115 3363 uei
130 3324 220 3380 pauca
242 3308 414 3378 subJ'uugam
431 3309 484 3380 (a).
511 3311 581 3364 Nam
607 3309 673 3363 licet
689 3314 812 3380 utraque
832 3324 913 3363 soror

63 3380 154 3434 Deum
169 3379 392 3451 proximumque
410 3379 550 3442 dilexerit,
570 3379 729 3451 specialiter
745 3383 843 3434 tamen
857 3380 911 3434 cir·

62 3465 97 3504 ca
119 3450 287 3521 obsequium
307 3450 506 3519 proximarum
523 3451 715 3521 occupabatur
733 3450 851 3518 Martha,
878 3466 913 3505 ex

63 3520 168 3576 divinas
187 3537 254 3575 vero
270 3521 399 3574 lectionis
413 3521 492 3575 tonte
512 3521 663 3576 hauriebat
682 3521 777 3576 liaris.
798 3523 841 3576 Ad
861 3521 913 3576 Dei

64 3607 131 3646 vero
154 3591 335 3647 dilectionem
359 3591 416 3645 duo
436 3592 591 3662 pertinent,
612 3591 729 3646 affectus
748 3592 862 3660 mentis,
885 3596 914 3647 et

64 3662 180 3717 effectus
200 3661 305 3733 operis.
329 3663 361 3716 Et
384 3678 456 3733 opus
479 3663 533 3716 hoc
555 3662 587 3716 in
603 3662 743 3716 virtutum
757 3662 910 3729 exercitio;

64 3734 180 3788 alieuius
201 3748 268 3788 vero
291 3733 394 3787 mentis
415 3733 446 3786 in
461 3732 616 3803 spiritualis
631 3737 730 3804 gustus
751 3733 911 3798 dulcedine,

65 3804 236 3858 Exercitium
256 3803 392 3858 virtutum
415 3803 445 3857 in
461 3808 538 3858 certo
557 3803 668 3858 vivendi
684 3804 775 3869 modo,
794 3804 824 3859 in
836 3805 911 3876 jeju·

64 3874 129 3942 niis,
142 3875 297 3946 invigiliis,
311 3875 341 3929 in
356 3890 454 3955 opere,
467 3874 497 3928 in
509 3874 674 3944 dilectione,
687 3875 717 3930 in
731 3875 870 3940 oratione,
882 3874 912 3929 in

63 3951 232 4018 paupertate
247 3951 275 4000 et
288 3951 400 4000 calaris
414 3946 579 4017 hujusmodi
594 3946 831 4012 commendatur,
846 3946 912 4000 atie·

64 4020 126 4070 ctus
141 4016 257 4070 salutari
272 4016 457 4072 meditatione
473 4017 610 4072 nutritur.
631 4018 729 4087 ltaque
740 4023 772 4071 ut
786 4017 834 4071 ille
848 4017 911 4070 dul-

64 4086 193 4141 cissimus
207 4102 288 4141 amor
300 4089 367 4142 iesu
380 4088 410 4142 in
424 4092 473 4142 tuo
486 4092 593 4142 crescat
607 4087 719 4152 affectu,
736 4087 841 4158 triplici
855 4103 912 4142 me·

64 4156 202 4212 ditatione
214 4159 400 4229 opushabes:
416 4158 451 4212 de
466 4157 619 4228 praeteritis
635 4157 753 4222 scilicet,
765 4157 913 4228 prasenti-

63 4228 117 4282 bus
132 4232 161 4283 et
184 4228 297 4297 tuturis,
320 4229 349 4284 id
364 4234 407 4284 est
426 4228 461 4282 de
477 4227 687 4298 preteritorum
704 4227 909 4292 recordatione,

64 4300 100 4355 de
115 4298 291 4371 experientia
303 4299 500 4369 praesentium,
516 4300 551 4354 de
565 4298 793 4354 consideratione
804 4298 911 4352 lutura·

64 4386 138 4425 rum·
154 4371 225 4427 Cum
239 4371 328 4475 igitur
343 4385 424 4425 meus
438 4374 487 4423 tua
501 4369 587 4425 tuerit
606 4369 641 4423 ab
661 4369 740 4424 omni
759 4368 912 4440 cagitatio-

64 4456 135 4496 num
154 4443 236 4496 sorde
280 4443 420 4495 virtutum
443 4439 577 4495 exercitio
601 4445 722 4511 purgata
740 4439 800 4509 jam
815 4440 913 4494 oculos

64 4510 213 4566 defaecatos
233 4512 267 4567 ad
289 4511 447 4582 posteriora
466 4503 610 4581 retoi‘que.
631 4513 671 4565 lic
693 4511 820 4581 primum
846 4525 912 4564 cum

64 4580 149 4636 beata
166 4581 253 4637 llaria
266 4582 394 4652 ingressa
406 4580 580 4647 cubiculum,
596 4581 684 4635 libras
698 4582 802 4653 quibus
818 4580 911 4652 Virgi-

65 4651 110 4776 lii
120 4651 910 4794 utili.flittltltuttiiittltttletttt·

571 4762 577 4788 t

65 4792 163 4846 audias
177 4793 369 4847 salutantem:
387 4797 415 4846 et
429 4791 502 4847 sicut
515 4794 624 4863 repleta
640 4799 755 4864 stupore
769 4797 797 4848 et
812 4763 913 4847 ecstasi

65 4862 258 4916 dulcissimam
271 4863 419 4918 dominam
428 4867 507 4918 tuam
521 4880 586 4919 cum
597 4864 705 4935 Angeia
716 4865 857 4919 salvitante
870 4880 912 4918 sa·

66 4932 150 4996 lates,
162 4933 252 4987 clama
263 4934 369 4999 diceus,
382 4935 439 4989 Aue
451 4938 544 5003 pratia
556 4937 648 5005 piena,
661 4936 793 4990 Dominus
807 4940 910 4990 tecum:

64 5004 202 5058 benedicta
226 5009 256 5059 tu
279 5008 308 5059 in
332 5004 489 5060 mulieribus
511 5006 585 5076 (Luc.
603 5023 622 5073 ι,
638 5008 691 5069 28).
719 5007 775 5060 iioc
797 5005 912 5076 plenius

64 5080 208 5145 repetens,
223 5091 288 5147 quae
303 5076 339 5129 sit
352 5077 412 5130 herc
426 5076 525 5146 gratioe
539 5077 698 5147 plenitudo,
711 5077 746 5131 de
764 5093 820 5147 qua
834 5081 912 5131 totus

64 5144 188 5199 mundus
203 5146 324 5217 gratiam
338 5147 489 5210 mutuavit,
506 5147 643 5218 quoniam
660 5148 776 5208 Verium
788 5162 850 5202 cara
866 5148 912 5212 la·

64 5221 135 5271 ctum
148 5220 198 5284 est,
214 5222 240 5273 et
251 5218 387 5272 habitauit
398 5220 428 5271 in
441 5219 517 5277 notia
525 5219 634 5288 pierium
646 5220 744 5284 pratia
753 5223 778 5273 et
788 5220 912 5273 ueritatis

64 5287 152 5357 (teau.
177 5304 195 5353 1,
220 5287 275 5356 rt),
300 5288 504 5358 contemplare,
529 5293 558 5343 et
578 5289 720 5343 admirare
746 5287 911 5355 hominum,

64 5357 115 5429 qui
124 5361 230 5412 terram
240 5358 341 5430 implet
350 5364 377 5413 et
386 5359 500 5425 coelum,
511 5359 587 5415 intra
597 5359 682 5414 unius
692 5360 796 5431 pueltae
806 5360 912 5414 viscera

96 5500 102 5534 ¹
116 5497 193 5562 Apud
205 5498 332 5560 luselm,
347 5497 431 5563 suerit
441 5497 538 5563 absque
552 5498 741 5562 capitationem
753 5499 880 5552 tumultu.

95 5577 133 5649 (a)
147 5579 257 5651 Reliqua
273 5593 333 5643 pers
348 5578 429 5645 hujus
442 5577 503 5628 libri
514 5582 555 5630 est
574 5579 645 5629 inter
658 5592 738 5644 opera
752 5579 778 5629 S.
794 5577 911 5631 Anaelmi

64 5639 197 5691 Meditatro
212 5656 321 5692 xvxvu.

745 190 793 246 DE
812 188 899 248 VITA
918 188 1126 247 enunieret.

1745 178 1835 254 sset'

960 310 1065 379 claudi,
1088 328 1176 384 quam
1199 315 1282 368 Pater
1307 311 1498 380 sanctificarit,
1527 312 1614 370 Filius
1638 313 1811 380 fecundavit.

960 383 1142 439 obumbravit
1152 384 1273 456 Spiritus
1292 389 1414 440 sanctus.
1427 384 1448 441 0
1460 384 1550 440 dulcis
1563 384 1691 457 domina,
1704 392 1812 459 quauta

960 453 1148 509 inebriebaris
1173 455 1333 521 dulcedine,
1358 471 1415 526 quo
1437 455 1543 510 amoris
1563 455 1630 527 igne
1653 463 1810 513 succende·

960 525 1046 589 baris,
1062 542 1127 580 cum
1140 526 1262 580 sentires
1277 525 1306 580 in
1318 530 1412 580 mente
1428 532 1456 581 et
1469 531 1566 581 ventre
1581 531 1668 581 tantm
1681 529 1811 599 majesta·

961 596 997 651 tis
1011 597 1193 667 praesentiam
1202 614 1209 663 ;
1219 613 1283 650 cum
1292 598 1327 651 de
1341 601 1391 651 tua
1400 613 1485 651 carne
1496 598 1549 651 sibi
1562 612 1677 651 carnem
1686 615 1809 655 assume·

961 671 1013 733 ret,
1030 672 1058 721 et
1072 669 1202 722 membra
1223 668 1326 738 quibus
1345 668 1531 738 corporaliter
1551 670 1646 722 omnis
1662 669 1810 738 plenitudo

961 737 1117 792 divinitatis
1144 738 1295 805 habitaret,
1318 754 1333 792 e
1357 738 1414 792 tuis
1443 737 1497 792 sibi
1522 739 1658 792 membris
1680 744 1807 810 aptaret!

962 809 1027 863 llaec
1039 809 1133 863 amnia
1147 813 1315 890 propterte,
1328 808 1417 879 virgo,
1432 812 1463 862 ut
1477 807 1632 889 Virginem,
1647 825 1734 879 quam
1748 808 1811 864 imi·

961 878 1017 933 tari
1040 880 1226 950 proposuisti,
1242 880 1354 951 diligas,
1377 884 1405 933 et
1428 879 1551 949 Virginis
1576 879 1700 933 fructum
1723 882 1744 947 ¹,
1764 879 1832 945 cui,

962 951 1093 1021 nupsisti.
1105 952 1166 1004 iam
1177 966 1322 1005 nunccum
1333 949 1496 1004 dulcissima
1505 949 1676 1004 dominetua
1685 950 1716 1003 in
1727 966 1809 1005 mon·

962 1026 1028 1076 tana
1043 1023 1212 1089 conscende,
1227 1026 1255 1076 et
1274 1021 1377 1075 sterilis
1391 1027 1419 1074 et
1435 1020 1553 1091 virginis
1568 1036 1684 1074 suavem
1700 1020 1810 1076 intuere
1857 1062 1867 1071 .

962 1093 1158 1162 complexum;
1174 1098 1202 1146 et
1216 1090 1396 1146 salutationis
1411 1091 1549 1156 officinm,
1565 1090 1595 1144 in
1611 1107 1667 1161 quo
1683 1092 1811 1146 servulus

963 1163 1128 1231 Dominum,
1145 1178 1237 1233 praee
1254 1162 1390 1244 judicem,
1407 1178 1458 1215 vox
1481 1161 1617 1231 Verbum,
1632 1161 1709 1216 intus
1723 1162 1812 1217 anilia

962 1234 1069 1288 viscere
1090 1235 1240 1289 conclusus
1253 1250 1283 1287 ιιι
1299 1233 1416 1304 virginis
1432 1237 1512 1287 utere
1534 1234 1661 1288 clausum
1684 1234 1809 1302 agnovit,

962 1309 991 1359 et
1016 1304 1156 1359 indicibili
1179 1304 1286 1376 gaudio
1329 1303 1471 1357 salutavit.
1508 1303 1585 1358 Beati
1624 1307 1736 1358 ventres
1777 1302 1809 1357 iu

962 1373 1050 1429 totius
1064 1375 1165 1429 mundi
1180 1376 1256 1428 salus
1269 1373 1407 1441 exoritur,
1423 1374 1569 1444 pulsisque
1584 1374 1709 1428 tenebris
1722 1373 1810 1428 tristi·

962 1445 1017 1506 tiae,
1033 1445 1208 1516 sempiterna
1223 1444 1324 1499 laetitia
1338 1444 1536 1514 prophetatur.
1552 1444 1624 1507 Quid
1638 1443 1709 1513 agis,
1726 1443 1811 1498 avir-

963 1516 1399 1587 goiltccurrequaesa,accurre,
1409 1518 1437 1568 et
1447 1513 1534 1567 tantis
1548 1514 1658 1585 gaudiis
1669 1514 1810 1569 admisce-

961 1603 1003 1653 re,
1019 1592 1198 1657 prosternere
1213 1586 1247 1640 ad
1263 1586 1350 1654 pedes
1360 1585 1521 1655 utriusque,
1534 1590 1562 1639 et
1575 1583 1605 1638 in
1617 1585 1701 1638 unius
1713 1590 1812 1639 ventre

963 1672 1099 1738 sponsum
1114 1660 1196 1710 tuum
1210 1656 1393 1725 amplectere,
1407 1656 1531 1709 amicum
1546 1671 1611 1709 vero
1626 1656 1687 1724 ejus
1700 1655 1731 1708 in
1745 1655 1813 1710 alte*

962 1743 1022 1781 rius
1043 1736 1124 1782 utero
1139 1742 1284 1781 venerare.
1302 1727 1381 1780 Hunc
1403 1730 1519 1778 euntem
1541 1725 1570 1778 in
1587 1726 1731 1779 bethleem
1745 1740 1812 1780 cum

962 1797 1042 1852 omni
1053 1797 1203 1852 devotione
1210 1812 1396 1867 prosequere,
1408 1799 1435 1849 et
1449 1795 1479 1849 in
1489 1794 1645 1865 hospitium
1658 1795 1811 1861 divertens,

962 1884 1027 1922 cum
1046 1868 1096 1921 illa
1110 1867 1218 1933 assiste,
1235 1872 1264 1922 et
1283 1868 1438 1937 obsequere
1453 1865 1590 1936 parienti;
1613 1866 1762 1947 locatoque
1782 1864 1813 1921 in

961 1939 1103 2009 praesepio
1113 1939 1241 2008 parvula,
1254 1953 1372 2009 erumpe
1386 1937 1417 1990 in
1427 1936 1744 2011 vacemdexsultatioms,
1754 1935 1813 1992 cla*

962 2026 1044 2064 mans
1060 2026 1124 2063 cum
1140 2009 1212 2063 isaia
1228 2027 1234 2064 :
1250 2010 1383 2064 Paruulus
1398 2011 1478 2061 rictus
1490 2007 1624 2073 esinatis,
1637 2013 1663 2063 et
1674 2009 1747 2077 fitius
1762 2007 1811 2062 da·

963 2085 1006 2136 tus
1021 2081 1149 2135 esinatis
1166 2081 1243 2148 (lsai.
1260 2096 1298 2147 rx,
1314 2083 1350 2149 6).
1366 2079 1544 2149 amplectere
1559 2078 1641 2133 dulce
1655 2078 1726 2132 illud
1739 2094 1813 2147 prae·

963 2151 1085 2221 sepium.
1104 2151 1202 2205 Vincat
1216 2149 1416 2205 verecundiam
1430 2164 1522 2215 amor,
1539 2148 1672 2203 timorem
1687 2149 1813 2219 depellat

963 2222 1093 2290 affectus,
1102 2226 1133 2275 ut
1148 2221 1345 2275 sacratissimis
1356 2219 1477 2291 pedibus
1492 2218 1562 2290 figas
1575 2219 1659 2286 labia,
1674 2223 1703 2274 et
1716 2219 1813 2274 oscula

963 2291 1091 2365 gemines
1106 2296 1126 2346 ¹.
1146 2291 1250 2347 Exinde
1273 2296 1421 2361 pastorum
1436 2290 1568 2345 excubias
1583 2295 1679 2345 mente
1701 2294 1812 2360 pertra-

963 2370 1019 2432 cta,
1033 2364 1209 2434 Angelorum
1226 2361 1382 2417 exercitum
1395 2361 1546 2429 admirare,
1561 2361 1670 2416 coelesti
1684 2360 1814 2415 melodias

963 2437 1027 2488 tuas
1049 2433 1199 2504 interpone
1220 2437 1324 2502 partes,
1340 2430 1425 2486 corde
1446 2430 1647 2485 simulatore
1670 2430 1813 2486 decanta:

964 2506 1058 2562 Gloria
1073 2507 1102 2558 in
1116 2504 1227 2559 excelsis
1245 2505 1295 2557 Deo
1309 2502 1387 2569 (Luc.
1405 2518 1435 2564 u,
1453 2501 1508 2568 tt).

964 2576 1077 2630 CAPUT
1091 2574 1206 2629 XLVlll.
1222 2602 1256 2613 -
1271 2575 1305 2627 lte
1315 2573 1462 2640 Magorum
1474 2571 1640 2638 adoratione,
1653 2573 1723 2640 supa
1736 2569 1812 2629 utre·

999 2648 1036 2700 sti
1057 2646 1087 2698 in
1109 2647 1265 2713 AEppptum,
1281 2647 1307 2697 et
1329 2642 1362 2696 de
1382 2643 1485 2695 latrone
1508 2641 1546 2696 ad
1567 2644 1670 2698 Christi
1689 2642 1815 2698 deutrum

1000 2717 1139 2794 arucipiao.

1001 2785 1063 2840 Noli
1071 2790 1158 2838 intua
1167 2781 1352 2837 meditatione
1363 2782 1511 2853 llagorum
1521 2796 1642 2837 munera
1651 2780 1813 2853 proeterire3

964 2871 1016 2910 nec
1037 2855 1193 2926 fugientem
1209 2853 1240 2908 in
1259 2855 1410 2924 frigyptum
1432 2853 1632 2906 incomitatum
1646 2853 1777 2923 relinque
1791 2849 1813 2906 ⁸.

964 2926 1086 2997 Opinare
1106 2941 1205 2979 verum
1230 2940 1290 2978 esse
1312 2924 1390 2995 quod
1404 2922 1519 2990 dicitur,
1534 2938 1600 2977 eum
1622 2939 1638 2977 a
1657 2922 1815 2977 latronibus

963 2997 1171 3078 deprehensum
1187 2994 1287 3062 invia,
1303 3001 1331 3048 et
1343 2992 1545 3048 adolescentuli
1560 2993 1708 3063 cujusdam
1723 2992 1812 3047 benc-

964 3067 1029 3122 llcm
1044 3072 1188 3138 ereptum.
1210 3064 1323 3133 Eratis,
1338 3069 1371 3119 ut
1384 3064 1492 3130 dicunt,
1516 3062 1654 3133 principis
1669 3064 1815 3117 latronum

966 3138 1054 3205 filius,
1069 3138 1119 3210 qui
1142 3135 1239 3209 prada
1261 3134 1380 3206 potitus,
1405 3150 1470 3188 cum
1494 3135 1645 3205 parvulum
1667 3133 1697 3188 in
1716 3133 1816 3189 matris

967 3208 1076 3282 gremio
1099 3206 1294 3278 comperisset,
1320 3210 1400 3260 tanta
1422 3205 1448 3259 ei
1472 3204 1502 3259 in
1526 3205 1586 3276 ejus
1608 3204 1816 3276 speciosissimo

966 3274 1817 3357 vultusplendorismaJestasapparuitmteumsuprahomi·

966 3367 1033 3406 nem
1048 3367 1107 3405 esse
1126 3366 1185 3404 non
1201 3349 1358 3419 ambigens,
1374 3347 1545 3402 incalescens
1560 3361 1656 3401 amore
1672 3346 1816 3418 amplexa-

966 3425 1012 3476 tus
1026 3420 1062 3476 sit
1079 3437 1155 3476 eum.
1174 3422 1216 3488 Et,
1231 3435 1258 3488 o,
1274 3418 1379 3491 inquit,
1393 3418 1556 3472 beatissime
1568 3417 1774 3486 parvularum!
1792 3416 1817 3472 si

966 3492 1120 3564 aliquando
1140 3507 1169 3545 se
1188 3496 1302 3560 tempus
1323 3488 1458 3543 obtulerit
1476 3487 1548 3541 mihi
1567 3487 1733 3554 miserendi,
1748 3492 1817 3543 tunc

966 3568 1111 3618 memento
1126 3561 1193 3628 mei,
1206 3565 1234 3615 et
1243 3561 1329 3632 hujus
1339 3564 1396 3613 tem
1419 3558 1476 3611 oris
1487 3558 1547 3612 noli
1559 3557 1697 3612 oblivisci.
1710 3560 1817 3614 Ferunt

966 3634 1042 3689 hunc
1056 3650 1117 3689 esse
1138 3633 1290 3696 latronem,
1306 3629 1357 3702 qui
1372 3647 1386 3682 a
1422 3628 1526 3684 Christi
1541 3628 1689 3683 dexteram
1703 3628 1815 3684 crucid·

965 3721 1029 3772 xus,
1041 3720 1106 3758 cnm
1117 3703 1238 3757 alterum
1249 3701 1493 3772 blasphemantem
1505 3698 1697 3770 corripuisset,
1706 3699 1814 3768 dicens,

965 3777 1057 3844 Neque
1072 3780 1101 3829 ta
1116 3776 1191 3828 times
1208 3773 1303 3836 Deam,
1318 3772 1409 3839 quiin
1423 3770 1515 3825 eadem
1529 3769 1702 3825 damnatione
1715 3769 1764 3825 es‘l
1782 3772 1816 3825 ut

965 3861 1013 3900 nos
1028 3845 1137 3914 quidem
1147 3844 1240 3913 juste;
1256 3858 1320 3897 uam
1332 3843 1417 3908 diana
1436 3841 1542 3897 damna
1555 3843 1637 3907 sactis
1651 3842 1814 3911 recipimus:

966 3919 1010 3972 tic
1022 3922 1110 3972 autem
1120 3916 1192 3969 nituit
1201 3914 1268 3968 mali
1279 3915 1360 3980 fecit:
1372 3928 1524 3966 conversus
1534 3913 1570 3966 ad
1583 3911 1737 3966 Dominum
1748 3927 1815 3966 erim

966 3986 996 4041 iu
1011 3986 1061 4042 illa
1075 4002 1139 4058 quse
1152 3985 1182 4039 in
1195 3984 1316 4055 puerulo
1331 3987 1514 4053 apparuerat,
1529 3982 1644 4036 intuens
1656 3983 1814 4053 maiestate,

966 4058 1041 4130 pacti
1056 4058 1100 4111 sui
1115 4072 1173 4111 nan
1188 4056 1349 4121 immemor,
1362 4056 1503 4119 Memento,
1514 4054 1619 4124 inquit,
1630 4056 1682 4107 mei
1696 4069 1756 4108 eum
1769 4069 1815 4108 oe-

965 4129 1038 4183 ueris
1061 4129 1091 4182 in
1112 4142 1224 4196 repuum
1245 4130 1319 4180 tuum
1341 4123 1419 4193 (Luc.
1435 4139 1511 4189 xxiii,
1534 4125 1639 4191 ioli).
1661 4123 1760 4194 ltaque
1779 4122 1816 4178 ad

965 4197 1142 4254 incentivum
1156 4195 1274 4262 amaris,
1291 4210 1349 4249 non
1369 4194 1472 4248 inutile
1487 4192 1611 4248 arbitror
1626 4193 1679 4248 hac
1693 4193 1737 4249 uti
1751 4192 1814 4264 opi·

965 4269 1063 4327 niune,
1078 4273 1189 4322 remota
1204 4265 1284 4321 omni
1301 4263 1464 4320 affirmandi
1479 4263 1649 4319 temeritate.

1001 4339 1114 4394 CAPUT
1133 4339 1220 4393 xtttl.
1235 4368 1270 4377 -
1284 4339 1320 4392 De
1338 4336 1559 4416 contemplatione
1574 4336 1676 4393 Christi
1686 4337 1779 4406 pueri.

1001 4411 1142 4464 Praeterea
1164 4407 1274 4463 nihilne
1295 4405 1347 4461 tibi
1372 4405 1518 4461 suavitatis
1543 4405 1666 4460 estimas
1688 4422 1814 4461 accessu·

965 4496 1042 4547 rum,
1062 4480 1086 4534 si
1109 4495 1176 4534 eum
1200 4479 1276 4561 apud
1300 4478 1440 4532 Nazareth
1462 4492 1587 4547 puerum
1614 4477 1689 4531 inter
1710 4492 1816 4547 pueros

966 4550 1187 4622 contempleris?
1210 4566 1233 4604 s1
1247 4548 1452 4620 obsequentem
1467 4546 1563 4613 matri,
1577 4546 1602 4600 si
1615 4546 1748 4619 operanti
1760 4563 1815 4602 nu-

965 4621 1044 4678 tritio
1059 4621 1237 4676 assistentem
1252 4618 1409 4674 intuearis?
1422 4617 1495 4683 Quid
1511 4617 1535 4671 si
1549 4617 1735 4674 duodennum
1750 4634 1815 4673 cnm

965 4693 1132 4764 parentibus
1141 4690 1347 4761 lerosolymam
1362 4689 1572 4752 ascendentem,
1584 4693 1612 4742 et
1625 4688 1682 4743 illis
1696 4689 1814 4744 redeuu-

966 4763 1042 4819 tibus
1053 4770 1082 4819 et
1092 4761 1285 4818 nescientibus
1294 4760 1324 4815 iu
1336 4760 1405 4815 urbe
1416 4762 1613 4813 remanentem
1626 4760 1815 4829 pertriduum

966 4851 1030 4890 cum
1045 4837 1136 4889 matre
1147 4831 1314 4914 quesieris?
1325 4831 1346 4888 0
1360 4833 1467 4956 quanta
1478 4829 1560 4900 copia
1570 4829 1662 4884 lluent
1670 4831 1814 4902 lacryma,

966 4922 1032 4961 cum
1061 4905 1185 4960 audieris
1212 4906 1333 4957 matrem
1385 4901 1438 4954 ulcr
1468 4900 1593 4971 quadam
1622 4901 1816 4971 increpatione

966 4976 1058 5033 tilium
1083 4975 1289 5039 verberantem,
1305 4973 1368 5037 Fili,
1385 4971 1454 5040 quid
1474 4973 1565 5037 iecisti
1581 4972 1659 5028 nebu
1673 4973 1733 5026 sic?
1746 4972 1817 5026 Ecce

964 5052 1044 5118 pater
1057 5052 1118 5102 tuus
1136 5050 1162 5101 et
1176 5060 1222 5113 epa
1237 5045 1354 5099 deantes
1369 5042 1553 5113 querebamus
1568 5048 1593 5097 te
1607 5043 1659 5111 (ld.
1677 5059 1706 5107 n,
1722 5043 1795 5109 48).-

967 5119 1079 5174 CAPUT
1094 5117 1123 5171 L.
1139 5146 1174 5157 -
1188 5120 1226 5171 lte
1237 5115 1450 5170 consideratione
1460 5114 1598 5196 baptismi,
1607 5113 1711 5182 jejunii
1722 5116 1749 5167 et
1759 5118 1814 5168 teu·

1268 5186 1379 5241 tationis
1398 5185 1513 5241 Christe.

1001 5257 1028 5314 Si
1054 5261 1149 5313 autem
1168 5255 1310 5327 virginem
1335 5260 1345 5292 ⁴
1367 5254 1409 5309 vis
1435 5253 1516 5326 sequi
1537 5267 1719 5325 quocumque
1739 5253 1814 5321 ierit,

998 5331 1006 5365 ¹
1021 5327 1096 5392 Apud
1111 5327 1243 5385 dneelm„
1261 5325 1375 5388 Virpinis
1387 5323 1483 5389 filium.

997 5392 1007 5426 ¹
1019 5391 1094 5454 Apud
1110 5390 1237 5451 Auselm,
1252 5394 1278 5438 et
1291 5389 1381 5438 assuta
1394 5386 1510 5451 penitas.
1524 5385 1561 5434 lle
1574 5385 1654 5449 paulo
1668 5389 1738 5449 post,
1757 5388 1817 5436 tuas

966 5454 1107 5516 interpone
1121 5465 1225 5514 precer.

996 5518 1007 5551 ³
1019 5515 1095 5579 Apud
1109 5514 1226 5566 anselm.
1237 5512 1370 5564 sexdecim
1380 5509 1484 5560 circiter
1496 5508 1573 5560 Ιίιιεω
1583 5509 1626 5564 bic
1638 5509 1688 5559 loci
1700 5509 1817 5578 interpo-

966 5582 1099 5703 ndnffid
1112 5638 1239 5698 metm„
1251 5647 1379 5703 sponsum
1392 5631 1534 5696 ciminum.
