3884 6112
63 214 108 264 li‘l
794 207 902 265 LIBER
920 206 1085 264 TERTIUS.
1770 207 1822 261 158

62 330 214 386 lledioluni
231 346 238 386 :
255 331 354 385 Romae
369 330 456 386 etiam
471 331 554 404 plura
567 335 749 404 cognoverat.
968 330 1045 384 illius
1060 329 1348 401 compagibussoluta
1360 329 1456 383 luerit.
1472 330 1576 383 Verum
1588 331 1656 400 quia
1667 329 1821 385 aluberius

90 423 117 473 9.
145 421 184 474 In
205 434 239 474 eo
264 419 339 474 libro
363 419 500 475 volumen
523 419 600 476 aliud
624 419 786 492 pollicetur,
808 434 865 492 quo
880 417 917 472 sit
968 424 997 474 et
1008 418 1167 474 accuratius
1177 417 1303 490 disputat
1313 421 1421 489 quanta
1432 416 1478 483 sit,
1495 420 1526 471 ut
1535 432 1598 471 cam
1612 421 1640 471 et
1653 417 1821 488 quantitatis

61 512 241 576 ostensurus,
264 523 352 579 quam
376 525 448 564 vana
462 509 508 577 sit,
528 508 588 564 imo
608 508 698 580 quam
711 507 806 574 noxia,
828 523 914 578 quam
969 511 996 562 ct
1013 507 1139 578 corporis
1154 511 1299 578 expertem
1316 521 1389 572 csse,
1404 509 1432 559 ot
1447 508 1544 559 tamen
1559 521 1697 576 maguum
1709 505 1817 577 aliquid

61 597 200 668 sacrilega
210 596 312 662 virtus,
324 611 381 668 qua
391 596 588 668 gloriabantur
602 596 751 653 uaniouaet
764 617 771 661 ;
786 601 816 652 et
827 596 872 650 vix
883 612 914 650 aa
968 611 1029 650 esse
1044 596 1234 661 demonstrem
1260 610 1293 649 ex
1317 595 1370 649 hoc
1393 592 1580 663 inquisitione
1600 592 1706 648 iactum
1721 596 1772 655 est,
1789 596 1821 647 ut

60 683 153 738 uarix
169 682 293 755 quidem
307 698 399 738 unum
415 699 449 737 ex
462 682 519 738 illis
531 684 619 755 leges,
640 700 712 755 quas
725 682 914 738 irrationabili
969 681 1040 736 liber
1054 681 1107 736 iste
1120 683 1155 738 dc
1170 682 1332 747 Quantitate
1344 681 1447 735 animm
1464 684 1688 752 nuncuparetur.

59 770 268 844 superstitione
282 770 337 826 sibi
350 771 578 843 proscriberent,
593 773 744 828 observare
755 771 803 842 (lle
815 770 912 828 Μανία.
1004 774 1029 826 t.
1048 770 1174 842 Denique
1190 776 1247 826 tres
1266 771 1355 826 libros
1371 771 1405 825 de
1423 770 1523 825 bibero
1545 769 1670 824 Arbitrio
1686 768 1774 824 etiam
1788 768 1820 823 in

59 861 130 918 soal.
156 861 249 927 catti„
269 876 299 917 n.
319 861 376 930 75).
401 860 432 915 ld
451 865 571 932 prestat
593 860 623 915 in
645 860 718 915 libro
741 860 776 915 de
791 859 915 914 litoribus
969 858 1041 913 lfrba
1063 856 1232 913 constitutus
1255 858 1398 913 inchoavit
1422 874 1429 911 ι
1450 858 1521 912 datos
1536 858 1613 913 enim
1636 857 1819 930 posteriores,

60 949 298 1016 Hanicbaeorum,
313 945 345 1002 in
355 964 413 1020 quo
427 948 474 1002 abi
487 948 645 1021 theologica
658 963 758 1001 eorum
774 945 915 1019 principia
969 946 1079 1017 aliquot
1093 946 1177 1002 annis
1195 947 1360 1019 interjectu,
1374 947 1435 1018 jam
1450 946 1597 1017 presbyter
1612 946 1758 1002 ordinatus
1772 945 1818 1002 ab·

59 1038 231 1103 confutavit,
247 1038 425 1093 demonstrat
444 1037 475 1090 in
492 1052 550 1108 quo
574 1037 689 1091 tandem
712 1036 829 1091 moralis
849 1036 912 1090 illo·
970 1035 1062 1090 solrit.
1080 1036 1372 1106 Romeeeumagerct,
1385 1034 1484 1090 didicit
1496 1034 1573 1089 haud
1585 1034 1832 1107 dubiequasdam·

58 1144 118 1183 rum
131 1126 272 1182 doctriua
281 1126 458 1198 consisteret.
476 1126 598 1181 Demum
612 1125 814 1181 animadvertit
828 1140 915 1196 quarn
969 1124 1189 1180 consuetudines
1214 1123 1345 1179 Ecclesiae
1362 1124 1497 1178 Romanae
1515 1123 1646 1194 proprias
1661 1123 1696 1178 ab
1711 1122 1773 1194 ipso
1789 1123 1820 1178 in

59 1219 190 1271 amurate
217 1215 299 1270 illum
324 1215 518 1282 observarent,
542 1230 575 1270 ex
599 1214 634 1269 iis
658 1230 723 1286 quae
738 1218 788 1269 aut
799 1214 859 1286 ipse
875 1213 915 1267 vi·
970 1213 1029 1267 suis
1052 1213 1195 1285 opusculis
1218 1215 1399 1279 memoratas,
1424 1211 1517 1282 qualis
1539 1217 1582 1267 est
1604 1212 1652 1266 illa
1668 1210 1820 1283 ieiunandi

60 1307 144 1371 derat,
165 1308 220 1359 out
234 1304 271 1358 ab
286 1302 406 1359 oculatis
420 1302 540 1358 testibus
554 1306 712 1375 acceperat.
729 1302 813 1358 Varia
827 1318 914 1374 supc-
969 1301 1069 1356 crebro
1084 1300 1176 1357 tribus
1189 1300 1289 1355 diebus
1303 1300 1502 1369 hebdomadae,
1512 1315 1616 1371 nempe
1627 1299 1697 1354 seria
1706 1304 1819 1371 quarta,

60 1394 112 1448 rius
132 1393 276 1464 exempla
294 1391 465 1459 notavimus,
481 1407 546 1463 que
561 1391 609 1446 illo
625 1390 711 1463 super
724 1392 778 1446 hac
790 1407 822 1446 re
837 1406 915 1446 eom-
956 1375 1048 1444 'sexta
1058 1393 1087 1444 ct
1099 1389 1229 1457 sabbat0;
1245 1387 1449 1459 utplurimum
1464 1391 1560 1442 autem
1570 1387 1700 1455 sabbato,
1715 1392 1821 1458 preter

59 1485 202 1538 memorat
217 1481 333 1552 (Sama,
347 1480 397 1536 lib.
414 1484 440 1550 l,
454 1496 514 1551 cap.
532 1481 568 1552 9).
971 1477 1209 1533 consuetudinem
1233 1477 1364 1531 omnium
1385 1477 1475 1531 ferme
1491 1474 1680 1531 Orientalium
1699 1480 1727 1531 at
1745 1475 1822 1530 Occi·

88 1575 111 1627 3.
139 1571 249 1626 Romae
268 1569 356 1624 etiam
380 1584 437 1624 non
465 1569 556 1623 multo
580 1571 643 1640 post
664 1573 804 1640 tempore,
828 1583 915 1640 quam
964 1567 1128 1622 dentalium
1138 1565 1564 1638 Christianorum,quisabbato
1575 1580 1633 1619 non
1641 1564 1819 1636 jejunabant.

59 1658 220 1715 ltediolano
245 1657 428 1725 discessisset,
449 1657 552 1713 librum
576 1659 610 1713 de
634 1657 797 1723 Quantitate
811 1657 916 1711 anima
969 1659 1074 1711 Verum
1089 1672 1125 1710 uc
1135 1657 1233 1711 Romae
1245 1655 1362 1728 quidem
1372 1671 1425 1726 par
1437 1659 1549 1726 tempus
1562 1652 1822 1708 Pascbalesabbato

57 1747 242 1819 conscripsit.
260 1745 396 1817 Dialogus
411 1749 462 1812 est,
479 1745 529 1818 qui
544 1746 612 1801 satis
626 1745 739 1801 nativus
753 1750 781 1801 et
795 1745 831 1801 ad
845 1745 917 1800 rcri—
967 1743 1110 1816 jejunium
1127 1743 1300 1811 servabatur,
1314 1742 1364 1798 ubi
1379 1743 1465 1797 ctiam
1480 1759 1538 1797 nou
1551 1742 1708 1813 putabatur
1721 1740 1822 1812 quinta

58 1843 144 1893 tatem
160 1836 282 1892 videtur
295 1834 444 1901 adductus,
459 1839 492 1889 ut
506 1850 565 1889 non
588 1834 705 1889 omnino
720 1833 837 1889 fictitius
856 1833 915 1888 exi·
971 1833 1040 1888 feria
1061 1849 1121 1888 esse
1134 1833 1324 1904 jejunandum
1344 1831 1442 1904 (Epist.
1469 1835 1513 1898 36,
1534 1847 1581 1886 nn.
1607 1833 1633 1898 8,
1660 1829 1698 1902 9).
1723 1830 1822 1885 Romae

62 1927 206 1980 stimetur.
222 1923 358 1979 Habitum
371 1939 437 1979 eum
453 1923 556 1979 Evodio
565 1923 729 1994 proditipse
739 1921 916 1994 Augustinus
971 1938 1085 1994 quoque
1116 1921 1263 1976 auditione
1284 1920 1392 1992 accepit
1413 1918 1584 1975 exsecranda
1608 1918 1729 1990 flagitia,
1756 1932 1821 1989 quae

59 2014 228 2087 inepistola
242 2012 279 2068 ad
293 2012 427 2068 eumdem
441 2013 506 2068 data
520 2014 616 2083 (Epist.
633 2015 692 2079 loa,
707 2028 734 2067 a.
758 2010 796 2082 2).
814 2013 846 2067 ln
861 2012 917 2066 boc
972 2009 1117 2066 Manichaei
1129 2010 1188 2065 suis
1203 2009 1232 2063 in
1248 2007 1393 2064 sacrificiis
1405 2012 1612 2080 perpetrarant,
1629 2011 1661 2062 ut
1674 2022 1709 2062 ex
1720 2021 1820 2061 eurotas

60 2105 128 2159 libro
143 2103 243 2158 multa
256 2102 292 2157 de
308 2102 405 2157 anima
419 2101 562 2175 quaeritet
574 2100 710 2172 expendit
725 2117 733 2155 ι
748 2114 852 2172 nempe
867 2116 918 2155 un·
971 2098 1147 2154 consessione
1161 2097 1193 2152 iu
1215 2097 1312 2153 Galliis
1326 2097 1441 2169 publico
1461 2098 1491 2151 in
1503 2096 1610 2169 judicio
1626 2096 1700 2152 facta
1713 2097 1822 2150 cousta-

58 2195 159 2248 deuam
176 2193 268 2247 ducat
282 2189 436 2263 originem,
451 2190 544 2262 qualis
559 2189 606 2258 sit,
620 2193 728 2262 quanta
741 2189 792 2257 sit;
806 2204 857 2244 cur
871 2188 915 2243 in·
970 2188 1020 2242 bat
1036 2186 1084 2258 (lle
1095 2189 1161 2244 Not.
1172 2188 1241 2242 Boni
1250 2190 1343 2240 eontra
1356 2185 1489 2253 Manioi„
1505 2201 1565 2256 cap.
1583 2184 1618 2242 ll.

60 2280 116 2337 lusa
129 2280 261 2352 corpori,
285 2279 379 2351 qualis
393 2281 493 2336 eredat
506 2279 620 2351 corpori
634 2278 725 2344 unito,
742 2276 833 2350 qualis
847 2290 911 2330 ctam

607 2523 865 2646 LIBER
921 2513 1302 2644 TERTIUS.

303 2736 341 2786 De
356 2734 496 2799 Augustini
511 2733 595 2785 reditu
611 2734 637 2785 in
651 2733 769 2784 Africam
785 2749 816 2783 aa
834 2732 865 2782 dc
883 2732 961 2781 rebus
974 2730 1007 2807 ibi
1024 2730 1106 2794 gestis
1117 2728 1149 2778 ab
1164 2727 1221 2792 ipso
1236 2739 1317 2789 usque
1336 2723 1370 2773 ad
1380 2723 1580 2788 Episcopatum.

816 2881 1075 2895 ——a—

351 3013 464 3069 CAPUT
482 3010 632 3068 PRIMUM.
972 3005 1043 3060 stitit
1058 3002 1091 3058 dc
1104 3003 1178 3057 illins
1192 3001 1265 3055 curis
1279 2999 1388 3054 omnino
1405 2998 1518 3052 curante
1530 2994 1580 3064 (tle
1600 2994 1672 3051 Cura
1685 3006 1736 3064 pro
1751 2993 1825 3045 rnort

73 3142 80 3193 t
95 3139 224 3208 Africam
237 3139 350 3209 repetit,
365 3137 414 3191 abi
428 3151 457 3192 se
476 3151 537 3192 aum
557 3135 706 3191 Mediolani
717 3136 818 3203 operat,
835 3131 918 3187 balo·
973 3093 1101 3164 9‘'r⁶'²d⁴¹'’
1116 3107 1145 3146 ἰ’
1163 3089 1214 3156 m

98 3231 142 3296 aio
156 3228 327 3294 Cortlapinc
343 3225 450 3280 docmati
468 3226 628 3295 apparuisse
641 3225 671 3278 in
684 3224 795 3289 samnis,
811 3236 845 3275 ea
859 3222 919 3289 ipsa
974 3270 979 3280 ,
1007 3185 1038 3239 ²·
1059 3180 1160 3235 verum
1181 3176 1261 3232 ahud
1280 3176 1364 3248 ¹⁰⁰⁸⁰
1374 3172 1530 3247 ³¹¹⁰¹³¹¹d¹us
1540 3172 1755 3238 ⁰⁰mm⁰m⁰r³t’
1770 3168 1825 3222 ¹¹⁰⁰

99 3332 154 3371 com
190 3318 229 3370 m
253 3317 270 3369 2
284 3317 399 3370 Mem,
412 3314 543 3369 miraculo
559 3312 706 3368 curationis
719 3311 867 3366 [wacemil.
972 3286 1034 3340 apso
1046 3271 1157 3340 gestum
1172 3270 1312 3337 temporo,
1327 3263 1506 3319 curationem
1521 3260 1628 3316 scilieet
1638 3258 1757 3315 illustris
1771 3255 1826 3311 riri

152 3332 189 3387 pe
232 3356 238 3370 '
870 3351 876 3362 '
974 3355 1145 3426 Innocentii,
1175 3351 1338 3409 exadvocati
1361 3350 1474 3406 vicariae
1503 3348 1679 3420 praefecturae
1705 3362 1712 3400 ι
1743 3345 1825 3417 cujus

102 3461 124 3512 l.
136 3456 290 3528 dioximus,
301 3455 352 3529 qui
363 3454 495 3512 Gratiano
508 3455 662 3527 imperium
674 3470 726 3528 per
735 3453 919 3527 tyrannidem
972 3445 1034 3517 ipsc
1049 3443 1237 3516 Augustinus,
1253 3441 1277 3495 si
1292 3444 1391 3496 auctor
1400 3454 1460 3494 non
1469 3437 1563 3503 fuerit,
1575 3439 1649 3489 certe
1662 3434 1742 3489 testis
1757 3449 1825 3488 ocu·

70 3546 212 3601 ademerat
227 3560 305 3600 anno
316 3543 517 3600 trecentesimo
531 3542 918 3615 octogesimotortio,quique
970 3534 1043 3588 lalus
1061 3531 1187 3586 existitit.
1215 3531 1291 3585 Hanc
1311 3531 1440 3582 accurate
1465 3524 1600 3580 describit
1619 3523 1663 3578 his
1690 3521 1782 3576 verbis
1814 3537 1821 3577 τ

72 3633 301 3690 Valentinianum
313 3633 460 3706 juniorem
471 3633 553 3688 ltalia
563 3634 711 3705 expulerat
725 3648 801 3688 anno
812 3637 920 3688 trecen·
973 3620 1115 3674 Venimtes
1138 3616 1209 3669 9999
1232 3613 1265 3668 dt
1290 3612 1493 3676 transmarinis,
1510 3624 1550 3664 me
1569 3612 1594 3663 99
1607 3609 1723 3674 fratri-'m
1737 3620 1825 3660 999979

71 3724 167 3778 tesiam
183 3721 363 3795 octogesimo
374 3722 506 3794 septimo,
520 3721 628 3777 occisus
638 3727 681 3777 est
691 3737 766 3777 anno
776 3720 918 3794 sequenti,
972 3707 1113 3776 Alypium·
1131 3702 1251 3758 'mudum
1264 3701 1373 3772 quidam
1387 3701 1505 3765 etnicos,
1518 3696 1565 3751 3θᾶ
1573 3697 1635 3766 jam
1647 3698 1698 3750 1³⁰⁰
1710 3695 1826 3750 9999999·

72 3810 730 3884 quinpokalenda,gugusfiautsextokalgndag
740 3809 918 3882 septembris,
972 3782 1824 3860 tractarat(Innocentiusillelcumtotadomosaarelipiost's-

70 3903 128 3957 Post
160 3902 226 3974 ejus
257 3915 360 3956 necem
386 3900 563 3973 Augustinus
592 3900 622 3954 in
654 3901 778 3955 Africam
805 3899 919 3972 traiecit
972 3884 1066 3949 simus,
1083 3882 1141 3950 ipse
1158 3881 1322 3948 9939999999
1344 3882 1369 3931 ⁶⁸
1384 3874 1459 3946 ‘¹1³¹‘d
1473 3890 1532 3929 eum
1547 3878 1609 3929 ‘2⁶¹⁰
1623 3870 1823 3926 habitabamus.

72 3992 173 4060 ,cneo
186 3989 246 4046 tire.
262 3991 399 4057 Petiliant,
415 3990 463 4045 tio.
480 3991 506 4057 3,
521 4005 550 4044 n.
565 3989 626 4060 30)‚·
643 3989 691 4044 sed
702 3992 845 4061 quantum
859 4004 919 4043 tatu·
973 3970 1128 4060 curabam?
1146 3984 1163 4023 ⁰
1182 3967 1294 4023 ”mistis
1316 3982 1323 4020 ἵ
1345 3965 1464 4038 fistulas,
1485 3978 1554 4035 9998
1577 3975 1732 4017 namtas
1744 3965 1827 4029 “idue

71 4083 138 4134 tatus
159 4078 197 4133 ab
213 4078 266 4134 illo
279 4077 450 4151 Augustino,
467 4077 517 4150 qui
536 4094 568 4133 ex
584 4095 616 4133 ea
633 4079 756 4133 solverat
770 4093 845 4132 anuo
860 4082 918 4132 tre·
970 4060 1117 4132 99999998
1128 4058 1223 4112 habuit
1238 4059 1267 4111 ²¹²²
1281 4056 1427 4126 9099ῑο99
1441 4056 1522 4122 atque
1532 4054 1588 4106 999
1603 4052 1722 4121 90990999
1735 4052 1825 4121 paries

70 4168 221 4223 centesima
234 4167 409 4239 octogesimo
423 4167 521 4224 tertio!
538 4168 644 4237 Sciunt,
661 4167 709 4234 ait,
727 4168 792 4237 quia
806 4171 832 4221 et
846 4167 921 4220 naui·
967 4150 1029 4219 j‘lm
1043 4149 1183 4204 semmam
1193 4148 1229 4213 ⁶²⁸,
1245 4149 1270 4200 ei
1291 4145 1359 4199 ⁶¹7⁸ss
1369 4157 1425 4198 ⁸²⁴ae
1436 4146 1531 4197 9339999
1545 4140 1746 4196 medicamentis
1759 4152 1826 4207 ope-

70 4260 194 4325 qmmm
216 4257 379 4327 anquando,
395 4259 484 4312 ,camp
506 4259 572 4326 quia
585 4261 610 4312 eg
620 4258 791 4327 perefflmp
803 4270 896 4310 ,umus
910 4273 919 4309 5
974 4238 1048 4292 lant.
1061 4238 1161 4292 Passus
1173 4239 1261 4289 antem
1271 4235 1365 4301 sacrat
1374 4233 1402 4286 in
1417 4233 1531 4286 sectione
1542 4231 1594 4285 illa
1609 4233 1634 4283 et
1648 4227 1790 4282 diuturnos
1801 4230 1826 4281 et

69 4347 137 4402 sem
162 4348 234 4416 qma
258 4346 309 4401 app·
330 4347 440 4407 svamm,
461 4350 487 4400 ep
509 4344 560 4399 app
582 4344 730 4402 redivimus
758 4344 870 4414 (Em
891 4345 921 4398 p,
975 4326 1084 4381 acerbos
1104 4324 1219 4378 dotores.
1238 4322 1292 4379 Sed
1313 4336 1382 4376 anns
1398 4322 1470 4375 inter
1490 4320 1587 4373 multos
1601 4318 1677 4371 stans
1691 4315 1828 4383 fefellerat

70 4418 135 4473 Psat.
161 4433 261 4484 xxm,
284 4431 363 4472 serm
390 4420 416 4485 9,
439 4432 467 4471 n.
490 4416 544 4486 ts).
560 4415 762 4487 Carthaginem
777 4414 921 4486 appulisse
974 4415 1100 4482 medicos,
1117 4402 1249 4483 atqn'eita
1264 4413 1392 4472 latuerat,
1408 4412 1438 4463 nt
1452 4423 1512 4462 enm
1525 4421 1578 4460 non
1593 4408 1828 4474 longamaquam

71 4506 206 4572 creditur,
231 4509 261 4560 et
278 4504 339 4559 illic
350 4504 443 4576 prius,
460 4520 546 4576 quam
560 4521 590 4559 se
605 4505 756 4577 Tagastam
770 4505 920 4571 conferret,
973 4507 1048 4573 sena
1060 4503 1166 4573 aperire
1181 4500 1338 4556 dedammt.
1354 4498 1473 4566 Denique
1492 4496 1597 4550 sanatis
1612 4493 1746 4562 omnibus,
1767 4507 1827 4563 qua

71 4593 249 4667 aliquamdiu
263 4592 432 4650 constitisse.
448 4593 492 4649 lbi
508 4592 655 4665 quippiam
665 4592 773 4649 audivit
783 4592 858 4648 dictu
867 4592 921 4647 mi·
975 4597 1070 4664 aperta
1084 4590 1228 4658 curabant,
1247 4590 1299 4644 isle
1311 4589 1478 4642 remanserat
1491 4584 1574 4650 solos,
1590 4584 1634 4638 cui
1652 4583 1760 4649 frastra
1774 4584 1827 4636 im-

70 4683 167 4751 robile,
183 4682 265 4754 quod
287 4682 350 4754 ipso
373 4682 525 4738 llediolani
549 4686 650 4754 agente
669 4682 835 4754 contigerat.
852 4683 922 4740 cor·
971 4681 1141 4754 pendebatur
1160 4679 1248 4734 labor.
1277 4678 1349 4744 Οιιαα
1372 4688 1461 4731 moras
1484 4674 1530 4727 itte
1553 4675 1690 4743 suspectas
1714 4669 1825 4735 labens,

70 4773 190 4842 tloqinis
201 4773 296 4826 rhetor
306 4772 450 4840 dulcatas,
462 4771 567 4843 inquit,
581 4773 630 4840 qai
638 4786 712 4826 meas
722 4773 752 4825 in
764 4771 922 4825 cadomnrtc
974 4772 1140 4840 multamque
1148 4767 1302 4836 sormidam
1317 4781 1349 4820 ne
1363 4766 1461 4818 iterum
1471 4767 1617 4830 secaretur,
1632 4759 1705 4830 quod
1718 4760 1744 4815 ci
1755 4774 1827 4828 pre·

68 4861 221 4932 anamma
232 4862 302 4930 snit,
318 4862 388 4916 sicat
400 4862 471 4917 milti
483 4863 551 4931 ipse,
563 4864 740 4931 posteaquam
751 4861 780 4914 in
795 4860 923 4927 Africam
975 4862 1085 4917 disant
1097 4859 1169 4914 olins
1178 4856 1297 4912 medians
1312 4853 1470 4908 domesticas
1485 4851 1556 4922 ejus,
1572 4865 1650 4922 qoem
1664 4864 1718 4905 non
1730 4848 1825 4903 mmi-

66 4953 257 5018 remeooa'rnas,
271 4950 376 5010 retollit.
389 4965 449 5006 cam
460 4951 608 5005 rhetoricos
623 4950 760 5006 Ciceronis
773 4947 856 5003 tidros
875 4946 923 5001 di·
975 4953 1066 5005 scront
1081 4948 1134 5014 illi,
1160 4950 1190 5000 nt
1213 4944 1307 4999 saltem
1322 4941 1435 5007 viderat,
1450 4941 1644 5010 cumprimum
1665 4942 1753 4993 sectus
1776 4938 1825 5001 ast,

65 5040 177 5109 scipulis
191 5039 251 5094 suis
266 5037 395 5106 traderet,
403 5052 539 5094 recensens
554 5037 701 5103 lectionem,
720 5052 803 5105 quam
819 5038 920 5107 postri-
976 5034 1107 5105 quomodo
1124 5033 1155 5088 id
1167 5035 1297 5100 facerent,
1321 5032 1462 5101 iratusque
1481 5029 1559 5084 illum
1580 5029 1657 5084 domo
1680 5027 1825 5097 abjecerat,

66 5126 634 5198 dicluoeattraditnruaqurmdamlocum
644 5125 920 5195 offmditodscaram,
975 5127 1076 5193 otiaque
1089 5124 1239 5192 receperam
1256 5120 1357 5190 ertrpt't,
1372 5123 1454 5188 atquc
1468 5121 1509 5173 ait
1526 5135 1533 5172 :
1553 5119 1653 5173 lterum
1667 5131 1709 5171 me
1729 5114 1828 5169 sectari

65 5231 116 5284 qao
136 5232 192 5271 non
217 5217 365 5284 intellecto,
389 5219 439 5271 aia
452 5218 541 5287 potnit
561 5216 679 5271 dormire
693 5215 826 5270 sollicitus
844 5232 851 5270 :
868 5231 923 5284 qna
976 5213 1062 5269 estis?
1083 5210 1130 5266 Ad
1152 5210 1238 5276 iltius,
1259 5224 1337 5279 qnam
1351 5209 1477 5263 noluistis
1491 5221 1547 5263 essa
1557 5208 1727 5276 presentem,
1740 5200 1825 5256 verto

67 5310 140 5361 erecte
153 5307 316 5371 somnianti,
331 5319 379 5374 epo
388 5307 432 5359 illi
445 5304 518 5375 qoaod
530 5321 584 5360 non
598 5305 765 5372 intelligebat
777 5306 891 5375 reposui
912 5321 921 5359 r
975 5306 1104 5359 araturas
1119 5298 1198 5354 sum?
1210 5298 1329 5353 irridere
1342 5299 1386 5352 illi
1394 5297 1527 5376 medicum
1536 5295 1700 5365 imperitum,
1713 5295 1826 5345 metam·

65 5395 117 5449 imo
128 5410 185 5449 non
199 5409 260 5464 epo,
281 5392 330 5449 sed
347 5394 438 5464 imaqo
454 5409 513 5448 mea
525 5396 657 5449 neseimte
670 5408 721 5452 me.
735 5396 760 5447 et
776 5397 831 5447 tam
847 5393 923 5461 lonpe
976 5407 1028 5463 qne
1044 5389 1158 5445 laminis
1174 5387 1249 5442 bonis
1256 5388 1347 5443 uerbis
1353 5384 1632 5457 promissionibusque
1644 5380 1736 5435 lenire.
1751 5381 1827 5434 Prae-

65 5487 141 5541 tram
154 5498 234 5539 more
247 5481 359 5553 aliquid
372 5482 451 5538 alind
464 5483 521 5538 siue
534 5487 639 5554 agente,
652 5482 709 5538 siue
722 5483 882 5548 somniante,
895 5485 921 5536 et
976 5481 1106 5535 tctiernnt
1126 5481 1151 5533 ct
1165 5478 1218 5533 ulii
1234 5479 1292 5533 dies
1305 5477 1428 5547 plurimi,
1444 5473 1568 5541 ninilque
1580 5468 1738 5540 proiciebat
1752 5483 1828 5524 omne
