3884 6112
621 266 726 326 unua
751 269 935 328 SEPTIMUS.

404 494 662 621 LIBER
711 496 1143 625 SEPTIMUS.

65 696 68 727 ι
81 680 135 758 inae
149 677 339 743 iuventutis,id
348 683 387 730 est
396 694 496 730 anniam
506 681 591 731 vetatis
602 681 767 746 trigesimum
780 683 904 747 primum,
913 685 947 734 eb
959 685 1056 736 mentis
1066 685 1157 735 oculos
1168 685 1279 737 reducit.
1292 687 1386 737 Narrat
1398 700 1425 738 ee
1436 687 1481 737 illa
1493 689 1570 738 aetate
1582 685 1647 737 den-

64 762 106 798 mc
117 750 275 830 ignorantiae
286 751 404 800 tenebris
418 752 578 802 involutum.
586 757 664 832 atque
676 757 809 802 errantem
821 753 892 804 circa
909 755 956 804 Dei
966 758 1099 812 naturam,
1114 769 1219 806 necnon
1230 757 1299 807 circa
1312 757 1441 822 originem
1451 757 1559 818 multia
1569 757 1646 823 cujus

65 832 258 946 rqqstprsrqqqrrqqr
269 821 379 872 modum
391 823 513 886 ungebat,
526 836 677 887 pervenisse
692 823 799 873 tandem
812 824 847 874 ed
859 824 1040 888 cognitionem
1050 824 1097 876 Dei
1107 826 1237 878 sinceram
1246 841 1253 888 ς
1262 828 1383 892 quemuis
1392 828 1512 879 nendum
1523 828 1602 894 digne
1614 831 1647 882 de

178 1122 290 1180 caput
307 1120 457 1179 PlllltUll.
795 1121 890 1190 min03
907 1124 940 1177 ut
952 1121 1071 1177 baberet
1092 1125 1220 1190 interra,
1242 1122 1360 1178 haberet
1374 1122 1487 1194 coelum,
1506 1123 1646 1180 haberent

65 1215 99 1268 tut
121 1216 252 1283 tutequcm
271 1210 379 1281 aliquid
393 1223 549 1281 corporeum
559 1223 609 1281 per
632 1210 742 1280 infinite
797 1210 902 1278 omnia,
917 1209 1001 1265 etillu
1012 1210 1164 1266 linirentur
1173 1209 1204 1265 in
1220 1213 1255 1277 te,
1265 1214 1400 1266 tnautcm
1415 1227 1566 1284 nusquam.
1581 1211 1640 1267 Sic-

194 1302 285 1372 epotis
298 1299 441 1370 diffusum.
797 1302 828 1352 ut
846 1302 942 1352 autem
956 1296 1013 1352 luci
1035 1296 1102 1351 solis
1126 1311 1183 1351 non
1198 1295 1457 1368 obsisterctcorpus
1473 1297 1545 1353 aeris
1559 1298 1647 1371 hujus

65 1393 164 1445 nortua
187 1393 247 1444 crat
261 1387 451 1443 adolescentia
465 1402 530 1442 mea
548 1386 624 1442 mala
642 1390 671 1442 et
691 1402 742 1441 ne·
796 1386 846 1459 qni
860 1384 947 1458 snpra
961 1390 1067 1442 terram
1080 1385 1302 1457 est,}qnominns
1317 1402 1368 1458 per
1382 1402 1449 1441 eum
1465 1387 1644 1458 trajiceretur

67 1480 133 1535 bam
148 1478 179 1534 in
197 1479 390 1549 juventutem,
414 1479 522 1549 quanto
538 1480 620 1532 etate
636 1477 741 1546 major,
795 1479 948 1548 penetrans
962 1491 1039 1543 eum,
1056 1490 1113 1529 non
1128 1473 1318 1546 dirumpendo
1334 1477 1383 1529 ant
1397 1473 1582 1538 concidendo,
1593 1474 1643 1530 sed

65 1572 108 1624 ate
122 1568 244 1639 turpior.
257 1564 740 1637 Quicogitarealiquidsubstantie
795 1564 939 1637 implendo
954 1578 1021 1619 enm
1035 1566 1143 1619 tetum:
1168 1562 1207 1617 sic
1227 1561 1281 1618 tibi
1304 1562 1443 1634 putabam
1465 1578 1526 1618 non
1550 1563 1644 1618 solnm

65 1672 98 1712 nn
126 1660 265 1727 poteram,
282 1655 365 1727 quale
382 1670 433 1725 per
448 1654 500 1708 hes
527 1654 625 1709 oculos
648 1653 741 1709 videri
795 1652 859 1709 coeli
871 1658 900 1710 et
913 1652 988 1709 aeris
1011 1657 1040 1707 et
1054 1653 1150 1721 erraris,
1171 1651 1220 1708 sed
1244 1651 1331 1707 ctiam
1346 1655 1431 1707 terrm
1444 1667 1548 1724 corpus
1575 1667 1643 1723 per-

87 1750 113 1801 te
135 1745 296 1816 cogitabam
311 1744 331 1811 ¹,
350 1744 423 1798 Deus
442 1743 472 1797 in
495 1742 588 1814 ligura
613 1741 741 1815 corporis
795 1742 883 1811 vium,
908 1746 937 1797 et
957 1757 990 1797 ex
1004 1741 1139 1797 omnihus
1152 1740 1287 1796 maximis
1301 1739 1487 1814 minimisque
1511 1739 1644 1812 partibus

65 1850 76 1888 ι
96 1849 152 1905 quo
176 1832 274 1887 andire
298 1831 407 1904 aliquid
429 1831 463 1886 de
487 1829 628 1902 sapientia
650 1830 740 1902 coepi;
795 1830 972 1903 penetrabile
987 1829 1023 1885 ad
1037 1829 1206 1901 capiendam
1229 1829 1412 1901 praesentiam
1429 1833 1519 1898 tuam,
1535 1830 1647 1885 occulta

65 1920 173 1993 cingi:
204 1924 231 1975 et
246 1919 406 1991 gaudebam
422 1934 468 1974 me
486 1918 540 1973 hoe
555 1918 695 1990 reperisse
710 1918 740 1973 in
795 1920 984 1993 inspiratione
997 1919 1169 1975 intrinsecus
1188 1924 1217 1975 et
1229 1919 1406 1974 extrinsecus
1429 1918 1647 1974 administrante

65 2008 112 2064 alis
126 2008 224 2063 matris
243 2012 345 2063 nostrae
357 2007 505 2062 Catholicae
518 2011 584 2062 tnae.
601 2006 657 2063 Sed
671 2007 741 2078 qnid
794 2010 890 2065 omnia
905 2025 970 2083 qum
985 2009 1094 2065 creasti.
1106 2009 1147 2063 lta
1161 2007 1336 2080 suspicabar,
1348 2007 1415 2080 quia
1429 2007 1554 2079 cogitare
1562 2006 1646 2063 alind

65 2096 449 2171 gitaremnonoccnrrebat3
480 2099 508 2151 et
526 2095 740 2167 conabarcogi-
795 2104 1008 2171 nonpoteram;
1026 2096 1446 2154 namialsnmerat.lltoenim
1457 2096 1648 2168 modomajor

65 2204 105 2256 ro,
119 2191 147 2242 ct
160 2187 225 2242 talis
236 2187 330 2249 homo,
347 2201 493 2240 summum
505 2188 532 2240 et
546 2186 639 2240 solrrm
650 2190 680 2240 et
693 2201 738 2240 ve·
794 2205 860 2260 pars
873 2193 956 2245 terre
970 2187 1111 2260 majorem
1126 2187 1169 2243 tui
1183 2191 1295 2258 partem
1308 2186 1435 2254 haberet,
1452 2189 1481 2240 et
1501 2184 1646 2240 minorem

68 2282 156 2334 :ette
170 2275 431 2348 incorruptibilem,
447 2279 475 2329 et
489 2273 696 2343 inviolabilem,
712 2279 742 2330 et
794 2278 908 2334 minor:
925 2281 1011 2351 atque
1025 2277 1107 2332 itate
1130 2276 1217 2347 plena
1234 2280 1328 2330 essent
1342 2274 1451 2341 omnia,
1467 2276 1500 2329 ut
1522 2273 1647 2346 amplius

65 2366 164 2429 bilem,
188 2364 255 2421 totis
270 2363 402 2419 medullis
423 2362 591 2429 credebam3
606 2377 673 2435 qua,
688 2378 739 2418 ne·
794 2367 836 2424 tui
846 2371 959 2439 caperet
972 2364 1116 2437 elephanti
1131 2380 1234 2435 corpus
1246 2379 1333 2437 quam
1344 2361 1479 2436 pasceris,
1500 2377 1557 2430 quo
1571 2363 1649 2418 esset

65 2472 80 2513 e
102 2460 132 2512 et
158 2454 314 2527 quomodo,
339 2453 425 2524 plene
445 2457 542 2508 tamen
560 2452 691 2507 videbam
713 2455 742 2507 ct
794 2458 848 2513 isto
858 2453 1008 2530 grandius,
1018 2454 1259 2527 grandioremque
1271 2454 1424 2525 occuparet
1435 2453 1547 2520 locnm;
1561 2454 1647 2523 atque

65 2562 88 2616 r,
107 2544 136 2601 id
151 2544 228 2616 qnod
249 2542 395 2614 corrumpi
413 2545 515 2614 potest,
530 2540 655 2597 deterius
680 2556 740 2596 esse
793 2545 833 2600 ita
847 2544 992 2602 irustatim
1006 2542 1137 2616 partibus
1150 2541 1260 2610 mundi,
1277 2541 1388 2614 magnis
1407 2556 1534 2612 magnas,
1551 2538 1648 2596 brevi-

64 2634 113 2691 10d
127 2650 186 2688 non
197 2636 305 2705 potest;
319 2637 347 2688 et
359 2631 437 2702 quod
448 2628 548 2685 violari
560 2645 620 2684 non
634 2633 739 2700 potest,
793 2634 846 2689 bns
862 2634 961 2690 breves
975 2636 1070 2704 partos
1085 2635 1148 2687 tuas
1167 2632 1322 2702 praesentes
1337 2629 1453 2685 faceres.
1473 2629 1536 2683 Non
1550 2643 1580 2683 es
1594 2644 1647 2684 au-

65 2738 88 2778 tt·
105 2720 309 2794 praeponebam
328 2717 469 2784 violabili;
486 2721 515 2772 θῑ
533 2716 608 2790 (11¹0d
631 2715 739 2770 nnllam
793 2728 851 2779 tem
865 2721 914 2778 ita.
937 2721 992 2778 Sed
1012 2719 1141 2777 nondum
1155 2718 1375 2790 [illuminaveras
1391 2717 1523 2772 tenebras
1547 2731 1641 2772 meas.

65 2810 218 2878 tationem,
232 2807 335 2863 melius
359 2823 420 2861 esse
434 2820 522 2878 quam
534 2804 563 2860 id
575 2804 651 2877 quod
671 2820 738 2859 mn·
1131 2826 1244 2882 Cgppq
1264 2825 1300 2879 ῃ,

65 2943 68 2956 ’
88 2898 236 2956 Clamabat
256 2896 405 2963 Vi⁰¹⁹¹¹¹⁰rv
425 2909 584 2950 ⁰⁰r¹¹¹⁰¹¹m
607 2894 740 2949 adv⁰r⁵¹¹⁸
845 2919 998 2975 Maerentem
1015 2929 1067 2985 queo
1082 2913 1228 2973 Nebridins
1242 2913 1400 2980 confutaret
1415 2911 1590 2968 Menicteos.

65 2991 201 3043 ntasmatn
210 2982 533 3054 mce,ctbecnnoictn
548 2980 739 3037 conabnrabi-
1047 3020 1083 3032 ..
1138 3008 1145 3023 ·
1195 3017 1201 3030 .
1584 3017 1589 3028 .

129 3076 236 3130 laniem
260 3072 375 3129 turbam
403 3069 595 3127 immundum
621 3069 657 3126 ab
679 3070 739 3125 acie
829 3028 855 3081 a.
869 3024 991 3080 Sateret
1013 3022 1096 3089 melu,
1122 3022 1252 3086 Dotatae,
1277 3018 1412 3074 adversus
1434 3017 1566 3089 deceptos
1582 3018 1646 3074 illos

65 3093 157 3222 Yet
171 3164 217 3219 vix
236 3163 346 3218 dimota
360 3160 391 3216 in
405 3159 464 3216 ictu
484 3158 558 3214 oculi
584 3173 647 3214 ecce
669 3173 737 3212 con·
793 3118 822 3169 ct
836 3112 1009 3185 deceptores,
1025 3114 1055 3165 ct
1069 3110 1204 3181 loquaces
1222 3111 1320 3162 mutos
1338 3102 1359 3175 ¹,
1374 3106 1513 3179 quoniam
1531 3122 1590 3162 non
1611 3123 1648 3162 cx

65 3208 115 3310 ,su's
127 3254 226 3310 aderat
245 3256 274 3308 et
287 3249 415 3307 irruebat
427 3200 613 3320 immensum
630 3263 725 3302 meum
793 3202 969 3301 dissonabat
988 3199 1107 3255 verbum
1130 3201 1230 3296 tunm:
1251 3201 1295 3252 sat
1317 3201 1379 3251 erat
1399 3212 1468 3268 ergo
1481 3196 1554 3252 illud
1568 3195 1647 3269 qnod

65 3344 119 3400 [hat
135 3294 267 3399 eumx’ut
281 3339 412 3413 quamvis
433 3354 491 3394 non
506 3338 599 3393 forma
619 3287 739 3392 human}
790 3291 900 3363 jamdiu
913 3290 949 3346 ab
966 3304 1057 3361 nsque
1077 3287 1247 3358 Carthagine
1266 3301 1283 3340 a
1305 3284 1439 3341 Nebridio
1450 3285 1575 3357 proponi
1597 3301 1646 3341 so-

794 3382 877 3444 lebat,
894 3383 923 3435 ct
936 3377 1099 3449 omnesqui
1112 3375 1294 3431 audieramus
1309 3372 1440 3429 concussi
1449 3389 1557 3430 sumus.
1571 3373 1646 3440 Quid

793 3473 855 3526 crat
868 3469 920 3525 tibi
937 3467 1048 3523 iactura
1061 3465 1157 3521 nescio
1172 3480 1238 3537 qnae
1258 3478 1328 3536 gens
1347 3461 1541 3529 tenebrarum,
1557 3478 1647 3534 quam

793 3575 826 3614 cx
838 3554 956 3614 ad'versa
974 3556 1050 3611 mole
1070 3554 1163 3609 solent
1186 3566 1342 3625 opponere,
1363 3551 1388 3605 si
1409 3555 1442 3605 tu
1456 3564 1520 3604 cnm
1535 3565 1569 3604 ea
1590 3567 1645 3622 pn·

793 3662 881 3722 gnare
901 3644 1041 3701 noluisses
1068 3641 1098 3699 ¹?
1126 3641 1156 3698 Si
1176 3642 1254 3696 enim
1278 3638 1509 3711 responderetur,
1535 3637 1645 3710 aliquid

792 3737 878 3794 hrisse
889 3734 1067 3800 nocituram,
1078 3729 1220 3787 violabilis
1233 3734 1264 3784 tn
1275 3732 1303 3784 et
1312 3725 1507 3798 corruptibilis
1518 3726 1604 3782 tores.
1615 3726 1647 3783 Si

792 3831 889 3881 antem
907 3822 981 3879 nibil
992 3838 1027 3877 ea
1043 3836 1145 3877 nocere
1159 3818 1287 3891 potuisse
1302 3817 1456 3885 diceretur,
1471 3815 1553 3872 nulla
1563 3815 1646 3873 ailer-

792 3920 872 3971 rctnr
894 3928 980 3969 causa
997 3909 1158 3985 pugnandi,
1173 3913 1202 3966 et
1224 3908 1263 3964 ite
1278 3905 1436 3980 pugnandi,
1457 3909 1491 3960 ut
1512 3904 1646 3977 quaedem

792 4004 884 4076 portio
899 4006 950 4058 tua
963 4003 991 4057 et
1000 4000 1163 4056 membrum
1176 4001 1270 4065 tuum,
1287 3998 1330 4052 vel
1345 3997 1440 4068 proles
1452 3995 1488 4053 de
1502 3994 1564 4067 ipsa
1577 3995 1645 4051 sub·

792 4092 893 4148 stantia
916 4095 975 4159 tua,
999 4089 1169 4144 misceretur
1188 4085 1313 4141 adversis
1329 4083 1519 4156 potestatibus
1534 4087 1564 4138 et
1585 4099 1645 4139 non

792 4187 850 4238 ate
872 4180 975 4237 creatis
990 4177 1109 4245 naturis,
1126 4180 1211 4248 atquc
1227 4175 1257 4230 in
1276 4177 1389 4228 tantum
1404 4172 1439 4227 ab
1455 4172 1497 4227 eis
1513 4187 1645 4227 eorrum-

791 4276 909 4344 peretur
920 4274 949 4325 ct
963 4269 1190 4323 commutaretur
1200 4264 1230 4319 in
1240 4262 1377 4329 deterius,
1389 4266 1423 4316 ut
1437 4278 1454 4315 a
1468 4259 1644 4316 beatitudine

790 4361 821 4415 in
839 4358 984 4416 miseriam
994 4359 1162 4423 verteretur,
1179 4359 1208 4409 et
1223 4353 1367 4425 indigeret
1380 4349 1487 4406 auxilio
1506 4366 1563 4422 quo
1580 4350 1644 4405 erui

791 4448 966 4522 purgarique
988 4449 1100 4518 posset:
1127 4449 1156 4499 et
1178 4443 1323 4498 bancesse
1344 4440 1484 4506 enimam,
1507 4437 1554 4495 cui
1576 4442 1644 4495 tuns

791 4554 894 4605 sermo,
918 4534 1051 4592 servienti
1065 4534 1146 4602 liber,
1160 4536 1188 4588 et
1207 4529 1408 4587 contaminatae
1422 4544 1523 4601 pucras,
1539 4530 1568 4583 et
1581 4543 1644 4584 cor·

791 4631 883 4698 ruptae
897 4625 1011 4697 integer
1033 4621 1214 4689 subveniret;
1229 4619 1277 4675 sed
1301 4621 1329 4674 et
1352 4616 1414 4689 ipse
1437 4615 1645 4688 corruptibilis,

791 4716 860 4790 quia
872 4731 906 4772 ex
920 4730 979 4770 nne
988 4712 1147 4784 eademque
1162 4706 1331 4765 substantie.
1347 4707 1457 4779 ltaque,
1469 4705 1493 4761 si
1504 4709 1543 4775 tc,
1560 4705 1643 4779 quid-

792 4805 860 4877 quid
874 4820 913 4871 es,
926 4803 957 4859 id
971 4804 1024 4870 est,
1040 4796 1230 4856 substantiam
1246 4800 1325 4852 tuam
1341 4810 1399 4868 qua
1416 4811 1457 4864 ee,
1471 4793 1645 4867 incorrupti·

791 4892 878 4950 bilem
898 4891 1045 4959 dicerent3
1059 4889 1130 4944 falsa
1143 4902 1205 4943 esse
1215 4885 1265 4942 illa
1278 4883 1376 4940 omnia
1389 4888 1419 4940 et
1442 4883 1643 4940 exsecrabilia:

791 4983 815 5039 si
830 4985 927 5037 antem
941 4977 1172 5051 corruptibilem
1183 4974 1309 5048 idipsum
1318 4973 1380 5047 jam
1391 4973 1495 5030 falsum
1507 4976 1536 5030 et
1547 4971 1645 5044 prima

792 5088 859 5129 voce
874 5068 1110 5127 abominandum.
1130 5065 1179 5123 Sat
1193 5080 1262 5138 ergo
1277 5067 1339 5120 erat
1354 5063 1430 5119 istud
1445 5063 1580 5119 adversus
1592 5076 1643 5117 eos

791 5144 957 5216 omnimodo
969 5154 1141 5213 evomendos
1155 5168 1316 5225 apressura
1334 5150 1475 5223 pectoris3
1492 5149 1560 5222 quia
1583 5163 1643 5202 non

791 5249 1007 5320 habebantque
1034 5243 1143 5300 exirent
1156 5243 1218 5299 sine
1233 5241 1365 5298 horribili
1385 5237 1532 5310 sacrilegio
1547 5234 1643 5292 cordis

791 5343 820 5393 ct
833 5337 950 5409 linguae,
961 5333 1110 5390 sentiendo
1126 5332 1162 5388 de
1176 5337 1203 5389 te
1218 5331 1274 5388 ista
1289 5335 1318 5386 et
1331 5326 1487 5401 loquendo.

65 3449 225 3507 corporeum
254 3434 351 3486 tamen
379 3429 488 3502 aliquid
508 3428 635 3501 cogitare
654 3442 738 3498 coge-

65 3522 114 3578 vtia
136 3522 275 3588 locorum,
299 3519 357 3574 sive
381 3519 508 3574 inlusum
533 3517 652 3583 mundo,
679 3514 738 3570 sive

65 3611 241 3666 amandum
266 3624 318 3680 per
340 3606 455 3662 infinita
480 3604 627 3672 diffusum,
651 3603 736 3659 etiam

66 3698 214 3772 rrnptibile
228 3702 256 3752 et
270 3695 434 3752 inviolabile
450 3698 479 3750 et
492 3691 736 3761 incommutabile,

66 3788 160 3862 ptihili
176 3792 205 3842 et
225 3785 353 3841 violabili
369 3788 397 3840 et
411 3781 609 3839 commutabili
622 3797 737 3853 praepo·

65 3877 159 3933 eniam
174 3874 314 3948 quidquid
334 3872 483 3947 privabam
498 3871 596 3942 spatiis
620 3868 735 3937 talibus,

65 3982 120 4023 esse
135 3965 298 4020 videbatur:
315 3962 365 4018 sed
375 3977 491 4032 prorsus
503 3960 585 4028 nihil,
600 3975 636 4014 ne
650 3958 736 4013 inane

65 4071 169 4129 nquam
184 4055 207 4110 si
217 4069 320 4125 corpus
333 4052 481 4106 accieratnr
495 4050 568 4116 loco,
583 4052 611 4104 et
621 4051 736 4103 maneat

71 4161 189 4216 corpore
204 4146 347 4207 vacaratus,
365 4145 394 4196 ct
407 4144 522 4195 terreno
536 4142 563 4194 ct
577 4136 698 4193 humido
710 4139 739 4190 et

65 4233 150 4301 elesii,
165 4233 213 4288 sed
228 4236 326 4287 tamen
339 4229 376 4284 sit
389 4229 469 4285 locus
483 4226 578 4284 inanis
599 4230 737 4299 tanquam

69 4323 153 4379 nibil.

64 4427 136 4483 aque
155 4410 325 4465 incrassatus
351 4407 446 4476 corde,
473 4421 525 4460 nec
549 4401 737 4475 mihimetipsi

66 4500 191 4573 spiceus,
206 4496 344 4571 quidquid
357 4512 413 4551 non
421 4511 473 4567 per
486 4494 634 4565 aliquante
647 4492 738 4565 spatia

76 4591 121 4646 vel
140 4586 360 4653 diffunderetur,
374 4584 418 4640 vel
441 4583 672 4655 conglobaretur,
692 4581 737 4636 vel

65 4679 81 4734 n
98 4677 154 4734 tale
173 4676 281 4748 aliquid
302 4676 426 4746 caperet,
442 4677 491 4727 aut
504 4687 605 4744 capere
627 4672 736 4742 posset,

65 4783 89 4822 rs
100 4782 159 4823 esse
174 4765 343 4821 arbitrabar.
359 4764 414 4818 Per
427 4762 525 4834 quales
540 4759 618 4815 cuim
628 4760 737 4816 formas

65 4855 119 4912 cnli
127 4855 194 4924 mei,
205 4871 257 4927 per
266 4854 336 4909 tales
344 4850 483 4923 imagines
495 4850 554 4905 ibat
564 4865 612 4905 cor
623 4864 735 4905 meum:

65 4961 94 5000 m
116 4946 189 5001 hanc
215 4942 345 4999 eamdem
367 4939 567 5005 intentionem,
596 4954 652 5011 qua
673 4937 737 4992 illas

66 5051 116 5090 nee
130 5033 299 5100 formabam,
311 5046 370 5085 non
385 5045 445 5084 esse
458 5028 514 5083 tale
529 5027 653 5098 aliquid;
671 5042 737 5098 quae

65 5137 143 5178 enon
156 5122 303 5189 formaret,
312 5118 367 5174 nisi
378 5121 453 5173 esset
462 5131 600 5188 magnum
616 5113 734 5186 aliquid.

65 5211 146 5280 avitu
156 5210 221 5264 vitm
235 5207 463 5279 mcm‚grandem
478 5221 530 5277 per
543 5203 657 5259 infinita
670 5219 738 5274 spa·

71 5299 231 5372 cogitabam
243 5301 392 5368 penetrare
403 5299 492 5351 totam
503 5292 604 5348 mnndi
619 5292 735 5360 molem,

65 5405 104 5445 rm
119 5402 348 5461 quaquaversum
367 5382 573 5456 perimmensa
598 5380 659 5437 sine
679 5385 734 5438 ter-

65 5563 81 5599 ι.
98 5552 123 5600 et
136 5549 193 5602 lin:
207 5549 265 5601 Non
280 5547 371 5598 tantm
382 5547 406 5597 tc
417 5542 574 5608 cogitabam.
822 5467 1638 5607 i{3125}ifflffissi'ssitf‘ffi?ssffmssi'ssf'ffiiif‘mm'
