3884 6112
136 220 188 274 883

133 340 289 412 pientiam
302 344 404 395 caetera
413 355 479 395 vero
491 355 550 396 non
559 341 613 395 nisi
623 342 743 411 propter
756 338 840 394 istam
854 354 984 410 querere

136 430 292 485 autvelle‘l
314 429 405 496 Quam
419 429 471 484 tibi
494 429 634 496 sordidus,
662 445 749 500 quam
772 428 874 498 foedus,
897 445 985 501 quam

137 517 317 574 exsecrabilis
342 534 428 589 quarn
443 517 590 572 horribilis
605 519 770 588 complexus
783 516 925 572 femineus
943 517 985 572 vi-

139 608 269 673 debatur,
285 606 399 677 quando
416 606 490 659 inter
505 621 558 659 nos
573 605 608 659 de
622 605 722 659 uxoris
737 604 891 675 cupiditate
906 621 985 678 quae·

140 695 226 750 situm
241 695 297 749 esti
314 695 396 750 Certe
410 693 464 748 iste
479 698 560 747 noete
575 692 738 765 vigilantes,
753 708 819 747 cum
833 709 931 748 rursus
943 708 988 747 ea-

140 785 205 839 dem
216 783 363 837 nobiscum
373 796 533 852 ageremus,
546 781 657 836 sensisti
668 798 754 852 quam
766 786 793 836 ta
806 782 890 836 aliter
901 797 987 853 quam

140 886 373 942 praesumpseras,
388 870 551 940 imaginata
560 869 770 925 illoeblanditiae
780 874 915 925 etamara
924 886 988 925 sua·

141 958 503 1028 vitastitillaverit310nge
532 958 650 1028 quidem
670 960 754 1030 louge
777 959 874 1013 minus
901 975 988 1031 quam

143 1051 223 1120 solet,
247 1049 294 1103 sed
317 1049 386 1104 item
402 1049 489 1118 longe
504 1048 587 1103 aliter
610 1064 697 1118 quam
712 1052 881 1119 putaveras3
901 1052 933 1102 ut
950 1046 990 1102 sic

142 1138 195 1192 tibi
208 1137 412 1192 secretissimus
426 1136 474 1191 ille
497 1136 625 1191 medicus
640 1141 795 1208 utrumque
810 1136 989 1191 demonstra·

143 1230 196 1294 ret,
208 1231 236 1280 et
255 1225 332 1281 unde
347 1241 415 1280 cura
429 1225 491 1296 ejus
504 1224 639 1293 evaseris,
653 1224 763 1295 etquid
776 1224 936 1280 curandum
949 1240 992 1278 re·

145 1319 267 1370 maneat.

180 1407 224 1458 26.
255 1404 291 1457 A.
319 1404 400 1468 Tace,
420 1402 547 1467 obsecro,
577 1405 649 1456 tace.
676 1400 749 1465 Quid
767 1399 894 1455 crucias?
922 1400 992 1473 quid

145 1497 257 1547 tantum
271 1490 343 1545 lodis
357 1491 471 1561 alteque
488 1488 655 1545 descendis?
668 1490 680 1544 J
685 1505 730 1543 am
744 1489 813 1543 llere
832 1505 890 1544 non
908 1490 992 1559 duro,

143 1580 264 1652 jamjam
277 1578 347 1634 nihil
363 1578 509 1649 promitto,
525 1578 597 1631 nibil
612 1592 765 1647 praesumo,
779 1594 815 1632 ne
828 1593 875 1632 me
886 1577 921 1632 de
931 1578 993 1632 istis

147 1669 233 1724 rebus
248 1667 417 1738 interroges.
435 1667 516 1721 Certe
531 1665 601 1720 dicis
615 1665 693 1736 qnod
706 1664 754 1720 illa
773 1665 834 1737 ipse
851 1682 937 1738 quem
950 1666 992 1720 vi·

148 1758 215 1812 dere
230 1755 327 1824 ardeo,
351 1755 463 1810 noverit
481 1755 597 1826 quando
613 1754 667 1807 sim
692 1770 792 1821 sanus;
816 1754 901 1810 faciat
919 1754 995 1827 quod

149 1847 254 1918 placet:
279 1843 395 1917 qnando
415 1844 508 1914 placet
521 1859 581 1898 sese
596 1842 742 1910 ostendat3
755 1843 816 1914 jam
834 1858 881 1897 me
902 1847 994 1897 totum

149 1935 211 2005 ejus
220 1933 378 1989 clementiae
392 1948 524 2004 curaeque
537 1931 696 1987 committo.
713 1933 808 1987 Semel
821 1933 856 1987 da
870 1932 919 1987 illo
932 1948 994 1986 cre·

149 2023 208 2078 didi
230 2022 309 2094 qnod
332 2021 372 2077 sic
386 2037 454 2093 erga
473 2037 502 2076 se
521 2021 636 2076 allectos
651 2021 798 2076 sublevare
814 2037 873 2077 non
887 2026 991 2076 cesset.

149 2113 206 2183 Ego
219 2111 290 2165 nihil
309 2111 344 2166 de
359 2126 424 2164 mea
439 2111 571 2176 sanitate,
587 2109 713 2165 niseum
734 2109 814 2164 illam
835 2110 996 2181 pulchritu-

149 2199 245 2254 dinem
261 2198 368 2264 videro,
393 2197 597 2268 pronuntiabo.
623 2200 655 2253 lt.
675 2199 793 2253 Prorsus
822 2197 893 2252 nihil
921 2197 997 2252 aliud

148 2286 245 2341 facias.
261 2286 316 2341 Sed
331 2286 392 2356 jam
408 2285 548 2339 cohibete
568 2285 740 2356 alacrymis,
760 2290 790 2339 et
811 2285 918 2356 stringe
935 2286 996 2341 ani-

151 2389 242 2429 mum.
258 2374 375 2428 ltulturn
387 2373 505 2427 omnino
520 2372 634 2439 llevisti,
649 2372 864 2429 etbocomnino
879 2375 997 2430 morbus

152 2463 207 2517 iste
234 2461 357 2534 pectoris
385 2460 429 2515 tui
456 2461 581 2532 graviter
604 2459 716 2530 accipit.
747 2463 784 2516 A.
815 2462 929 2517 Modum
957 2463 998 2517 vis

151 2550 257 2606 babere
279 2550 418 2618 lacrymas
435 2565 525 2619 meas,
548 2565 614 2604 cum
632 2549 757 2604 miserim
789 2565 860 2604 meae
881 2552 998 2608 modum

152 2654 211 2694 non
229 2636 361 2693 uideam?
383 2642 433 2692 aut
450 2637 645 2693 valetudinem
668 2637 794 2709 corporis
819 2640 999 2697 considerare

153 2744 199 2782 me
215 2727 309 2800 jabes,
335 2742 401 2781 cum
425 2742 478 2796 ego
498 2726 559 2797 ipse
582 2726 647 2781 tabe
668 2727 814 2782 contectus
835 2728 909 2784 sim?
932 2730 998 2799 Sed,

152 2832 249 2888 quaeso
262 2821 301 2884 te,
317 2814 421 2887 siquid
434 2815 465 2869 in
476 2831 523 2869 me
537 2815 624 2884 vales,
633 2819 665 2869 ut
679 2819 827 2871 metentes
841 2833 894 2889 per
903 2819 1000 2890 aliqua

151 2903 322 2976 compendia
345 2903 458 2968 ducere,
485 2906 517 2958 ut
535 2904 579 2957 vel
603 2902 747 2958 vicinitate
768 2905 908 2959 nonnulla
929 2904 1000 2959 lucis

152 2993 239 3061 illius,
255 3009 354 3064 quam,
377 2991 400 3045 si
423 2990 490 3062 quid
513 2991 631 3061 proieci,
648 2992 769 3047 tolerare
784 2993 845 3064 jam
872 3009 998 3065 possum,

152 3082 248 3152 pigeat
263 3081 359 3135 oculos
373 3079 479 3134 referre
495 3079 530 3134 ad
543 3080 606 3134 illas
619 3080 762 3149 tenebras,
783 3097 855 3153 quas
878 3081 998 3153 reliquir

153 3170 177 3223 si
204 3173 300 3223 tamen
321 3167 429 3223 relicte
444 3168 571 3223 dicendae
590 3173 665 3236 sunt,
693 3185 757 3241 quae
788 3171 907 3227 caecitati
929 3188 1000 3226 meae

154 3255 248 3310 adbuc
258 3253 382 3311 blandiri
391 3255 505 3310 audent.

155 3344 266 3400 CAPUT
280 3345 335 3401 llV.
351 3374 385 3384 -
402 3345 505 3399 Animo
531 3343 661 3412 quomodo
683 3348 861 3412 cognoscitur.
887 3347 1001 3403 Fiducia

489 3449 555 3501 erqo
569 3435 661 3490 beorn.

188 3525 233 3578 27.
249 3525 283 3580 a.
299 3523 518 3590 Concludamus,
548 3522 572 3577 si
586 3523 689 3594 placet,
715 3522 769 3578 hoc
795 3523 922 3594 primurn
951 3542 1001 3580 vo·

731 215 1018 283 soblmuulonu'lt
1039 214 1065 271 S.
1087 212 1281 274 AUGUS'llNl
1850 214 1890 269 etl

1039 354 1139 393 verum
1153 342 1206 404 est,
1218 335 1338 392 variata
1352 335 1452 408 utique
1465 349 1569 391 verum
1585 338 1650 390 est..

1074 429 1119 481 28.
1141 429 1174 482 n.
1200 425 1292 491 Quid?
1312 440 1379 479 oum
1399 428 1493 479 castus
1513 421 1625 496 aliquis
1644 420 1792 488 moritur,
1811 437 1894 479 causes

1040 515 1114 570 mori
1130 515 1217 570 etiam
1238 512 1417 569 casuutemt
1437 513 1474 568 A.
1505 512 1593 567 Nullo
1623 509 1729 566 modo.
1755 513 1792 567 n.
1824 511 1893 583 Erga

1041 619 1108 659 cum
1119 603 1220 659 interit
1242 602 1353 674 aliquid
1368 601 1447 674 quod
1459 616 1562 656 verum
1587 604 1645 667 est,
1661 614 1728 655 nou
1743 597 1847 654 interit
1860 616 1894 656 re·

1041 693 1120 748 ritas.
1140 692 1176 748 A.
1188 690 1338 756 Quomodo
1355 689 1560 746 ..semimaris
1575 688 1697 762 aliquid
1708 689 1838 744 verum?
1852 690 1897 745 bisi

1042 780 1121 837 enim
1135 779 1226 834 video.
1253 781 1285 834 Β.
1307 777 1391 834 bitror
1404 783 1432 832 te
1446 778 1523 834 istud
1540 793 1698 850 quaerere:
1727 792 1829 833 nonne
1847 784 1898 834 ante

1044 869 1140 924 oculos
1159 871 1273 923 nostros
1287 866 1380 924 millia
1399 882 1497 922 rerum
1521 867 1659 923 videmus
1681 864 1832 922 interire?
1855 867 1899 922 bisi

1043 957 1115 1012 torte
1123 961 1207 1029 putas
1216 957 1291 1011 banc
1301 956 1441 1023 arborem,
1452 960 1503 1011 aut
1512 971 1574 1010 esse
1588 954 1749 1019 arborem,
1759 954 1811 1009 sad
1819 971 1899 1010 rerau

1043 1061 1103 1102 non
1117 1061 1187 1112 esse,
1203 1050 1254 1100 aut
1266 1050 1341 1100 certe
1353 1044 1471 1100 interire
1483 1060 1541 1099 nou
1556 1060 1662 1117 posse.
1677 1043 1826 1109 Quamvis
1837 1044 1900 1100 enin

1046 1150 1104 1190 uon
1121 1134 1219 1189 credas
1240 1133 1379 1202 sensibus,
1395 1133 1544 1206 possisque
1559 1133 1767 1205 respondere,
1783 1132 1901 1204 ignorare

1045 1228 1073 1278 te
1088 1239 1204 1295 prorsus
1215 1227 1314 1278 utrum
1328 1222 1412 1278 arbor
1425 1221 1478 1290 sit;
1492 1225 1593 1278 tamen
1606 1221 1689 1277 illud
1705 1236 1773 1276 nou
1781 1221 1898 1293 negabis,

1046 1317 1080 1367 ut
1099 1311 1214 1383 opinor,
1236 1327 1335 1368 veram
1359 1326 1419 1366 esse
1444 1312 1588 1378 arborem,
1606 1310 1632 1365 si
1663 1310 1761 1365 arbor
1786 1314 1844 1365 est:
1859 1325 1902 1364 um

1047 1399 1124 1455 euim
1140 1401 1195 1455 boc
1210 1415 1307 1466 sensu,
1327 1400 1377 1455 sed
1389 1398 1582 1471 intelligentia
1600 1399 1775 1470 judicatur.
1791 1397 1822 1453 Si
1842 1398 1902 1453 enin

1047 1488 1117 1544 falsa
1140 1488 1226 1543 arbor
1239 1494 1293 1558 est,
1316 1493 1435 1543 nonest
1454 1488 1552 1554 arb0r;
1574 1487 1728 1543 aientem
1755 1487 1844 1542 arbor
1862 1494 1902 1552 est

1048 1593 1115 1632 vera
1126 1577 1284 1632 sitnecesse
1305 1579 1357 1632 est.
1372 1577 1409 1631 A.
1426 1576 1557 1632 Concedo
1573 1575 1670 1632 istud.
1697 1578 1735 1633 il.
1753 1575 1830 1642 Quid
1849 1576 1903 1631 illul

1048 1667 1190 1722 alterum?
1205 1680 1301 1720 nonne
1315 1665 1446 1720 concedis
1464 1665 1521 1720 hoc
1544 1680 1643 1736 genus
1659 1680 1773 1720 rerum
1786 1680 1849 1720 esse
1869 1681 1903 1718 ar·

1049 1755 1158 1822 boram,
1173 1753 1252 1826 quod
1279 1757 1413 1809 nascatur
1433 1757 1462 1807 et
1479 1751 1624 1808 intereat?
1644 1754 1690 1809 A.
1719 1753 1834 1825 Negare
1855 1768 1902 1808 noa

1049 1859 1176 1916 possum.
1192 1845 1224 1899 R.
1242 1840 1426 1899 concluditur
1438 1857 1506 1913 ergo
1520 1840 1635 1912 aliquid
1648 1841 1737 1914 quod
1757 1857 1856 1896 verum
1867 1843 1901 1907 sit,

1050 1930 1177 1986 interire.
1195 1931 1232 1987 A.
1248 1931 1312 1986 Non
1337 1929 1530 1985 contravenio.
1546 1932 1580 1986 lt
1595 1929 1679 1994 Quid
1704 1929 1803 1986 illud?
1822 1946 1900 1985 nonae

1050 2017 1103 2074 tibi
1118 2017 1229 2073 videtur
1248 2016 1457 2073 intereuntibus
1473 2016 1560 2072 rebus
1583 2017 1666 2071 veris
1692 2016 1846 2072 veritatem
1857 2032 1901 2071 noa

1050 2106 1179 2172 interire,
1204 2108 1309 2160 utnon
1335 2104 1410 2160 mori
1431 2107 1508 2159 casto
1529 2109 1652 2160 mortuo
1667 2104 1856 2160 castitatem?
1873 2106 1899 2159 A.

1051 2196 1113 2250 tam
1130 2199 1159 2249 et
1179 2193 1233 2249 hoc
1256 2192 1389 2261 concedo,
1414 2197 1442 2248 et
1465 2208 1648 2265 magnopere
1675 2193 1754 2266 quid
1780 2193 1897 2258 moliare,

1052 2288 1195 2354 exspecto.
1211 2285 1244 2338 lt.
1261 2282 1333 2354 Ergo
1345 2282 1469 2339 attende.
1481 2284 1518 2337 A.
1539 2281 1630 2337 isthic
1644 2297 1731 2338 sum.

1088 2375 1133 2427 29.
1159 2374 1192 2428 a.
1218 2372 1326 2426 Verane
1350 2370 1403 2426 tibi
1422 2369 1536 2426 videtur
1556 2369 1614 2425 ista
1640 2370 1811 2427 sententia:
1833 2370 1897 2438 uuit

1053 2460 1189 2532 quidest,
1215 2459 1319 2515 alicubi
1334 2475 1393 2515 esse
1406 2459 1536 2530 cogitari
1563 2461 1601 2514 A.
1618 2459 1708 2514 Nihil
1722 2475 1774 2515 me
1789 2460 1829 2516 sic
1839 2461 1898 2516 daut

1053 2548 1088 2603 ad
1099 2547 1349 2604 consentiendum.
1363 2550 1396 2605 R.
1417 2548 1524 2603 Fateris
1537 2552 1640 2603 autem
1657 2564 1726 2604 esse
1752 2550 1900 2605 veritatemi

1053 2639 1089 2692 A.
1107 2638 1217 2692 Fateor.
1242 2640 1276 2693 rt.
1301 2638 1374 2709 Ergo
1398 2636 1508 2704 ubisit,
1532 2652 1654 2692 necesse
1676 2644 1725 2694 est
1738 2655 1900 2711 quaerentum

1054 2741 1111 2780 non
1126 2725 1259 2781 estenim
1284 2725 1315 2780 in
1329 2727 1400 2791 loco.
1418 2725 1559 2781 nisilorte
1573 2730 1628 2781 aut
1643 2743 1712 2782 esse
1739 2728 1776 2783 in
1789 2730 1850 2784 loeo
1867 2728 1901 2783 eli

1055 2813 1124 2886 quid
1140 2814 1216 2869 aliud
1227 2819 1332 2887 praeter
1351 2830 1465 2886 corpus,
1490 2818 1541 2869 aut
1562 2815 1726 2871 veritatem
1742 2832 1901 2890 corpnsessv

1054 2902 1211 2958 arbitraris.
1227 2905 1262 2958 A.
1285 2904 1361 2959 Nihil
1381 2902 1486 2958 borum
1507 2909 1589 2975 puto.
1620 2906 1661 2961 R.
1680 2905 1812 2962 Ubinam
1832 2906 1903 2978 igitvr

1054 2991 1133 3047 illam
1148 3007 1208 3046 esse
1223 2991 1334 3047 credis?
1350 2993 1414 3047 Non
1428 2991 1506 3046 enirn
1520 3008 1674 3064 nusquam
1690 3000 1739 3050 est
1753 3011 1842 3068 quam
1856 3011 1902 3051 ees

1055 3079 1247 3135 concedimus.
1272 3079 1308 3134 A.
1335 3079 1365 3134 Si
1392 3079 1495 3135 scirem
1515 3080 1567 3135 ubi
1582 3086 1674 3150 esset,
1705 3084 1903 3140 nibiltortasst

1056 3168 1179 3239 amplius
1203 3182 1373 3238 quaererem.
1396 3170 1429 3224 lt.
1454 3168 1561 3223 Saltem
1589 3168 1646 3224 ubi
1674 3187 1740 3227 non
1766 3172 1815 3241 sit,
1840 3178 1903 3246 poter

1056 3257 1243 3328 cognoscere?
1268 3257 1305 3311 A.
1335 3256 1365 3312 Si
1388 3272 1607 3326 commemores,
1643 3259 1778 3316 tortasse
1810 3266 1903 3335 potero.

1056 3346 1092 3400 R.
1109 3345 1172 3400 Non
1186 3350 1228 3400 est
1240 3349 1315 3400 certe
1329 3345 1361 3400 in
1374 3346 1459 3401 rebus
1475 3345 1659 3404 mortalibus.
1679 3349 1904 3423 Quidquieeate

1056 3437 1109 3502 est,
1125 3434 1156 3489 in
1170 3434 1266 3506 aliquo
1281 3449 1339 3489 non
1353 3439 1448 3506 potest
1457 3451 1585 3506 manere,
1599 3436 1627 3490 si
1642 3454 1707 3493 non
1721 3436 1903 3495 maneatiltal

1057 3523 1087 3577 in
1107 3539 1163 3595 quo
1177 3529 1233 3578 est:
1249 3538 1365 3579 manere
1392 3529 1500 3592 autem,
1520 3524 1607 3579 etiam
1630 3526 1727 3582 rebus
1740 3528 1819 3583 veris
1830 3528 1902 3583 inter

154 3611 263 3679 lumen,
286 3609 391 3680 utjam
413 3611 584 3667 insecundo
607 3610 744 3683 aliquam,
767 3628 832 3682 quae
851 3614 1003 3669 commoda
1057 3612 1200 3680 euntibus,
1216 3613 1365 3669 veritatem
1386 3613 1472 3685 paulo
1486 3619 1552 3668 ante
1576 3629 1757 3673 concessum
1777 3623 1833 3674 est.
1853 3616 1902 3672 ltu

154 3700 318 3767 occurrerit,
334 3700 535 3772 aggrediamur
555 3700 640 3754 viam.
660 3700 722 3754 Non
738 3700 817 3755 enirn
841 3701 909 3757 huic
933 3702 1002 3757 alie-
1056 3700 1146 3772 igitur
1160 3707 1202 3757 est
1229 3701 1332 3757 veritas
1345 3701 1378 3757 in
1390 3703 1474 3758 rebus
1488 3702 1672 3760 mortalibus.
1689 3706 1744 3761 Est
1759 3712 1855 3762 autem
1865 3719 1902 3759 ve

154 3788 243 3843 ctioni
256 3793 314 3843 tuac
336 3806 353 3843 e
375 3789 523 3843 moderata
542 3789 745 3843 exercitatione
759 3790 928 3845 cessandum
943 3795 998 3847 est.
1057 3789 1137 3857 ritas,
1153 3796 1180 3844 et
1195 3805 1253 3845 non
1275 3794 1318 3845 est
1331 3806 1483 3863 nusquam.
1499 3792 1571 3847 Sunt
1583 3791 1678 3863 igitur
1693 3809 1746 3850 res
1768 3795 1904 3851 immorta-

154 3876 190 3931 A.
208 3877 271 3930 Non
289 3876 380 3930 sinam
405 3877 522 3930 omnino
546 3875 677 3930 concludi
692 3875 768 3931 bunc
785 3877 923 3945 libellum,
946 3878 1002 3933 nisi
1058 3878 1108 3932 les.
1126 3877 1201 3933 Nibil
1215 3881 1312 3932 autem
1331 3894 1430 3933 verum
1444 3879 1474 3934 in
1489 3894 1545 3950 quo
1560 3879 1668 3935 veritas
1680 3896 1747 3937 non
1760 3889 1813 3938 est.
1829 3881 1904 3938 mnu·

155 3963 226 4018 mihi
240 3963 385 4018 modicum
399 3979 455 4034 quo
469 3963 596 4017 intentus
611 3962 664 4016 sim
684 3963 718 4017 de
732 3963 835 4019 vicinia
850 3966 919 4020 lucis
935 3983 1001 4038 ape·
1057 3967 1130 4021 citur
1151 3966 1248 4037 itaque
1263 3981 1322 4022 non
1337 3983 1397 4023 esse
1418 3982 1494 4034 vara,
1510 3966 1565 4022 nisi
1578 3983 1647 4039 qum
1671 3975 1748 4026 sunt
1771 3973 1904 4027 amnena·

154 4051 255 4108 rueris.
270 4055 306 4108 ll.
325 4051 403 4108 Gerit
416 4051 467 4105 tibi
479 4051 527 4105 ille
542 4051 800 4108 medicusmorem.
818 4055 890 4108 Nam
905 4056 1001 4110 nescio
1058 4055 1105 4110 lia.
1126 4055 1160 4110 Et
1185 4055 1278 4110 omnis
1293 4055 1364 4110 falsa
1384 4056 1477 4124 arbor,
1497 4072 1556 4111 non
1569 4060 1614 4111 est
1640 4056 1747 4128 mbor,
1765 4065 1796 4116 et
1815 4060 1905 4115 falsum

156 4141 220 4214 quis
229 4158 276 4197 me
291 4158 347 4213 quo
363 4146 391 4195 te
403 4141 504 4196 ducam
519 4140 613 4210 fulgor
631 4140 735 4196 invitat
749 4146 777 4196 et
791 4143 892 4214 tangil.
904 4145 1003 4216 ltaque
1057 4144 1169 4215 lignum
1183 4159 1240 4199 non
1256 4148 1299 4199 est
1310 4143 1434 4216 lignum,
1447 4149 1475 4200 et
1488 4144 1591 4199 falsum
1616 4152 1784 4218 argentum
1797 4165 1854 4204 nun
1873 4150 1906 4201 ed

157 4231 251 4302 accipe
263 4231 399 4286 intentus.
423 4231 459 4285 A.
473 4229 542 4296 lluc,
558 4245 608 4284 oro
623 4235 662 4298 te,
679 4246 711 4285 ac
726 4246 795 4302 rape
825 4232 950 4303 quovis.
969 4237 1001 4290 lt.
1057 4236 1220 4304 argentum,
1237 4237 1266 4287 et
1280 4233 1409 4288 omnimo
1427 4233 1567 4307 quidquid
1582 4234 1691 4290 falsum
1710 4242 1770 4304 est,
1786 4253 1845 4294 non
1858 4240 1902 4291 eet.

156 4321 289 4376 Animam
309 4325 337 4375 te
359 4322 433 4374 certe
456 4316 534 4386 dicis,
552 4323 581 4373 et
601 4320 691 4374 baum
716 4321 789 4375 velle
809 4324 1004 4392 cognoscere?
1058 4322 1258 4377 Omneautem
1273 4324 1350 4394 quod
1365 4338 1465 4379 verum
1487 4339 1546 4378 non
1561 4328 1614 4393 est,
1629 4325 1745 4382 falsum
1759 4333 1812 4383 est
1837 4324 1907 4382 bala

155 4412 195 4465 A.
210 4411 414 4464 llocesttotum
422 4407 571 4479 negotium
582 4411 732 4464 meumlt.
745 4409 1002 4482 Nihilneamplius‘l
1057 4411 1148 4483 igitur
1165 4417 1241 4468 recte
1254 4412 1390 4469 dicuntur
1413 4429 1484 4482 esse,
1510 4411 1566 4467 nisi
1581 4412 1780 4472 immortalia.
1797 4417 1905 4472 umet·

102 4509 105 4514 ’
155 4500 192 4554 A.
211 4497 286 4553 Nihil
312 4511 438 4567 prorsus.
458 4499 490 4554 lt.
508 4496 599 4561 Quid?
624 4497 845 4554 veritatemnon
870 4498 911 4554 vis
926 4515 1002 4554 com·
1058 4504 1152 4557 tecum
1167 4501 1357 4558 ratiunculam
1371 4502 1523 4575 diligenter
1538 4501 1700 4571 considera,
1724 4506 1848 4580 nequid
1863 4500 1907 4558 libi

155 4585 400 4657 prehenderetA.
416 4584 581 4650 Quasivero
596 4585 703 4656 possim
718 4586 909 4660 baecnisiper
923 4588 1003 4644 illem
1058 4590 1270 4646 concedendum
1293 4606 1350 4646 non
1374 4607 1434 4647 esse
1458 4590 1598 4647 videatur.
1628 4591 1660 4647 Si
1686 4594 1773 4650 enim
1789 4597 1905 4655 raom

155 4688 335 4744 cognoscere.
353 4675 385 4729 n.
402 4675 475 4744 Ergo
495 4674 574 4746 prius
590 4673 653 4745 ipsa
667 4676 863 4745 cognoscenda
877 4683 930 4738 est,
951 4694 1002 4749 per
1058 4681 1150 4733 totum
1170 4680 1317 4750 negotium
1331 4696 1405 4751 pena
1418 4679 1603 4745 confecimus,
1624 4681 1707 4753 quod
1730 4683 1766 4738 in
1779 4684 1838 4739 alio
1858 4682 1905 4737 m·

156 4778 243 4834 quam
257 4768 378 4834 possunt
389 4762 439 4818 illa
448 4763 590 4835 cognosci.
601 4764 637 4819 A.
650 4762 727 4818 Nihil
740 4763 845 4820 abnuo.
858 4768 890 4823 lt.
905 4766 1002 4823 Primo
1058 4770 1132 4822 tasse
1147 4767 1220 4822 libro
1232 4769 1336 4824 melius
1348 4769 1507 4844 apparebit.

156 4852 251 4923 itaque
272 4852 345 4906 illud
359 4852 515 4919 videamus,
544 4869 609 4908 cum
624 4852 681 4907 duo
695 4853 1004 4911 verbasintveritaset
1095 4856 1138 4911 30.
1155 4858 1191 4911 A.
1209 4857 1303 4913 llabeo
1320 4859 1454 4929 gratiam,
1474 4861 1503 4913 at
1521 4857 1575 4913 ista
1594 4873 1716 4916 mecum
1742 4859 1906 4935 usqueadeo

156 4956 267 5007 verum,
284 4944 381 4995 uuum
394 4941 447 4997 tibi
467 4942 551 4996 etiam
568 4957 614 4996 res
629 4941 694 4996 duce
709 4942 772 4996 istis
801 4942 892 4999 verbis
914 4943 1002 5014 signi·
1058 4948 1162 5013 tecum,
1175 4946 1290 5017 quando
1304 4946 1335 5002 in
1346 4946 1459 5002 silentio
1473 4962 1582 5014 sumus,
1598 4947 1766 5021 diligenter
1778 4955 1907 5021 uaeque

156 5027 245 5091 ficari,
266 5042 303 5082 an
327 5027 672 5083 unevideatur.A.l)uae
695 5029 901 5087 rescidentur.
920 5031 1001 5097 Nam,
1058 5034 1184 5089 tractabo
1209 5035 1229 5102 ¹,
1259 5035 1283 5089 si
1309 5037 1395 5090 nullae
1427 5037 1554 5091 tenebras
1595 5035 1779 5105 immittant,
1816 5039 1905 5110 suique

157 5122 190 5174 ut
203 5117 279 5172 aliud
293 5120 335 5172 est
348 5116 461 5170 castitas
485 5116 562 5172 aliud
576 5120 696 5179 castum,
712 5121 739 5174 et
762 5119 854 5173 multa
876 5117 907 5173 in
926 5119 1003 5176 hunc
1059 5122 1155 5191 ctiam,
1172 5123 1249 5195 quod
1262 5124 1449 5180 vehementer
1461 5123 1596 5193 formido,
1623 5126 1700 5182 mibi
1715 5127 1827 5184 iaciant
1839 5127 1904 5184 ‹lele-

156 5207 291 5273 modum;
305 5204 345 5259 ita
359 5204 443 5259 credo
458 5204 536 5259 aliud
551 5221 611 5260 esse
624 5206 781 5273 veritatem,
798 5207 911 5262 etaliud
924 5209 1003 5280 quod
1059 5211 1223 5268 clationem.
1240 5216 1271 5269 n.
1293 5214 1462 5269 Constanter
1476 5216 1536 5270 Deo
1557 5214 1655 5283 crede,
1670 5215 1761 5290 eique
1783 5225 1812 5274 te
1823 5222 1902 5273 uua

155 5313 255 5355 verum
270 5293 384 5351 dicitur.
408 5296 440 5350 n.
466 5293 547 5358 Quod
561 5294 666 5350 horum
690 5295 814 5350 duorum
828 5301 913 5367 putas
941 5312 1003 5352 esse
1058 5301 1202 5356 committe
1217 5307 1357 5375 quantum
1372 5308 1462 5375 potes.
1484 5301 1546 5359 Noli
1561 5319 1626 5359 esse
1649 5307 1727 5361 velle
1754 5306 1901 5381 quasipre

156 5384 353 5456 praestantiusl
380 5384 417 5440 A.
444 5383 599 5438 Veritatem
624 5384 739 5455 opinor.
755 5385 818 5440 Non
833 5385 910 5441 enim
925 5391 1001 5441 casto
1057 5388 1137 5460 prius
1151 5393 1179 5445 et
1202 5390 1232 5446 in
1255 5394 1304 5446 tua
1324 5395 1482 5463 potestate;
1497 5390 1546 5448 sed
1569 5392 1632 5463 ejus
1647 5395 1864 5453 clementissimi
1877 5392 1900 5446 οἵ

156 5475 281 5543 castitas,
297 5475 346 5531 sed
361 5472 487 5530 castitate
507 5472 540 5527 lit
558 5475 684 5539 castum;
709 5474 750 5528 ita
770 5473 867 5543 auam,
893 5473 1002 5547 siquid
1090 5487 1097 5520 ¹
1111 5485 1153 5535 Sic
1167 5486 1285 5551 plerique
1299 5488 1361 5538 bles.
1374 5488 1407 5538 At
1420 5488 1497 5549 aad..
1508 5490 1676 5541 retractato.
