3884 6112
678 183 782 240 LIBER
800 183 939 242 SEXTUS.
1648 201 1702 256 too

73 297 145 355 ione
159 299 263 355 omissa
277 299 404 372 impleat,
420 301 521 358 validis
536 304 691 360 admodum
708 321 792 378 argu·
849 311 925 374 tuor,
941 306 1018 364 intra
1040 324 1113 380 qnos
1141 309 1272 367 habenda
1298 312 1415 368 Collatio
1430 320 1502 388 erut,
1516 318 1645 376 kalendis
1655 322 1702 393 ju·

73 386 174 443 nudet.
848 395 904 450 niis
917 395 1017 452 delinit
1039 398 1215 453 Marcellinus
1232 398 1335 471 (idid).
1351 403 1444 474 Atque
1462 405 1512 474 ’,ιιι
1524 409 1700 478 Augustinus

286 493 399 549 ggpgp
418 495 449 551 x·
762 562 768 573 ἱ
847 485 965 555 legerat,
995 487 1111 557 quando
1139 487 1230 543 edicto
1256 488 1334 545 iliius
1353 491 1515 562 posteriori,
1539 495 1570 549 in
1594 513 1652 568 quo
1675 498 1700 553 is

847 588 963 644 quoque
970 574 1110 629 terminus
1121 575 1230 646 ligitur,
1246 578 1380 633 eumdem
1393 577 1481 648 diem,
1497 598 1582 653 quem
1597 585 1698 654 priori,

847 661 1034 716 constitutum
1060 663 1161 718 asserit
1175 664 1288 735 (Dreoic.
1309 658 1404 724 Callai}
1422 673 1448 739 i,
1475 686 1536 741 cap.
1555 672 1589 742 3).
1620 675 1698 728 Αιιι·

846 764 913 802 men
927 749 957 803 ιιι
978 749 1136 806 collatione
1155 754 1350 823 pronuntiavit
1363 756 1458 812 scriba
1472 758 1581 814 decimo
1596 766 1699 832 quarto

846 836 1085 908 kalendasjnnius
1098 839 1187 895 lixum
1202 841 1294 897 edicto
1308 845 1465 901 terminum
1480 846 1574 902 claudi
1589 850 1696 916 (collat.

845 925 977 994 Cartima.
999 929 1024 996 i,
1039 943 1099 997 cap.
1120 930 1175 998 ⁴27).
1192 929 1340 986 consentit
1358 933 1444 988 eham
1456 951 1522 990 cnm
1536 935 1584 991 iilo
1598 943 1696 1008 augu-

844 1012 946 1081 stinus,
962 1012 1139 1086 missumque
1152 1016 1182 1071 in
1193 1017 1371 1088 provinciam
1385 1021 1519 1089 edictum,
1536 1022 1566 1078 id
1580 1029 1622 1079 est
1635 1024 1695 1095 pri-

844 1116 934 1167 mum,
951 1100 990 1155 sie
1003 1101 1136 1157 hahuisse
1151 1105 1282 1175 agnoscit
1295 1104 1408 1176 (Deculo.
1422 1110 1522 1166 Cottut.
1541 1114 1566 1177 i,
1578 1127 1638 1182 cup.
1657 1115 1694 1180 8).

72 1188 1693 1357 mmmmmfflffiffiffiffim

72 1338 150 1447 Q
175 1339 233 1424 ‘³⁰²3'
258 1323 383 1392 ‘merum’
406 1329 437 1425 uf
459 1326 485 1378 εἰ
510 1340 619 1427 wfaef‘m
643 1326 787 1382 ‘'minum'‘
843 1368 867 1432 l,
888 1382 948 1436 cap.
964 1368 1018 1436 23).
1036 1366 1174 1432 Quocirca
1187 1368 1218 1422 in
1232 1369 1327 1441 primo
1342 1371 1434 1426 edicto
1448 1389 1508 1427 non
1528 1374 1604 1430 intra
1617 1376 1693 1432 diem

72 1425 99 1478 α’
121 1412 164 1529 ιῗι
177 1417 360 1514 emmim
381 1417 516 1514 mimam
540 1415 582 1516 'uf
596 1415 736 1517 “deum
749 1417 787 1525 “ff
840 1453 1029 1510 kalendarum
1044 1454 1205 1525 juniarum,
1230 1458 1280 1512 sed
1302 1458 1379 1513 intre
1393 1459 1538 1516 decimum
1558 1469 1691 1533 quartum

72 1514 120 1604 φ’,
132 1502 178 1602 ³⁰²,
193 1514 222 1554 ⁰⁰
236 1515 263 1555 ⁸⁶
285 1516 340 1612 'pf‘
359 1506 466 1602 mm
488 1517 548 1555 mm
567 1504 623 1558 ’ὣς
638 1510 749 1560 exuam·
774 1528 781 1558 ¹
839 1540 1028 1598 kalendarum
1051 1542 1200 1614 juniarum
1225 1545 1302 1601 diem
1325 1546 1480 1620 legendum
1504 1556 1578 1605 esset
1597 1551 1691 1618 (itia,

72 1591 119 1643 m
138 1590 209 1691 “mss
227 1593 290 1643 (ΜΘ
305 1590 477 1693 ⁰⁰,Hat'0f'ffm
500 1606 585 1693 ferm
608 1592 641 1646 αθ
668 1595 743 1649 Paoe·
769 1597 785 1649 ⁸
839 1645 901 1698 cap.
923 1633 969 1701 5):
985 1629 1041 1685 nisi
1056 1631 1080 1686 si
1090 1631 1154 1703 quis
1169 1633 1250 1688 malit
1259 1639 1384 1690 erratum
1400 1637 1469 1691 ihia
1488 1637 1581 1693 scriba
1593 1638 1691 1710 inisse,

72 1692 125 1741 Μ’
143 1693 191 1746 ⁹⁸²
207 1694 267 1732 cum
284 1679 464 1733 mmmm
480 1678 630 1750 ‘imputem'
652 1682 784 1738 camma
838 1718 915 1789 quod
930 1717 999 1774 alihi
1017 1721 1178 1791 quoqueah
1193 1722 1295 1778 eodem
1314 1724 1470 1779 admissum
1489 1725 1619 1783 observat
1632 1732 1691 1783 An-

72 1770 122 1833 m’
140 1781 206 1835 Μ
220 1771 246 1821 θ’
260 1769 366 1835 mrem
378 1767 506 1822 mamm
521 1772 715 1826 mmmmm·
838 1805 969 1875 gostinus
984 1806 1075 1873 (itia,
1100 1823 1160 1877 cap.
1183 1808 1237 1878 at).
1263 1811 1296 1864 Et
1314 1811 1471 1866 secundum
1492 1811 1610 1883 quidem
1633 1815 1691 1869 e'di-

72 1888 205 1944 rceliinus
230 1890 372 1958 tribunus,
397 1891 444 1945 eui
463 1890 638 1963 provinciam
662 1894 783 1964 cogendi
837 1898 914 1948 ctum
930 1893 971 1948 ita
985 1894 1120 1949 kalendas
1131 1895 1229 1965 Juniss
1241 1897 1392 1953 conventui
1409 1897 1545 1970 assignat,
1560 1900 1689 1956 utaiium

72 1993 91 2032 e
104 1993 138 2032 ae
152 1978 311 2032 Donatislas
324 1978 355 2032 in
370 1979 543 2050 colloquium
560 1980 710 2036 mandarat
723 1983 782 2036 lm·
837 1981 914 2037 diem
937 1982 1088 2037 delinitum
1107 1982 1188 2055 prins
1210 1983 1297 2039 fuisse
1324 2001 1507 2057 nequaquam
1529 1985 1684 2057 significet.

75 2065 174 2122 statim
198 2071 283 2137 atque
299 2066 376 2121 venit
396 2067 427 2122 in
447 2068 583 2135 iliricum,
599 2068 669 2123 nihil
693 2070 782 2126 dubio
837 2072 869 2125 iit
883 2087 950 2125 vero
965 2071 1138 2126 contendere
1155 2071 1186 2125 in
1205 2072 1306 2140 attero,
1323 2089 1434 2128 necnon
1453 2074 1484 2128 in
1502 2075 1587 2129 terlio
1601 2075 1687 2130 coilo·

71 2154 168 2222 imisit,
186 2159 217 2209 ul
231 2155 311 2209 omni
335 2172 403 2210 cura
417 2173 449 2211 ac
472 2156 695 2229 diligentiorem
709 2158 782 2214 muti
836 2157 904 2230 quio
926 2157 1071 2219 Catholici.
1103 2159 1283 2230 praestitutos
1319 2166 1445 2231 quatuor
1474 2177 1584 2216 menses
1606 2162 1688 2233 juxte

82 2248 266 2316 promoveret
277 2260 284 2298 :
296 2260 463 2315 quanquam
473 2261 532 2300 non
544 2246 687 2317 reperitur
700 2247 781 2317 qnid·
835 2245 971 2313 edictum,
985 2244 1114 2317 primurn
1126 2245 1270 2314 videlieet,
1279 2247 1359 2318 cujus
1373 2265 1408 2303 eo
1425 2248 1480 2303 ioci
1490 2249 1584 2304 verbis
1598 2255 1686 2304 utun-

71 2346 96 2385 ιι
109 2329 146 2385 ab
167 2347 200 2385 eo
213 2332 376 2402 praestitum
395 2337 461 2387 ante
475 2332 600 2388 edietum
615 2333 686 2389 iilud
701 2335 779 2405 qnod
835 2338 892 2400 tur,
909 2333 945 2387 ed
960 2332 1037 2387 diem
1055 2332 1244 2388 kalendarum
1260 2333 1408 2404 juniarum
1428 2335 1560 2391 concludi
1574 2336 1685 2408 (Callai.

72 2419 529 2492 ιιιιιιιοιιιιιιιιιιιιιιιιιιειἰιιιιιι,
545 2437 595 2476 seu
611 2420 779 2477 veriusante
834 2423 963 2489 Cartiaq.
996 2425 1023 2490 ι,
1052 2436 1112 2490 cap.
1141 2423 1190 2490 5⁰}
1224 2422 1308 2491 itia,
1338 2425 1364 2489 3,
1392 2438 1451 2494 cap.
1482 2425 1548 2490 illi,
1579 2425 1682 2480 Dreuic.

83 2512 220 2580 quartum
237 2508 426 2564 kalendarum
443 2509 603 2580 juniarum,
619 2509 716 2576 idest,
732 2510 778 2565 die
833 2510 929 2566 collat.
943 2513 971 2577 ι,
990 2524 1050 2578 cap.
1078 2512 1114 2580 3).
1131 2511 1164 2565 Et
1178 2509 1232 2564 hoc
1247 2509 1313 2564 inde
1330 2512 1502 2582 probabant,
1517 2512 1593 2582 quod
1607 2527 1684 2567 com-

71 2595 164 2653 eeimo
183 2603 285 2669 quarto
300 2597 438 2652 kalendas
452 2598 609 2652 februarias
622 2597 691 2653 unni
706 2614 777 2669 qua·
832 2598 955 2668 peilatus
969 2598 1066 2652 venire
1081 2598 1117 2652 ad
1132 2597 1319 2653 collationem
1334 2597 1683 2668 Primianus,adiulurun1

71 2684 145 2741 eina
154 2685 298 2741 undecimi
312 2685 589 2756 promulgarijussit.
606 2686 662 2741 Hoc
672 2686 776 2754 edicto,
832 2702 892 2740 sese
907 2687 944 2741 ad
963 2685 1048 2740 islam
1072 2685 1147 2741 diem
1172 2684 1366 2757 promisissem
1390 2685 1503 2757 ipsique
1528 2687 1683 2743 Donatista

71 2771 265 2844 toriijnssioni
279 2772 445 2843 adjunctum
460 2790 512 2845 per
527 2774 688 2829 universam
703 2776 776 2830 Airi-
831 2773 956 2842 delectis,
980 2773 1031 2846 qui
1052 2789 1117 2827 suas
1139 2773 1169 2827 in
1189 2772 1343 2828 Collatioue
1371 2778 1467 2843 parles
1497 2773 1681 2840 sustinerent,

71 2859 211 2932 t(Drecie.
229 2863 323 2917 Callet.
341 2866 365 2929 i,
377 2879 436 2932 cop.
453 2863 489 2931 ι),
510 2863 653 2934 quoslihet
667 2864 775 2934 episco·
831 2862 981 2935 episcopis,
1003 2877 1061 2916 non
1086 2864 1152 2915 ante
1175 2865 1307 2915 octavum
1322 2859 1511 2915 kalendarum
1533 2860 1681 2931 juniarum

81 2949 241 3005 Cathoiieos
257 2967 343 3021 quam
360 2951 519 3007 Donatistas
533 2968 550 3005 a
564 2952 691 3007 iocorum
712 2952 776 3007 msss
831 2951 906 3006 diem
921 2951 1088 3005 mundatum
1110 2948 1262 3014 dedissent,
1288 2948 1367 3003 nulia
1379 2949 1469 3020 prius,
1486 2963 1551 3020 quse
1567 2949 1602 3003 ad
1617 2949 1680 3005 uol-

71 3054 91 3093 ιι
125 3038 225 3094 statuit
254 3038 377 3109 J'uridico
410 3055 490 3094 more
518 3039 715 3112 appellandos,
745 3047 776 3098 ut
830 3038 944 3093 lationis
960 3036 1036 3093 diem
1051 3036 1218 3108 pertineret,
1235 3037 1279 3091 sel
1293 3035 1539 3108 pelitadiiatioue,
1554 3037 1680 3110 veijudi·

71 3140 137 3194 tem,
145 3143 260 3181 suarum
271 3127 392 3199 quisque
402 3128 527 3197 partium
537 3128 688 3200 peritiores
699 3129 775 3186 viros
829 3126 872 3181 cio
883 3126 1010 3197 flagitato
1023 3127 1128 3198 (collat.
1145 3125 1280 3192 Cartana.
1298 3128 1323 3191 i,
1334 3141 1394 3195 cap.
1410 3125 1464 3196 28).

71 3214 134 3271 ium
157 3215 331 3286 colloquium
355 3217 507 3284 electurus,
523 3217 598 3271 intra
612 3217 774 3288 designatos
863 3218 889 3270 ι.
908 3217 945 3270 ao
959 3231 1035 3271 anno
1061 3215 1166 3270 Pascha
1181 3215 1303 3287 septimo
1318 3216 1455 3271 kalendas
1478 3215 1577 3288 aprilis
1604 3215 1679 3272 ceie-

71 3302 110 3359 eli
120 3304 247 3375 jussione
260 3310 504 3375 mensesquatuor
518 3306 652 3360 accedant
667 3306 771 3375 (Callet.
828 3303 979 3370 brebatur;
994 3304 1173 3376 proindeque
1197 3302 1290 3376 pridie
1304 3304 1369 3360 idus
1393 3303 1482 3359 maias
1498 3305 1673 3360 Pentecoste.

74 3392 99 3459 i,
116 3406 177 3461 cap.
195 3392 233 3462 5).
250 3393 311 3446 Non
327 3391 404 3446 aliud
419 3409 458 3458 se,
473 3391 528 3446 nisi
542 3394 619 3464 quod
635 3409 667 3448 er
682 3393 773 3448 allatis
828 3391 886 3445 tioc
900 3391 1004 3445 testum
1027 3407 1042 3445 e
1063 3396 1197 3446 consueta
1219 3392 1349 3447 Ecclesiae
1368 3392 1519 3463 discipline
1533 3392 1678 3464 jejunium

71 3494 141 3552 oque
156 3479 333 3535 documentis
347 3496 446 3534 verum
461 3495 520 3535 esse
540 3479 707 3547 constiterit,
722 3481 772 3551 ju·
827 3480 1000 3552 sequebatur
1023 3481 1119 3548 (Serra.
1139 3483 1201 3547 357,
1220 3497 1249 3536 n.
1275 3483 1311 3551 5),
1327 3480 1387 3535 sice
1402 3480 1472 3535 iliud
1494 3483 1576 3547 esset,
1601 3482 1677 3552 quod

71 3583 92 3634 ι,
102 3584 155 3639 per
170 3568 346 3624 sanctissima
369 3585 490 3641 quasque
508 3569 597 3639 jurat.
623 3570 772 3623 Verumta·
826 3567 905 3622 ieriis
919 3573 1021 3640 quarta
1036 3571 1164 3636 etsexta,
1180 3574 1285 3638 prater
1298 3567 1430 3623 Paschaie
1441 3572 1566 3646 tempus,
1586 3584 1677 3621 serra·

71 3670 80 3711 ι
101 3657 126 3711 is
146 3657 293 3712 catholicas
317 3657 528 3712 communionis
542 3657 713 3712 christianus
727 3674 772 3712 re·
826 3657 911 3710 hatur
924 3659 1082 3721 tetsanae,
1097 3656 1155 3711 sive
1165 3654 1324 3711 solemnius
1339 3655 1471 3727 aliquod;
1485 3671 1551 3726 quse
1565 3658 1677 3710 senten·

71 3744 244 3816 uspicionem
258 3751 354 3816 posset
375 3745 451 3814 apud
468 3746 628 3801 Donatislas
643 3745 769 3816 (Pescia,
826 3744 866 3799 tia
880 3743 997 3816 propius
1024 3743 1186 3798 recederes
1214 3743 1307 3798 verbis
1331 3742 1485 3813 Augustini
1498 3742 1620 3798 ridetur.
1643 3745 1677 3798 Et

70 3838 171 3901 coust,
187 3850 210 3888 c.
226 3835 264 3905 4),
275 3850 355 3887 suam
366 3833 421 3887 iliis
432 3833 596 3905 aequitatem
613 3835 771 3906 approbare
825 3831 941 3903 quidem
967 3848 1114 3887 sermones
1140 3832 1201 3903 ejus
1216 3832 1287 3888 duos
1307 3831 1341 3886 de
1358 3831 1468 3902 jejunio
1489 3831 1674 3904 Quinquage-

70 3937 84 3976 ι
109 3923 279 3988 concedens,
305 3938 369 3993 quar
393 3927 422 3977 et
437 3922 511 3993 juris
532 3921 637 3976 limites
656 3927 772 3994 prater·
825 3920 904 3974 sime
943 3919 975 3974 in
1007 3920 1134 3975 iadicem
1163 3919 1261 3975 reluiit
1291 3918 1436 3975 Possidius
1470 3921 1510 3989 (in
1540 3919 1673 3975 indiculo.

71 4015 199 4077 crentur,
215 4016 244 4066 et
270 4010 464 4082 Imperatoris,
492 4011 598 4082 utipse
627 4011 770 4065 fatebatur
824 4023 885 4077 cap.
906 4008 943 4079 u).
967 4009 1020 4062 Per
1034 4008 1064 4063 id
1077 4014 1154 4063 certe
1178 4012 1420 4079 tempnseanctus
1436 4009 1539 4063 Doctor
1562 4007 1675 4063 concio·

72 4137 93 4166 .,
107 4103 177 4153 sent.
192 4102 264 4168 post.
281 4098 396 4168 collat),
412 4098 523 4168 injussu
538 4098 641 4153 fierent
655 4100 768 4168 (Brevis.
823 4112 891 4151 nem
903 4096 937 4151 de
952 4112 1032 4168 pace,
1047 4096 1129 4167 cujus
1142 4097 1256 4151 initium
1269 4101 1311 4151 est
1327 4112 1334 4152 :
1355 4098 1468 4166 Tempus
1483 4102 1522 4150 est
1536 4097 1676 4151 cahanan·

70 4233 73 4241 .
99 4202 160 4256 cap.
176 4187 215 4257 ι),
236 4187 345 4258 Quippe
370 4186 470 4258 recipit
494 4187 642 4257 episcopos
670 4203 770 4242 omnes
823 4186 913 4246 (Serm.
930 4185 1005 4254 357),
1035 4185 1240 4257 pronuntiavit.
1262 4185 1397 4250 Queritur
1416 4185 1446 4239 in
1471 4184 1534 4252 hae,
1557 4184 1674 4238 Donati-

70 4287 92 4340 ι,
114 4272 165 4344 qui
193 4273 228 4328 ad
243 4273 418 4344 colloquium
445 4272 550 4342 vocati,
576 4289 605 4327 se
621 4272 769 4327 adiuturos
823 4277 879 4327 stes
892 4271 1676 4345 queminiensissimospaciacreconciiiutionianimos

70 4359 212 4426 onderint,
246 4358 277 4414 in
298 4361 508 4430 possessionem
531 4359 713 4415 ecclesiarum
738 4378 770 4415 ae
823 4380 884 4434 pree
898 4380 928 4417 se
955 4362 1040 4418 terre.
1057 4363 1215 4418 Catholicos
1240 4364 1276 4419 ud
1291 4378 1402 4435 pacem,
1426 4360 1536 4417 utilios
1551 4360 1587 4414 ad
1612 4376 1676 4415 eam

70 4447 172 4504 unium
188 4464 316 4517 suorum,
334 4449 438 4520 quibus
452 4449 526 4503 forle
537 4447 674 4504 Catholici
682 4449 771 4504 Caesa·
823 4452 936 4506 trahere
950 4451 1070 4523 possint,
1085 4451 1229 4518 hortetur;
1242 4454 1394 4523 rogatque,
1410 4454 1443 4504 ut
1457 4463 1572 4503 omnem
1585 4448 1675 4520 jurgii

70 4541 228 4592 curatorum
244 4537 270 4591 vi
289 4538 462 4603 fruerentur,
476 4539 640 4593 restitutum
651 4538 687 4591 iri
703 4544 769 4592 ante
824 4540 948 4611 rixaeque
963 4555 1028 4594 cum
1044 4539 1186 4594 haereticis
1205 4539 1394 4603 occasionem,
1410 4553 1445 4592 ne
1462 4536 1593 4591 iratiores
1608 4536 1676 4592 inde

70 4625 225 4681 illationem
254 4628 364 4697 (Callai.
381 4628 510 4694 llartlcap.
543 4631 568 4687 i,
585 4642 644 4696 cap.
664 4628 700 4694 5).
730 4629 770 4680 Ac
823 4644 855 4682 ac
871 4627 959 4698 magis
973 4627 1168 4698 implacabiles
1186 4627 1317 4691 evadant,
1340 4640 1452 4679 summa
1467 4623 1616 4694 diligentia
1631 4623 1675 4678 iu-

70 4756 80 4783 ,
108 4716 192 4786 quasi
218 4733 269 4787 per
302 4716 543 4778 intercessionem,
579 4715 643 4769 lites
669 4731 770 4770 omnes
824 4717 911 4786 giant.
933 4719 1010 4772 Nunc
1033 4716 1162 4771 curarcdis
1177 4718 1307 4782 instatur,
1323 4712 1433 4785 inquit;
1449 4715 1478 4767 in
1494 4715 1676 4780 feruoresunt
1718 4746 1726 4755 -

84 4802 214 4859 forenses
236 4805 337 4860 iisdem
372 4805 528 4859 intentatos
552 4804 770 4859 intentandosse
823 4805 895 4861 ccccli
907 4807 1071 4870 sauciorum,
1084 4809 1161 4859 caute
1169 4803 1293 4863 eutrandi.
1308 4804 1454 4871 tuleratque
1464 4801 1602 4856 tractandi
1613 4807 1676 4855 sunl

73 614 179 671 latiora
198 618 269 671 inter
283 619 420 687 episcopos
435 618 584 674 catholicos
598 625 623 674 et
637 622 793 678 Dnmlistas

79 702 271 771 Carthagine:
282 705 360 758 illum
371 705 472 760 indicit
484 708 693 764 Marcellinum
709 710 794 780 Apud

73 793 167 860 σιιιιιιι
183 793 354 860 saumarius
365 795 484 849 instante
498 796 645 851 licitatione
656 801 793 853 concinita-

72 881 192 936 lnsolens
202 883 407 935 Donatistarum
422 885 453 936 in
462 898 522 936 eum
536 884 628 938 urbem
642 887 789 955 ingressus,

73 969 164 1023 radent
182 971 350 1023 nemausi
367 970 476 1025 Onnem
488 972 644 1028 collationis
658 977 791 1030 rectionem

72 1058 226 1128 prescribit
244 1060 427 1113 Marcellinus.
453 1062 469 1113 5
485 1060 642 1116 collationis
657 1063 712 1117 loco
728 1079 790 1118 suos

72 1148 118 1217 qui
131 1152 261 1201 ucnaunt
274 1149 402 1200 intaresse
414 1147 516 1225 uolunt,
531 1164 563 1201 ac
580 1149 789 1218 subscriptiones

87 4890 224 4948 decernit.
240 4895 475 4965 NecnonJ'uratus
488 4893 642 4964 promittit,
662 4892 770 4963 qnsiis-
824 4891 916 4962 lilia,
932 4910 961 4948 n.
985 4893 1022 4964 4).
1041 4894 1137 4948 Monet
1151 4895 1183 4946 ut
1196 4890 1335 4962 quidquid
1349 4890 1392 4946 iili
1406 4894 1448 4945 vel
1464 4895 1563 4945 contra
1578 4889 1675 4943 Eccle-

70 4984 170 5036 utnrus
189 4981 226 5036 sit
246 4982 410 5036 Collationis
424 4982 526 5048 exitus,
551 4981 705 5037 Donatistis
720 4981 770 5052 qui
824 4983 906 5046 siam,
919 4982 1073 5037 velcontra
1088 4979 1217 5034 Ecclesia
1230 4979 1370 5034 antistites
1382 4979 1548 5045 eli'utierint,
1564 4977 1674 5049 patien·

70 5074 105 5138 nt,
121 5070 286 5141 adproprias
300 5070 554 5126 reditumomnino
570 5071 768 5124 liberumiore.
822 5071 988 5125 terserunt:
1005 5071 1097 5125 Deum
1109 5072 1219 5124 tantum
1235 5067 1304 5122 lusis
1319 5084 1371 5139 pro
1381 5067 1499 5123 iliorum
1509 5067 1601 5120 salute
1611 5080 1675 5135 pre·

70 5158 132 5230 uod
155 5159 280 5214 maxinte
304 5160 424 5225 mireris,
454 5176 526 5228 sese,
550 5159 691 5231 siquidem
713 5159 771 5213 iliis
824 5159 904 5213 ethus
919 5159 1116 5230 alloquantur;
1132 5158 1178 5212 cui
1193 5157 1219 5213 ei
1235 5157 1371 5228 temporis
1385 5151 1675 5228 hujuscejejaniaol-

77 5253 240 5319 suspectus,
261 5254 394 5318 paralum
413 5247 548 5313 ostendit,
564 5248 721 5319 quemlihet
735 5264 769 5302 ex
824 5249 926 5314 ierant,
941 5262 1006 5301 cum
1016 5263 1068 5317 pro
1083 5245 1269 5301 schismaticis
1282 5246 1316 5301 ad
1330 5243 1562 5300 communionem
1575 5239 1674 5294 eutho-

69 5335 333 5407 annuissemus
348 5341 397 5392 aut
410 5337 495 5392 etiam
507 5336 662 5408 superioris
675 5336 768 5406 digni·
824 5337 909 5391 licam
924 5335 1099 5404 revocandis,
1115 5340 1178 5390 tum
1197 5335 1283 5390 etiam
1304 5351 1357 5406 pro
1376 5331 1526 5404 episcopis,
1541 5346 1558 5384 a
1571 5327 1676 5399 quibus

69 5442 111 5481 too
123 5425 230 5496 judicio
245 5426 382 5491 collegam
404 5425 566 5480 admittere.
580 5427 687 5480 ilienses
701 5440 770 5495 quu-
825 5422 1035 5495 propugnanda
1055 5428 1128 5478 esset
1150 5422 1276 5478 Ecclesia
1296 5439 1389 5485 causa,
1411 5434 1508 5491 preces
1529 5431 1595 5469 vero
1611 5432 1675 5469 snas
