3884 6112
97 200 165 270 stes
730 205 776 260 uu
795 202 943 271 astruet,
964 202 992 258 s.
1013 199 1206 259 luousruu
1799 201 1861 254 rias

94 354 162 395 nem
174 352 240 410 quoe
256 350 301 390 ars
315 331 443 388 dicitur?
456 344 493 384 an
507 327 574 384 huie
586 330 687 383 saltem
693 327 741 383 ille
751 327 943 399 interrogator
995 330 1093 381 tamen
1103 327 1210 397 quanto
1224 322 1321 379 minus
1332 323 1451 394 pulchra
1465 323 1526 377 sint
1540 337 1638 394 quam
1652 321 1705 376 illa
1720 337 1790 394 qnae
1803 323 1862 393 plu·

91 443 140 482 eos
156 425 302 480 dabitil).
318 422 357 476 lio
371 419 457 475 modo
484 417 571 473 etiam
600 417 686 472 istum
714 416 837 471 arbitror
864 415 941 487 apud
996 414 1075 470 ribus
1089 415 1211 485 placent.
1231 414 1300 467 Nam
1317 429 1351 467 ea
1372 412 1520 467 neminem
1545 426 1652 466 amare
1675 410 1861 468 manifestam

92 513 280 584 semetipsum
300 525 395 581 agere,
416 513 449 562 ut
472 523 505 562 ea
534 522 598 578 quae
627 506 853 577 interrogautur,
875 520 941 559 vera
995 507 1038 558 est
1052 501 1315 574 qnorumloeditate
1328 517 1426 555 sensus
1443 500 1619 555 offenditur.
1637 502 1672 554 D.
1694 501 1741 554 lta
1759 503 1812 561 est,
1835 507 1862 556 at

92 618 154 658 esse
169 599 311 671 intelligat
321 602 406 669 atque
420 595 602 666 respondeat.
996 591 1076 648 dicis.
1092 593 1132 647 Μ.
1154 593 1218 646 llaec
1233 590 1322 660 igitur
1333 590 1455 660 pulchra
1470 605 1598 643 numero
1610 589 1748 660 placent,
1765 589 1797 642 in
1811 605 1862 660 que

130 693 173 746 36.
191 691 228 745 Μ.
242 690 312 758 Age,
325 688 409 755 [nnnc
434 683 478 738 dic
506 682 576 737 mihi
596 686 693 737 utrum
717 682 748 736 hi
770 681 884 737 numeri
906 682 941 736 de
991 677 1052 749 jam
1066 677 1244 732 ostendimus
1258 677 1451 749 aequalitatem
1479 676 1593 749 appeti.
1630 678 1700 731 Non
1716 677 1798 731 enim
1815 678 1862 732 hoc

92 776 249 851 quibussic
263 774 414 846 quaritur,
430 770 646 826 commutabiles
674 787 734 825 esse
752 771 804 825 tibi
822 769 940 825 videau-
995 769 1104 821 mutum
1128 765 1205 822 inea
1231 765 1444 837 pulchritudine
1463 765 1580 837 qnaead
1611 781 1705 820 aures
1730 766 1861 837 pertinet,

92 869 149 920 tur.
163 868 198 919 l).
217 863 300 917 Nullo
315 861 411 915 modo.
427 861 463 915 Μ.
478 860 550 930 Ergo
561 863 682 913 atomos
696 874 756 913 esse
771 874 829 913 non
842 873 938 929 negas.
994 859 1080 927 atque
1092 854 1122 908 in
1136 859 1218 910 motu
1233 870 1385 926 corporum
1413 861 1464 923 est,
1490 854 1659 921 invenitur,
1679 855 1735 908 sed
1750 855 1780 910 in
1800 855 1862 926 ipsis

92 955 124 1008 il.
142 953 201 1006 lmo
217 951 319 1005 fateor.
334 947 576 1013 ll.Quid‘?metus
589 946 638 1001 ille
650 963 709 1002 non
723 945 839 1013 suberit,
849 961 885 1000 ne
895 944 943 999 ali-
995 943 1081 997 etiam
1094 943 1252 999 visibilibus
1261 943 1370 1008 formis,
1387 943 1534 1014 inquibus
1549 944 1619 1015 jam
1635 942 1783 998 usitatius
1802 943 1862 998 dici·

93 1056 151 1112 qua
165 1055 223 1092 non
237 1038 268 1092 in
285 1036 326 1091 eis
338 1035 518 1107 inaequalitas
530 1034 675 1091 fallat¹?D.
688 1034 762 1089 Nihil
771 1033 940 1089 meomnino
996 1031 1241 1103 tnrpulehritudo.
1257 1035 1301 1086 An
1316 1031 1394 1086 aliud
1409 1047 1494 1103 quam
1506 1031 1721 1104 aequalitatem
1736 1047 1861 1086 numero

8 1184 10 1188 ,
93 1126 318 1182 estdeistorum
333 1123 497 1197 aequalitate
512 1122 645 1178 securius.
656 1124 696 1178 Μ.
711 1123 790 1178 Unde
804 1138 872 1194 ergo
884 1138 942 1176 cre·
995 1135 1056 1174 sam
1070 1135 1129 1175 esse
1145 1119 1303 1188 arbitraris,
1321 1136 1386 1174 eum
1402 1119 1483 1190 paria
1498 1119 1625 1190 paribus
1643 1120 1723 1174 bina
1737 1120 1861 1175 membra

93 1215 220 1270 dendum
235 1219 279 1268 est
293 1214 398 1267 animae
408 1212 726 1282 tribuiquodseternum
737 1215 779 1266 est
794 1211 941 1267 etincom·
994 1208 1192 1279 respondent:
1208 1224 1273 1279 qnae
1288 1213 1383 1262 autem
1399 1208 1513 1279 singula
1521 1212 1605 1275 sunt,
1619 1209 1761 1263 medinm
1773 1210 1860 1264 locum

92 1303 240 1370 mutabile,
258 1301 313 1356 nisi
324 1301 359 1355 ab
373 1316 430 1354 uno
443 1305 550 1355 aeterno
564 1300 841 1371 etssmcommutabili
861 1299 941 1354 lieoi
995 1300 1102 1360 tenent,
1118 1296 1247 1351 utadea
1272 1298 1305 1351 de
1334 1301 1455 1368 utraque
1484 1301 1568 1369 parte
1594 1296 1687 1368 paria
1716 1296 1860 1351 intervalla

91 1394 125 1447 D.
141 1391 203 1446 lion
218 1390 299 1444 video
315 1388 385 1460 quid
400 1388 565 1443 aliudcredi
580 1391 719 1459 oporteat.
735 1390 771 1443 M.
788 1387 861 1452 Quid
876 1392 940 1442 tan·
994 1387 1166 1440 serventur?
1180 1388 1213 1441 D.
1229 1386 1291 1439 Non
1302 1385 1385 1440 aliter
1398 1391 1481 1456 puto.
1498 1389 1535 1441 Μ.
1557 1386 1638 1450 Quid
1667 1385 1703 1439 in
1718 1385 1785 1457 ipsa
1807 1386 1860 1440 lnce

92 1477 157 1534 dem
168 1479 182 1533 ‘l
195 1476 266 1532 illud
282 1492 378 1530 nonne
392 1475 578 1531 manifestum
602 1479 656 1543 est,
676 1492 742 1530 eom
757 1476 807 1547 qui
821 1475 876 1530 alio
892 1475 940 1529 in·
994 1473 1100 1528 risibili
1112 1473 1445 1546 quaomniumcolorum
1459 1473 1547 1529 habet
1562 1473 1790 1546 principatum,
1801 1490 1859 1529 nam

93 1570 257 1637 terrogante
279 1580 339 1619 sese
367 1564 444 1618 intus
472 1564 507 1618 ad
534 1567 624 1619 Deum
650 1568 754 1631 moret,
785 1568 817 1618 ut
840 1578 940 1618 verum
994 1567 1023 1618 et
1041 1563 1121 1618 color
1140 1561 1367 1618 nosdeleotatin
1383 1578 1537 1633 corporum
1567 1563 1697 1630 formis3
1713 1563 1786 1634 qnid
1801 1579 1858 1634 ergo

93 1651 326 1707 incommutabile
340 1651 500 1722 intelligat,
516 1651 571 1706 nisi
581 1652 715 1707 eumdem
730 1657 841 1707 motum
856 1667 940 1706 suum

93 1742 233 1796 memoria
247 1745 351 1809 teneat,
366 1756 425 1794 non
445 1756 526 1811 posse
553 1741 589 1795 ad
614 1739 784 1795 intuendum
808 1740 879 1795 illud
891 1756 939 1794 ve·

91 1845 168 1897 rum,
186 1831 264 1884 nullo
278 1828 452 1884 extrinsecus
469 1829 640 1884 admonente
667 1829 817 1885 revocarit
840 1832 872 1884 li.
888 1829 940 1884 lda-

92 1917 228 1973 nifestum
243 1923 293 1972 est.

92 2040 205 2096 CAPUT
218 2042 289 2096 lllll.
305 2072 340 2082 —
362 2043 479 2098 Animus
501 2042 572 2097 unde
588 2045 664 2112 pltat
677 2060 695 2098 a
708 2044 822 2098 ueritate
835 2044 938 2097 iucom-

370 2130 497 2185 mutabiti
508 2135 657 2186 avertatur.

127 2248 170 2301 37.
186 2246 224 2301 Μ.
239 2244 341 2309 Quaero
355 2260 422 2316 ergo
446 2261 573 2317 quonam
598 2245 651 2302 iste
679 2246 715 2301 ab
739 2246 939 2317 hujuscemodi

90 2348 188 2388 rerum
201 2332 441 2404 contemplatione
454 2333 593 2402 discedat,
608 2338 641 2389 ut
655 2334 743 2389 alium
758 2335 794 2389 ad
810 2351 873 2391 eam
887 2351 938 2390 ne·

91 2437 167 2476 cesse
183 2420 220 2475 sit
234 2420 373 2475 memoria
384 2421 520 2477 revocari.
532 2424 576 2476 Au
589 2422 663 2477 forte
682 2421 712 2476 in
727 2421 798 2477 illud
813 2422 939 2478 intentus

91 2511 205 2565 animus
218 2510 268 2565 tali
280 2510 373 2565 reditu
387 2510 516 2582 indigere
531 2513 675 2583 putandus
690 2513 751 2566 est‘l
773 2515 805 2567 D.
822 2511 867 2567 Sic
880 2512 938 2567 exi-

91 2598 184 2653 stimo.
203 2600 241 2654 Μ.
257 2598 420 2667 Videamus,
437 2599 461 2653 si
476 2600 578 2670 placet,
594 2599 662 2672 qnid
678 2602 791 2655 tautum
804 2599 877 2656 illud
902 2601 940 2656 sit

90 2702 148 2758 quo
163 2686 388 2758 possitssintendi,
417 2691 448 2741 ut
467 2688 502 2741 ab
518 2687 761 2743 incommutabilis
776 2692 804 2743 et
819 2704 939 2743 summae

92 2775 262 2847 aequalitatis
275 2775 518 2847 contemplatione
532 2780 686 2831 avertatur.
703 2777 774 2832 Nem
789 2777 881 2832 tribus
892 2794 939 2849 ge·

89 2863 206 2920 neribus
221 2864 342 2936 amplius
356 2864 428 2920 nihil
443 2865 536 2920 rideo.
551 2867 609 2920 Aut
620 2864 699 2920 eninr
709 2866 747 2920 ad
761 2865 870 2937 aliquid
886 2881 939 2937 par

89 2957 175 3025 atque
189 2954 225 3008 ad
237 2953 377 3022 ejusmodi
386 2954 464 3008 aliud
479 2971 508 3008 se
523 2955 647 3009 intendit
657 2955 780 3023 animus,
793 2972 858 3010 cum
868 2955 936 3011 hine

90 3042 237 3108 avertitur,
253 3045 303 3095 aut
317 3042 352 3096 ad
366 3041 507 3113 superius,
524 3046 574 3097 aut
588 3043 624 3097 ad
638 3042 767 3099 inferius.
782 3046 815 3099 b.
829 3045 868 3098 be
886 3060 938 3099 cae-

89 3129 159 3184 teris
175 3127 286 3183 duobus
300 3129 488 3198 quarendum
502 3133 546 3184 est
562 3146 568 3184 :
584 3130 735 3201 namquid
755 3130 791 3185 sit
805 3132 938 3202 superius

90 3222 197 3272 aeterna
209 3216 371 3287 aequalitate
388 3232 447 3270 non
461 3216 553 3272 rideo
569 3220 607 3274 Μ.
623 3217 742 3273 Videsne
770 3219 842 3273 illud
855 3220 937 3275 obse·

90 3318 149 3369 cro,
175 3302 311 3373 quidnam
325 3303 352 3358 ei
376 3319 428 3375 par
442 3320 503 3359 esse
528 3305 629 3376 possit,
657 3306 734 3376 quod
749 3310 846 3362 tamur
859 3308 937 3363 alind

89 3390 145 3446 sit?
159 3394 195 3447 D.
213 3391 254 3446 Ne
268 3391 295 3445 id
311 3391 428 3463 quidem
442 3392 533 3449 rideo.
549 3397 587 3450 Μ.
608 3395 702 3450 llestat
718 3411 786 3467 ergo
801 3400 833 3450 ut
858 3412 935 3468 qum·

89 3494 196 3547 ramus,
213 3479 281 3551 quid
297 3480 332 3534 sit
353 3480 482 3538 interius.
508 3481 564 3538 Sed
578 3498 675 3538 nonne
697 3483 750 3538 tibi
771 3483 851 3555 prius
875 3485 938 3555 ipsa

89 3566 398 3640 auimaoceurrit,quoe
410 3571 687 3643 cemeaequalitatem
695 3571 938 3629 illamincornmu·

88 3654 205 3711 tobilem
216 3672 276 3711 esse
291 3657 452 3723 confitetur,
469 3674 499 3713 se
514 3662 609 3714 antem
624 3660 753 3731 agnoscit
772 3661 877 3716 mutari
902 3676 937 3716 eo

88 3741 150 3814 ipso
165 3742 413 3815 quodaliasbanc,
426 3744 714 3801 aliosaliudintuetar
725 3766 733 3813 ;
746 3751 773 3801 et
787 3748 842 3802 hoc
853 3749 937 3803 modo

89 3831 166 3886 aliud
182 3834 266 3902 atque
275 3831 353 3885 aliud
365 3848 486 3902 sequens
497 3833 665 3888 varietatem
679 3836 817 3905 temporis
833 3853 937 3907 opera-

88 3922 146 3987 tur,
162 3933 228 3988 quse
242 3917 272 3972 in
283 3919 397 3972 aeternis
410 3919 723 3977 etincemmntebilibus
739 3923 818 3978 nulla
831 3926 892 3979 est?
902 3928 934 3980 D.

87 4005 246 4061 Assentior.
273 4007 310 4061 Μ.
326 4007 392 4060 ttae
407 4005 496 4078 igitur
510 4007 620 4063 allectio
635 4008 738 4064 animae
765 4012 808 4066 rel
831 4016 935 4078 motus,

88 4110 147 4167 quo
162 4092 298 4165 intelligit
312 4098 430 4163 aeterna,
446 4098 475 4151 et
484 4095 529 4151 his
543 4096 748 4153 interioracsse
755 4101 935 4172 temporalia,

88 4182 176 4239 etiam
189 4182 220 4237 in
233 4182 345 4253 seipsa3
362 4187 391 4239 et
404 4183 466 4238 hoec
479 4184 643 4256 appetenda
656 4185 752 4257 potius
767 4203 832 4260 quas
855 4204 937 4260 supe-

88 4272 163 4328 riora
178 4275 255 4339 sunt,
269 4288 356 4344 qnam
371 4271 494 4344 illaquae
509 4273 647 4329 interiora
661 4281 729 4330 sunt
742 4275 937 4334 novit2nonne

26 4396 29 4399 -
87 4360 141 4417 tibi
151 4360 306 4432 prudentia
319 4361 457 4416 videtur?
471 4364 503 4416 u.
517 4361 592 4417 Nihil
608 4363 686 4418 aliud
696 4364 816 4421 videtur.

123 4452 166 4505 ³8.
182 4450 225 4505 M.
241 4448 314 4514 Quid
329 4449 401 4504 illud
412 4452 427 4505 ‘t
440 4465 510 4505 num
525 4450 620 4506 minus
634 4453 872 4511 considerandum
883 4472 936 4528 pu·

87 4539 131 4590 tas
143 4537 220 4608 quod
239 4538 368 4593 nondum
384 4538 414 4593 in
428 4554 462 4594 ea
474 4539 559 4594 simul
584 4544 627 4595 est
649 4541 763 4596 cateruis
784 4543 936 4614 inherere,

87 4639 153 4678 cum
166 4625 226 4695 jam
240 4627 270 4681 in
280 4644 314 4681 ea
328 4628 365 4682 sit
378 4644 461 4684 nosse
475 4628 520 4684 his
535 4644 595 4683 esse
604 4628 862 4688 inhaerendumtD.
875 4635 936 4688 lmo

86 4711 211 4766 maxime
226 4717 258 4769 ut
273 4714 302 4769 id
313 4716 525 4772 consideremus
541 4720 618 4787 peto,
631 4717 936 4777 etundeaccidatseire

88 4798 236 4871 capiuli.
254 4802 346 4857 Facile
361 4802 391 4859 id
405 4804 522 4869 ridebis,
540 4804 564 4860 si
586 4804 819 4862 animadverteris
833 4808 936 4879 quibus

86 4888 172 4944 rebus
185 4889 309 4944 maxime
325 4890 455 4946 animum
481 4894 624 4949 soleamus
651 4893 810 4960 intendere,
833 4898 862 4949 et
876 4910 936 4948 ma-

87 4992 175 5049 gnam
195 4993 293 5033 curam
317 4978 473 5034 exhibere:
490 4997 558 5035 nam
577 4998 625 5036 eas
652 4982 756 5053 opinor
783 4998 845 5037 esse
865 4999 937 5053 quas

88 5066 211 5120 multum
237 5074 369 5120 amamus
382 5081 389 5120 :
404 5082 441 5120 an
468 5069 497 5121 tn
524 5068 594 5124 alias
617 5069 767 5141 opinaris?
789 5073 823 5125 D.
840 5069 938 5124 Nullas

88 5154 223 5226 equidem
236 5153 314 5209 alias.
327 5155 364 5209 Μ.
382 5153 440 5220 Dic,
456 5170 507 5210 oro
521 5161 561 5226 te,
575 5173 643 5212 num
668 5174 819 5231 possumus
842 5173 938 5213 amare

90 5242 145 5298 nisi
160 5244 303 5316 pulchra?
317 5243 389 5298 llam
403 5242 456 5297 etsi
466 5244 582 5315 quidam
593 5245 831 5302 videnturamare
842 5247 936 5301 delor-

90 5333 160 5403 mia,
180 5350 252 5406 quos
274 5333 359 5406 vulgo
385 5333 475 5388 Graeci
500 5334 661 5398 cooperabor<
687 5341 796 5402 vocant,
820 5335 938 5390 interest

121 5457 129 5490 ¹
144 5455 206 5507 Lar.
216 5473 222 5506 :
233 5458 322 5509 Nesia
331 5457 371 5509 eis
380 5455 612 5521 equalitassatlat.
619 5456 935 5522 sacramentariorum.

994 1650 1071 1705 aliud
1087 1651 1117 1706 in
1132 1651 1233 1706 lueeet
1252 1650 1405 1719 coloribus,
1435 1651 1491 1705 nisi
1520 1651 1602 1722 quod
1633 1651 1753 1706 nostris
1780 1652 1857 1705 oeulis

993 1740 1134 1810 congruit,
1152 1739 1338 1813 appetimus?
1351 1740 1460 1795 Etenim
1477 1756 1493 1794 a
1508 1739 1603 1794 nimio
1616 1741 1744 1812 fulgore
1756 1757 1856 1795 aversa-

993 1843 1068 1895 mur,
1084 1832 1112 1883 et
1125 1829 1212 1883 nimis
1231 1828 1350 1883 obscura
1362 1828 1497 1883 nolumus
1516 1844 1656 1896 cernere,
1685 1829 1765 1883 sicut
1781 1830 1854 1884 etiam

993 1915 1025 1970 in
1040 1916 1115 1971 sonis
1128 1922 1157 1972 et
1171 1934 1186 1971 a
1200 1917 1323 1972 nimium
1336 1917 1503 1971 sonantibus
1517 1917 1737 1986 abhorremus,
1749 1924 1778 1973 et
1785 1920 1854 1991 quasi

993 2004 1171 2059 susurrantia
1185 2021 1243 2060 nen
1258 2020 1397 2059 amamus.
1410 2004 1492 2069 Quod
1506 2021 1568 2059 non
1583 2005 1616 2059 in
1630 2009 1810 2077 temporum
1823 2006 1854 2060 in

992 2092 1117 2147 tervallis
1132 2094 1246 2162 est-sed
1263 2092 1365 2164 inipso
1376 2109 1457 2162 sono,
1469 2091 1519 2164 qui
1530 2094 1618 2165 quasi
1628 2095 1684 2150 lux
1701 2100 1747 2150 est
1761 2096 1853 2150 talium

992 2196 1191 2248 numerorum,
1202 2182 1248 2236 cui
1261 2181 1300 2236 sic
1315 2185 1357 2237 est
1383 2182 1559 2237 contrarium
1582 2182 1756 2250 silentium,
1774 2190 1805 2239 nt
1816 2201 1854 2239 co

993 2269 1103 2325 loribus
1115 2271 1253 2325 tenebra.
1269 2271 1303 2325 In
1328 2269 1373 2324 his
1388 2286 1455 2342 ergo
1469 2287 1535 2325 cum
1562 2272 1743 2344 appetimus
1757 2290 1853 2328 conre-

993 2357 1103 2413 nientia
1123 2375 1177 2429 pro
1193 2363 1304 2414 naturae
1330 2364 1435 2413 nostrae
1459 2359 1559 2430 modo,
1574 2364 1604 2414 et
1619 2360 1854 2417 inconvenientia

992 2447 1167 2516 respuimus,
1181 2463 1246 2518 quie
1255 2446 1318 2501 aliis
1327 2450 1424 2501 tanmn
1433 2447 1608 2502 animalibus
1625 2449 1853 2505 conveniresen-

993 2533 1091 2600 timus,
1105 2549 1202 2588 nonne
1216 2534 1263 2589 bie
1282 2535 1369 2589 etiam
1384 2535 1510 2606 quodam
1531 2536 1719 2607 aequelitatis
1730 2539 1798 2608 jure
1810 2539 1852 2591 la·

992 2626 1097 2690 tamm,
1110 2638 1177 2676 oum
1191 2622 1393 2677 occultioribus
1408 2623 1500 2678 modis
1513 2623 1598 2694 paria
1607 2625 1740 2695 paribus
1753 2626 1852 2680 tributa

992 2725 1053 2765 esse
1066 2709 1289 2782 cognoscimus?
1304 2712 1363 2765 lloc
1376 2710 1405 2765 in
1421 2710 1559 2766 odoribus
1585 2717 1616 2766 et
1645 2713 1678 2767 in
1697 2715 1851 2786 saporibus,

992 2803 1021 2854 et
1033 2798 1064 2854 in
1078 2799 1216 2870 tangendi
1229 2815 1312 2854 sensu
1328 2800 1639 2869 animadverterelicet,
1653 2819 1724 2874 qnae
1739 2804 1852 2874 longum

991 2892 1033 2943 est
1048 2888 1223 2942 enucleatius
1236 2887 1380 2961 persequi,
1396 2888 1444 2943 sed
1472 2889 1627 2959 explorare
1652 2891 1848 2957 facillimam,

991 2975 1065 3030 nihil
1078 2975 1157 3031 enim
1170 2981 1213 3030 est
1235 2977 1340 3032 horum
1356 2976 1545 3046 sensibilium,
1576 2979 1662 3049 quod
1687 2980 1775 3036 nobis
1800 2996 1850 3034 non

993 3065 1158 3138 equalitate
1171 3069 1220 3120 aut
1228 3065 1415 3120 similitudine
1430 3065 1550 3136 placeat.
1569 3064 1626 3121 Ubi
1640 3072 1747 3123 autem
1762 3085 1849 3140 aqua·

991 3153 1056 3208 litas
1068 3157 1116 3208 ant
1131 3153 1299 3221 similitudo,
1314 3153 1354 3208 ibi
1364 3154 1576 3221 numerositas;
1593 3155 1675 3211 nihil
1691 3163 1739 3212 est
1749 3157 1848 3230 quippe

990 3247 1051 3297 tam
1066 3241 1176 3313 ecquale
1193 3241 1339 3296 autsimilc
1354 3258 1442 3313 quam
1453 3243 1847 3317 unumsetunumznisiqiit

992 3329 1080 3385 babes
1094 3329 1129 3385 ad
1142 3329 1212 3384 haec.
1229 3333 1262 3384 D.
1283 3329 1406 3384 Omnino
1421 3329 1574 3384 assentior.

1028 3421 1071 3473 39.
1087 3418 1130 3472 Μ.
1146 3417 1582 3489 Ouid?superiorillatractatio
1592 3435 1698 3475 nonne
1713 3419 1847 3493 persuasit

991 3503 1075 3559 nobis
1094 3518 1179 3576 agere
1193 3505 1254 3559 lraee
1268 3505 1393 3560 animam
1409 3505 1439 3559 in
1454 3506 1637 3577 corporibus,
1655 3525 1718 3564 non
1732 3525 1846 3579 acorpo·

991 3593 1071 3648 ribos
1085 3593 1167 3665 pati?
1181 3597 1213 3649 D.
1231 3584 1374 3649 Persuasit
1390 3610 1466 3649 sane.
1481 3596 1521 3650 M.
1536 3597 1631 3650 Amor
1646 3596 1846 3670 igitnragendi

991 3684 1124 3739 adversus
1140 3684 1321 3739 succedentes
1349 3682 1495 3755 passiones
1513 3684 1649 3754 corporis
1679 3687 1737 3752 sui,
1755 3687 1845 3742 avertit

991 3771 1119 3827 animam
1134 3789 1151 3827 a
1167 3773 1407 3843 contemplatione
1433 3777 1622 3841 aeternorum,
1641 3775 1793 3830 sensibilis
1805 3791 1845 3828 ro

992 3860 1110 3932 luptatis
1133 3861 1278 3938 cura-ejus
1301 3877 1421 3915 avocans
1448 3860 1668 3917 intentionem:
1685 3864 1745 3919 hoe
1760 3869 1844 3918 auten

991 3949 1052 4021 agit
1065 3948 1265 4005 occursoribus
1293 3949 1430 4004 numeris.
1458 3949 1567 4004 Avertit
1597 3951 1693 4006 etiarn
1725 3953 1845 4008 amorde

990 4038 1157 4109 corporibus
1176 4039 1368 4114 operandi,et
1383 4037 1543 4110 inquietam
1565 4039 1637 4096 lacit
1655 4059 1663 4096 :
1679 4042 1740 4097 lroc
1760 4049 1844 4098 antem

990 4127 1049 4198 agit
1062 4127 1298 4199 progressoribus
1312 4127 1450 4182 numeris.
1470 4129 1616 4184 Avertunt
1631 4131 1799 4201 phantasia
1811 4137 1844 4185 at·

991 4231 1047 4287 que
1059 4215 1309 4287 phantasmataxet
1323 4216 1385 4270 haec
1399 4219 1457 4287 agit
1470 4216 1842 4275 recordabilibnsuumeris.

989 4303 1100 4359 Avertit
1118 4303 1244 4376 deniqne
1257 4319 1340 4358 amor
1360 4303 1523 4358 vanissima·
1545 4305 1733 4374 cognitionis
1754 4308 1844 4362 talium

990 4407 1088 4447 rernm
1104 4408 1111 4446 ε
1130 4396 1158 4446 et
1167 4391 1222 4446 hoe
1239 4393 1299 4463 ugit
1311 4391 1492 4447 sensualibus
1504 4394 1651 4463 numeris,
1673 4396 1783 4468 quibus
1805 4396 1843 4449 in·

990 4484 1057 4536 sunt
1071 4480 1153 4552 quasi
1169 4482 1277 4552 regulae
1287 4481 1419 4552 quaedam
1430 4480 1841 4556 antisimitationegaudentes

989 4573 1018 4625 et
1033 4586 1066 4625 ex
1081 4570 1126 4625 bis
1135 4569 1283 4625 curiositas
1298 4569 1493 4640 nascituripso
1507 4585 1584 4625 cursa
1597 4573 1843 4629 nomineinimiea

989 4656 1147 4724 securitati,
1163 4661 1192 4712 et
1203 4657 1328 4713 vanitate
1341 4657 1434 4729 impos
1449 4657 1575 4713 veritatis
1590 4661 1617 4715 ¹.

1025 4747 1070 4799 40.
1096 4745 1243 4800 Generalis
1273 4762 1339 4799 vero
1366 4762 1448 4801 amor
1475 4745 1607 4808 actionis,
1624 4765 1694 4820 qum
1719 4749 1843 4806 avertite

989 4848 1068 4900 vero,
1086 4833 1249 4905 asaperbie
1261 4834 1462 4906 proficiscitur,
1474 4834 1611 4906 quovitio
1624 4838 1722 4893 Deum
1734 4836 1843 4903 imitari,

990 4938 1078 4993 quam
1091 4923 1148 4977 lieo
1163 4921 1270 4978 servire
1297 4922 1394 4978 anima
1422 4922 1531 4977 maluit
1561 4923 1652 4979 Recte
1669 4923 1842 4998 itaqueseri·

990 5015 1073 5082 ptum
1087 5015 1129 5065 est
1143 5011 1172 5065 in
1187 5010 1292 5065 sanctis
1306 5010 1398 5066 Libris
1415 5027 1421 5064 ε
1441 5012 1561 5066 Initium
1582 5014 1727 5083 superbia
1739 5014 1842 5070 Amisit

990 5103 1147 5167 apostatare
1158 5116 1176 5153 a
1189 5099 1264 5167 Deo3
1280 5104 1319 5165 et,
1334 5101 1447 5154 Initium
1470 5102 1557 5155 omnis
1579 5106 1693 5170 peccati
1713 5103 1839 5174 superbiis

991 5186 1054 5240 Non
1068 5187 1163 5257 potuit
1178 5191 1276 5242 autem
1290 5187 1394 5242 melius
1406 5187 1599 5243 demonstrari
1609 5190 1684 5261 qnid
1699 5191 1738 5246 sit
1750 5203 1839 5262 super·

990 5273 1048 5342 hia,
1064 5292 1151 5346 quam
1167 5276 1198 5330 in
1212 5292 1246 5330 eo
1260 5276 1339 5348 qued
1365 5275 1406 5330 ibi
1420 5276 1529 5330 dietum
1543 5283 1587 5331 est
1605 5294 1612 5331 :
1630 5279 1708 5344 Quid
1730 5279 1839 5350 superbit

1022 5398 1083 5448 ¹Sie
1094 5398 1215 5449 meliores
1222 5400 1283 5448 Mss.
1292 5399 1387 5448 AtAm.
1395 5399 1468 5449 etEr.
1475 5398 1582 5449 habent:
1593 5401 1837 5462 ressurectionis

991 5462 1172 5526 veritatisque.
1184 5461 1417 5512 Lov.:13tvaaitas
1429 5463 1556 5525 opposita
1567 5464 1691 5515 mutae.
