3884 6112
69 314 139 369 4466
808 317 924 401 44441444
934 317 1083 379 saxulis.
1346 299 1355 309 ’
1752 336 1820 390 4466

67 448 130 487 6666
144 447 239 504 posse,
252 446 377 503 quorum
390 447 480 488 66664
495 433 526 490 46
541 450 611 491 6666
626 440 679 504 664,
691 436 814 494 64464646
827 439 858 495 46
873 456 921 496 au·
975 443 1038 499 deo.
1050 445 1093 499 M.
1105 444 1168 499 Non
1183 443 1295 501 4646466
1310 450 1431 502 4664664.
1448 448 1510 504 Ν66
1527 449 1603 506 66446
1628 451 1701 508 64664
1714 457 1822 512 aterna

69 520 178 588 diente,
194 522 310 592 quando
334 520 424 576 audit.
446 521 500 577 Sed
523 527 620 578 utrum
635 524 777 593 existeret,
797 527 853 582 nisi
869 529 919 585 ad·
974 532 1192 603 temporalibus,
1207 531 1248 588 446
1266 548 1299 588 66
1319 549 1384 606 44664
1398 535 1506 591 diutius
1520 538 1681 608 abolentur,
1705 541 1740 596 446
1755 558 1820 614 44646

10 697 12 701 ,
62 608 338 679 juvantememoria,
354 609 520 681 querimus.
537 611 706 683 Quanquam
722 613 745 667 64
759 615 919 671 animabus
973 617 1105 674 44644646
1119 624 1249 692 tempore
1269 625 1428 691 transeunt,
1447 625 1626 696 praeferenda
1645 633 1721 685 6664.
1748 630 1821 695 Quia

10 755 12 790 Ι
64 713 205 753 66466466
222 697 290 769 6344,
317 713 391 768 quos
416 697 446 752 in
473 715 609 754 venarum
636 702 722 772 pulsu
744 701 917 772 invenimus,
973 706 1118 761 6466444466
1131 708 1218 763 66466
1240 708 1298 764 4464
1311 710 1439 782 profecto
1452 720 1494 768 664
1507 714 1618 784 melior,
1635 733 1721 789 quam
1744 719 1819 774 mul·

66 785 162 841 soluta
181 785 301 858 quaestio
326 789 382 841 est:
398 802 467 840 nam
491 787 571 843 6446
595 788 762 859 operatione
783 790 836 846 hos
857 807 918 848 6666
972 797 1069 849 464664
1096 795 1208 851 4464664
1228 796 1419 858 imbecillitas.
1443 802 1521 856 Etsi
1545 804 1668 874 optanda
1688 806 1820 878 optandis

10 879 12 948 ζ
65 873 254 930 manifestum
268 880 321 944 est,
337 879 366 929 et
377 874 450 930 nihil
464 876 499 931 ad
515 893 563 932 666
585 877 752 949 adjuramur
765 881 915 936 memoria.
972 897 1180 955 comparemus,
1192 884 1296 941 melior
1310 890 1354 942 664
1373 890 1458 944 66466
1472 889 1529 945 diei
1543 891 1637 959 lectio,
1653 908 1739 964 quam
1753 896 1820 966 plu·

64 963 149 1029 Quod
164 962 188 1018 si
203 964 238 1019 de
253 962 298 1017 his
310 963 451 1019 incertum
471 969 523 1032 est,
539 968 636 1022 utrum
649 967 794 1039 operantis
812 968 917 1024 anirnae
973 969 1046 1026 rium
1071 973 1198 1045 scriptio,
1218 973 1243 1028 si
1268 975 1368 1031 eedem
1393 992 1440 1033 466
1463 994 1522 1033 666
1546 978 1603 1035 4464
1615 981 1738 1052 4636464,
1753 998 1819 1054 qnae

63 1051 144 1117 sint;
172 1052 208 1108 de
227 1051 289 1108 istis
307 1057 383 1107 certe
408 1069 480 1124 44666
507 1053 651 1125 reciproco
675 1055 778 1127 spiritu
792 1055 915 1128 agimus,
970 1056 1102 1127 pluribus
1116 1059 1259 1115 scribitur.
1272 1062 1314 1116 446
1327 1063 1441 1118 4444444644
1454 1065 1505 1136 qui
1526 1071 1592 1122 sunt
1615 1066 1646 1121 in
1667 1069 1818 1137 memoria,

64 1140 142 1197 446114
154 1140 274 1196 4644664
285 1140 416 1211 66444646
428 1145 456 1196 64
470 1142 931 1213 temporumintervallisnnmeri··
971 1145 1023 1200 etsi
1040 1147 1146 1203 4464466
1157 1153 1276 1204 4666664
1290 1166 1377 1222 quam
1391 1152 1435 1206 illi
1449 1168 1466 1207 6
1479 1153 1582 1224 quibus
1600 1155 1817 1228 imprimuntur,

60 1229 133 1297 sint,
156 1234 186 1286 64
208 1247 256 1285 666
277 1229 317 1284 646
337 1230 435 1285 6444646
458 1236 601 1302 operetur,
622 1237 654 1287 64
668 1232 754 1287 eb'am
771 1233 915 1289 voluntate
971 1250 1029 1289 non
1045 1251 1093 1290 eos
1114 1240 1212 1291 tamen
1234 1242 1409 1309 anteponere
1424 1246 1539 1310 oportet
1552 1242 1593 1296 eis
1607 1259 1680 1314 quos
1695 1246 1817 1317 agimus.

60 1317 193 1374 adhibita
208 1317 308 1373 multis
325 1318 416 1372 modis
439 1319 544 1374 variari
558 1325 685 1391 queant:
710 1325 868 1377 nectamen
883 1327 916 1378 ut
970 1338 1028 1377 non
1042 1322 1217 1395 incorpore,
1233 1325 1327 1380 sedin
1343 1327 1455 1382 anima:
1474 1329 1588 1400 utrique
1602 1332 1679 1386 enim
1697 1341 1818 1405 44464464-

60 1412 197 1478 6366464,
212 1407 272 1462 44116
285 1422 358 1479 opus
373 1411 416 1461 est
430 1407 581 1463 memoria.
601 1411 634 1463 41.
648 1408 766 1463 Videtur
774 1408 846 1464 mihi
860 1409 915 1465 1466
969 1413 1049 1476 6664,
1074 1408 1121 1464 6144
1149 1409 1316 1479 cessatione,
1345 1412 1394 1466 alii
1416 1413 1569 1469 oblivione.
1596 1416 1652 1472 Sed
1679 1419 1723 1473 illi
1748 1437 1819 1492 quos

60 1510 155 1567 genus
174 1495 235 1550 siae
249 1494 341 1550 trihus
356 1495 465 1550 caeteris
480 1511 540 1551 esse
564 1511 656 1567 posse.
674 1495 809 1560 Quamvis
836 1497 915 1552 enim
969 1512 1133 1569 operamur,
1147 1498 1233 1553 etiam
1261 1500 1391 1555 nondum
1406 1502 1581 1558 cessantibus
1599 1505 1685 1560 nobis
1705 1523 1817 1564 666666-

57 1599 116 1655 4446
131 1583 338 1655 temperatione
352 1598 503 1654 corporum
525 1583 618 1639 464466
640 1600 780 1639 46664664
803 1586 913 1657 pulsus,
968 1584 1049 1640 sione
1064 1585 1246 1658 sequentinm
1260 1586 1394 1644 videntur
1407 1589 1524 1659 auferri,
1540 1592 1610 1647 dum
1623 1593 1712 1665 primi
1721 1611 1819 1652 secun-

59 1675 92 1727 et
106 1671 305 1741 respirationis
319 1672 471 1727 intervalla
485 1671 548 1727 fieri
564 1688 621 1727 non
636 1672 782 1744 ambigam
795 1690 802 1742 ;
815 1678 913 1729 tamen
968 1671 1021 1740 dis,
1038 1675 1067 1727 et
1079 1674 1197 1729 secundi
1214 1675 1316 1743 tertiis,
1332 1679 1418 1748 614466
1433 1678 1473 1732 446
1487 1679 1624 1752 deinceps
1638 1682 1749 1752 priores
1763 1701 1817 1756 po·

59 1764 200 1833 operante
215 1759 312 1815 anima
326 1759 399 1827 44644,
414 1776 520 1832 663646
534 1760 599 1832 quis
613 1759 801 1825 6646644064
815 1777 914 1818 664666
967 1760 1135 1817 sterioribus
1166 1765 1365 1833 praetereundo
1399 1766 1559 1822 concedunt
1587 1770 1693 1839 locum,
1728 1772 1818 1829 donec

57 1852 92 1903 et
105 1848 130 1902 si
149 1865 198 1920 pro
213 1847 376 1903 diversitate
391 1864 544 1920 corporum
558 1848 622 1904 aliis
639 1849 760 1904 celerior
782 1853 835 1917 ost,
850 1851 913 1906 61446
967 1848 1086 1905 61446466
1098 1849 1223 1922 perimat
1240 1851 1303 1922 ipsa
1321 1853 1451 1907 cessatio.
1467 1854 1617 1911 Oblivione
1636 1874 1702 1914 4646
1718 1859 1817 1930 plures

56 1935 171 1992 tardior
183 1953 190 2004 ς
200 1937 257 1992 6464
271 1941 369 1992 466466
383 1938 458 1992 64644
482 1936 579 1993 664646
594 1954 658 2009 qum
673 1938 704 1993 id
726 1942 800 2009 agat,
816 1940 913 1997 nullus
968 1936 1053 1993 simul
1068 1939 1194 2006 numeri,
1210 1940 1339 2012 4466444446
1348 1941 1499 2012 paulatim,
1511 1943 1715 2013 absterguntur
1729 1964 1736 2003 :
1748 1965 1816 2003 nam

57 2027 115 2081 est
141 2026 178 2080 41.
202 2024 355 2080 Considera
369 2024 458 2097 igitur
487 2030 516 2081 et
538 2032 673 2098 quartum
688 2042 790 2099 genus,
812 2042 913 2083 eorum
968 2043 1020 2082 nec
1034 2026 1090 2097 ipsi
1104 2027 1273 2100 aliquandiu
1294 2034 1413 2084 manent
1427 2029 1542 2103 integri.
1559 2032 1639 2098 Quod
1654 2036 1731 2090 enim
1751 2043 1818 2108 post

58 2111 172 2170 scilicet
181 2130 368 2170 numerorum
384 2114 434 2186 qui
448 2120 516 2170 6664
530 2115 560 2170 46
574 2116 733 2171 memoria:
747 2133 815 2173 nam
826 2117 851 2173 si
865 2133 914 2173 eos
968 2117 1174 2185 666646,46444
1189 2117 1289 2189 gratia,
1302 2117 1333 2172 46
1342 2119 1482 2174 memoria
1492 2119 1718 2192 noninrenitur,
1730 2124 1817 2182 etiam

58 2202 260 2259 recordatione
274 2202 481 2275 depromimus,
496 2207 524 2259 64
538 2220 603 2258 6664
613 2203 914 2279 inaliascogitationes
967 2208 1034 2276 post
1046 2220 1137 2259 unum
1152 2204 1228 2261 diem
1238 2205 1300 2276 jam
1315 2204 1411 2261 minus
1426 2210 1486 2261 est:
1502 2208 1551 2262 sed
1565 2222 1624 2263 non
1632 2211 1754 2267 sentitur
1763 2213 1819 2268 4646

56 2290 228 2358 deferimur,
245 2291 297 2348 hos
311 2308 426 2346 rursum
440 2291 630 2363 relinquimus
648 2293 727 2349 46164
750 2294 780 2349 46
794 2295 854 2351 6646
872 2312 914 2350 66·
968 2290 1139 2348 diminutio:
1156 2309 1215 2348 non
1229 2297 1326 2349 tamen
1340 2294 1410 2349 falso
1420 2310 1455 2349 ex
1469 2295 1669 2366 coconjicitur,
1681 2297 1816 2370 quianon

57 2380 149 2436 cretis
162 2381 334 2448 reconditos,
350 2397 420 2447 non,
437 2380 549 2452 opinor.
571 2380 713 2437 6666146444
733 2388 776 2438 664
789 2399 839 2439 666
852 2399 913 2440 esse
968 2379 1069 2451 utique
1083 2379 1177 2451 pridie
1190 2396 1277 2452 quam
1292 2381 1470 2451 compleatur
1484 2397 1578 2437 annus
1593 2390 1710 2455 repente
1724 2391 1818 2442 totum

57 2485 148 2543 posse
161 2469 223 2524 sine
238 2469 358 2524 ceteris.
375 2472 409 2524 11.
425 2470 487 2524 Non
502 2468 603 2525 dubito
617 2486 666 2524 eos
680 2485 742 2525 6666
754 2471 815 2527 6466
829 2475 912 2527 66446-
968 2469 1079 2524 evolat:
1094 2469 1170 2525 unde
1183 2468 1307 2541 intelligi
1323 2470 1418 2539 datur,
1438 2469 1474 2525 ab
1489 2470 1539 2525 illo
1556 2474 1685 2543 tempore
1700 2491 1757 2546 quo
1772 2476 1818 2531 in-

57 2555 119 2627 ris;
136 2557 186 2613 sed
200 2561 297 2613 tamen
311 2556 367 2612 nisi
381 2557 483 2627 auditi,
499 2558 543 2612 461
568 2557 696 2629 cogitati,
722 2576 780 2615 non
794 2561 914 2617 manda·
967 2557 1060 2612 haeret
1072 2557 1230 2625 memoriae,
1246 2558 1371 2629 incipere
1388 2557 1459 2614 1644.
1485 2558 1556 2614 11466
1579 2563 1622 2618 664
1644 2561 1716 2619 41164
1739 2565 1818 2635 quod

57 2649 164 2702 rentur
189 2645 355 2700 memoriae:
384 2649 412 2700 64
435 2644 500 2701 4466
529 2661 695 2718 quanquam
708 2647 765 2703 41146
779 2648 913 2704 desinen-
968 2645 1139 2717 plerumque
1163 2645 1294 2712 dicimus,
1316 2646 1453 2701 Tenuiter
1466 2645 1598 2714 memini,
1620 2664 1686 2703 cum
1709 2651 1816 2722 aliquid

59 2734 143 2790 tibus
167 2738 315 2803 maneant,
341 2733 444 2790 iisdem
460 2737 557 2789 tamen
570 2734 797 2805 precedentibus
810 2735 913 2808 impri-
968 2737 1159 2805 posttempus
1173 2734 1350 2789 recordando
1364 2733 1530 2806 repetimus,
1554 2738 1709 2807 antequam
1731 2739 1817 2810 plane
1914 2792 1918 2799 ,

62 2827 195 2879 6466464.
969 2826 1063 2878 464664
1074 2821 1193 2876 excidat.
1210 2821 1390 2894 Quapropter
1400 2825 1557 2893 utrumque
1567 2822 1620 2878 boc
1629 2839 1817 2883 numerorum
1871 2876 1876 2882 .

59 2912 179 2968 CAPUT
195 2912 238 2967 444.
249 2941 285 2952 -
299 2913 429 2982 Quietum
441 2924 525 2978 uenus
547 2925 719 2966 6666464444
741 2913 771 2966 444
785 2913 846 2981 ipso
858 2927 914 2967 446-
969 2926 1060 2981 36646
1074 2911 1195 2965 46644616
1210 2915 1262 2966 664.
1279 2911 1481 2965 Verumtamen
1495 2910 1632 2967 iacientes
1650 2912 1730 2970 166446
1749 2915 1815 2986 jure

99 3000 300 3072 turottjudicio
312 2999 456 3056 sentiendi.
471 3001 516 3055 446
536 3000 656 3069 quinque
669 3001 808 3055 recessitis
820 3015 914 3056 44444446-
968 3001 1191 3069 anteponuntur.
1205 3001 1239 3054 4).
1253 2997 1381 3069 Accipio,
1397 3002 1427 3053 et
1440 2999 1541 3070 probo.
1587 3055 1588 3059 ,

96 3104 191 3144 rorum
204 3088 345 3157 6644644466
360 3087 497 3157 quoduam
511 3087 663 3142 6446664464.
1003 3089 1031 3140 7.
1046 3086 1092 3142 M.
1110 3087 1173 3141 4664
1187 3100 1256 3157 6436
1270 3085 1325 3140 tria
1337 3085 1450 3158 reliqua
1464 3086 1585 3156 intuere,
1600 3093 1734 3144 eteorum
1742 3105 1815 3161 quo·

100 3180 127 3232 5.
142 3178 185 3233 M.
212 3178 275 3232 Non
298 3176 398 3232 resisto
422 3175 488 3240 tibi,
510 3180 538 3230 et
560 3174 663 3230 46116444
683 3174 744 3246 jam
772 3190 912 3246 446464646,
969 3189 1026 3246 que
1041 3173 1119 3245 quod
1133 3173 1170 3228 sit
1183 3173 1325 3245 optimum
1339 3179 1368 3229 64
1380 3175 1491 3230 caeteris
1505 3175 1728 3249 446464664664,
1741 3178 1816 3234 edis·

63 3265 145 3338 quod
156 3266 272 3322 tandem
286 3266 390 3321 borum
416 3269 539 3337 quatuor
559 3279 698 3336 36664646
712 3261 914 3335 praestantissi·
970 3266 1090 3318 664614.
1107 3262 1170 3317 Non
1195 3262 1305 3318 6641466
1321 3262 1413 3319 facile.
1435 3263 1508 3318 Nam
1531 3279 1565 3319 ex
1578 3264 1629 3319 illa
1645 3267 1818 3338 regulaque

63 3365 148 3408 444664
170 3350 304 3423 judices:
326 3351 382 3407 nisi
403 3351 559 3407 arbitrarer
578 3351 647 3407 dum
670 3350 721 3407 illa
748 3354 913 3417 4466466466,
969 3351 1049 3406 lactis
1073 3349 1209 3406 iacientes
1224 3354 1339 3422 oportet
1359 3351 1512 3417 anteferre,
1536 3368 1625 3424 66364
1645 3353 1816 3410 sonantibus

64 3440 163 3497 nescio
182 3442 258 3497 unde
273 3441 439 3513 apparuisse
453 3439 537 3496 661446
556 3440 688 3511 quintum
711 3455 812 3511 genus,
837 3437 916 3511 quod
969 3438 1097 3495 numeris
1110 3439 1237 3510 palmam
1248 3439 1316 3495 dare
1328 3440 1394 3494 :bos
1410 3439 1487 3494 enirn
1502 3440 1641 3495 sentimus
1656 3440 1816 3508 audientes,

64 3533 111 3586 est
124 3529 232 3601 inipso
245 3529 371 3585 66464614
377 3528 487 3600 judicio
493 3527 646 3596 sentiendi,
660 3542 725 3582 curn
739 3528 916 3583 delectamur
970 3530 999 3581 et
1012 3541 1077 3581 cum
1093 3525 1145 3580 hos
1170 3525 1319 3594 sentimus,
1335 3526 1388 3581 hos
1400 3526 1536 3596 patimur.
1554 3526 1589 3581 444
1611 3543 1680 3598 6436
1708 3527 1818 3584 4664664

64 3617 210 3691 parilitate
225 3633 425 3685 numerorum,
440 3618 563 3672 4616664
578 3616 608 3671 46
622 3615 663 3672 646
673 3619 816 3687 peccatur,
828 3614 917 3670 olien-
970 3629 1018 3669 eos
1032 3612 1159 3684 quisunt
1170 3611 1201 3668 in
1213 3612 1327 3667 aurium
1336 3612 1468 3684 passione
1478 3629 1542 3668 cum
1551 3614 1704 3670 audimus:
1718 3615 1751 3671 144
1761 3632 1813 3671 66-

65 3707 174 3764 446464.
186 3708 249 3763 Non
264 3706 341 3762 enirn
353 3710 506 3761 contemno
519 3704 597 3777 qnod
611 3703 665 3760 tibi
679 3703 773 3760 visum
788 3707 842 3772 est,
853 3703 915 3758 sine
970 3705 1029 3757 4646
1043 3716 1142 3755 464666
1165 3716 1239 3773 quos
1251 3699 1403 3757 sentiendo
1417 3701 1568 3770 habemus,
1583 3702 1693 3758 16644464
1702 3702 1773 3760 61466
1786 3703 1818 3760 46

65 3795 242 3870 quibusdam
256 3795 385 3850 numeris
407 3794 438 3850 in
460 3810 493 3849 eo
525 3793 690 3861 latentibus,
718 3793 773 3848 hoc
800 3807 915 3847 sensnm
970 3786 1122 3853 memoria,
1145 3788 1249 3859 quibus
1271 3805 1288 3843 a
1310 3805 1340 3844 66
1354 3789 1435 3845 tactis
1449 3793 1525 3845 recte
1539 3790 1742 3861 praeferuntur.
1763 3792 1819 3849 Sed
1917 3810 1920 3814 ·

64 3887 199 3940 66644664
221 3883 410 3938 nullomodo
436 3897 520 3954 63646
552 3881 689 3953 potuisse.
717 3883 761 3936 An
784 3880 858 3935 torte
881 3879 915 3935 ad
970 3876 1017 3931 hic
1035 3875 1103 3947 qnia
1114 3879 1143 3931 64
1158 3877 1262 3933 sentire
1277 3881 1306 3932 et
1319 3876 1483 3933 meminisse
1495 3878 1599 3935 animae
1614 3884 1666 3948 est,
1682 3897 1741 3938 non
1755 3896 1818 3937 mo·

64 3973 189 4028 istorum
203 3976 328 4043 quatuor
341 3971 457 4043 aliquod
473 3987 564 4043 genus
577 3971 651 4026 hanc
657 3973 768 4025 4664664
781 3968 839 4024 4464
849 3983 915 4039 per·
969 3981 1048 4033 4664,
1060 3963 1085 4020 64
1098 3965 1206 4037 aliquid
1219 3966 1297 4038 quod
1306 3965 1336 4021 in
1346 3965 1440 4022 anima
1455 3967 1497 4035 414,
1513 3967 1600 4023 614664
1613 3969 1691 4040 quod
1704 3970 1773 4025 item
1788 3969 1820 4025 in

65 4060 161 4116 tinere
184 4059 407 4115 644444644641).
423 4060 481 4131 Ego
495 4074 562 4114 4646
588 4058 623 4113 64
642 4057 699 4113 41146
713 4057 848 4113 66464466
861 4056 917 4112 hoc
970 4069 1005 4108 ea
1018 4052 1051 4108 444
1065 4057 1248 4126 anteponam.
1264 4054 1337 4110 14164
1358 4070 1407 4111 646
1421 4046 1584 4125 conturbat,
1606 4057 1751 4128 quomodo
1772 4073 1819 4112 so-

67 4164 162 4222 genus
171 4148 409 4218 distinguendum
416 4145 656 4220 puto.Siquidem
666 4144 744 4200 64464
755 4147 915 4211 664666646,
971 4145 1072 4196 666466
1086 4141 1208 4209 6646644,
1232 4141 1283 4213 qui
1297 4145 1373 4198 certe
1392 4142 1524 4213 corporei
1545 4147 1622 4211 sunt,
1643 4145 1687 4198 461
1703 4159 1819 4217 quoquo

66 4237 147 4311 qnod
161 4236 275 4308 corpori
285 4236 433 4303 tribuitur,
449 4234 527 4290 aliud
540 4233 650 4299 664446,
663 4232 742 4304 quod
754 4231 785 4286 in
798 4246 917 4303 corpore
971 4228 1058 4283 modo
1072 4227 1103 4282 in
1117 4244 1246 4300 corpore,
1260 4227 1351 4300 magis
1366 4228 1502 4285 laudandi
1516 4230 1575 4284 6464
1588 4246 1675 4301 quarn
1689 4230 1742 4299 illi,
1757 4230 1819 4302 qui,

67 4325 168 4383 anima
189 4326 225 4382 de
251 4326 326 4381 sonis
344 4325 461 4398 patitur,
485 4322 564 4379 aliud
578 4319 692 4394 operari
715 4334 851 4375 numeros
872 4318 917 4375 461
972 4331 1037 4370 6646
1053 4316 1201 4383 sentimus,
1216 4315 1248 4369 in
1263 4315 1360 4371 anima
1370 4332 1431 4372 6666
1446 4318 1638 4390 reperiuntur.
1653 4318 1708 4374 Sed
1721 4333 1821 4373 rursus

68 4414 236 4488 productius
247 4414 292 4470 vel
307 4413 476 4485 correptius,
492 4411 570 4466 aliud
584 4410 638 4465 4646
651 4407 827 4477 meminisse,
840 4406 918 4462 aliud
972 4403 1123 4461 conturbat
1135 4404 1281 4475 quomodo
1295 4420 1356 4459 non
1368 4404 1461 4477 646346
1476 4403 1613 4460 laudandi
1628 4404 1694 4471 sint,
1711 4421 1776 4460 cum
1790 4405 1821 4461 hi

67 4504 106 4560 de
120 4502 166 4558 his
178 4502 312 4558 omnibus
327 4503 371 4557 vel
394 4499 549 4556 annuendo
573 4499 619 4555 vel
641 4497 821 4554 abhorrendo
836 4494 919 4568 quasi
972 4491 1090 4559 4664664,
1107 4491 1150 4546 4114
1165 4491 1201 4547 ab
1212 4490 1346 4548 44644664.
1362 4495 1403 4548 M.
1414 4492 1516 4548 1144646
1532 4491 1629 4564 potius
1643 4493 1718 4564 quod
1728 4493 1821 4551 tacere

68 4588 197 4662 quodam
209 4588 333 4644 naturali
344 4588 409 4658 jure
424 4586 500 4642 46446
515 4583 698 4640 sententiam.
973 4578 1082 4652 aliquid
1097 4577 1128 4634 iu
1150 4578 1246 4635 anima
1267 4596 1369 4651 corpus
1392 4583 1495 4652 potest.
1521 4582 1580 4635 4466
1602 4579 1679 4635 66446
1702 4580 1822 4638 tortasse

105 4680 133 4732 4.
148 4677 191 4732 M.
220 4678 291 4748 Age,
316 4692 394 4732 nunc
408 4668 454 4730 dic
473 4674 545 4730 mibi
565 4673 694 4746 quinque
716 4671 821 4727 horum
842 4670 919 4742 quod
972 4682 1032 4723 non
1045 4669 1152 4738 posset,
1167 4665 1190 4720 si
1212 4681 1271 4721 non
1291 4670 1407 4738 peccato
1422 4665 1518 4736 primo
1540 4682 1644 4737 corpus
1658 4666 1729 4723 illud
1744 4668 1822 4740 quod

68 4763 194 4821 maxime
218 4764 344 4820 excellat.
374 4766 407 4820 1).
431 4765 488 4818 4466
509 4761 644 4834 quintum
662 4763 743 4833 puto.
765 4756 809 4817 u.
832 4759 917 4815 146646
973 4754 1053 4810 nulla
1065 4753 1197 4809 molestia
1211 4757 1239 4809 64
1250 4769 1364 4809 6664646
1377 4752 1513 4809 facilitate
1527 4753 1674 4810 6644446464
1684 4755 1822 4826 64344464-
1935 4797 1937 4800 <

68 4857 172 4928 putas:
188 4869 247 4909 non
263 4853 341 4908 enim
355 4853 390 4908 46
404 4851 460 4907 41146
475 4854 581 4923 posset,
596 4849 654 4905 6464
667 4848 825 4914 excelleret,
836 4846 917 4917 46414-
973 4842 1070 4909 66464,
1086 4841 1118 4896 46
1133 4841 1257 4897 deterius
1267 4844 1488 4909 commutatum,
1504 4846 1535 4897 et
1548 4843 1725 4914 corruptioni
1734 4844 1824 4916 subja·

69 4959 146 4999 caro.
170 4942 225 4999 Sed
256 4957 357 4997 rursus
381 4956 492 5013 quaero,
512 4943 681 4995 ceterorum
704 4938 827 5008 quatuor
843 4933 920 5007 quod
975 4935 1051 4985 66464
1064 4933 1094 4985 et
1102 4928 1294 5001 mortizquod
1307 4932 1403 4983 tamen
1417 4928 1504 4984 46464
1515 4928 1559 4984 664
1570 4931 1683 5002 generis
1698 4931 1824 5005 pulchri·

70 5031 195 5088 maxime
209 5031 324 5103 probes.
342 5032 376 5085 D.
393 5029 468 5085 14164
481 5027 610 5099 profecto
626 5024 703 5096 qnod
718 5027 763 5078 est
775 5022 806 5078 46
819 5038 922 5078 memo
974 5017 1117 5085 tudinem,
1130 5021 1159 5076 64
1173 5033 1206 5072 66
1220 5017 1282 5088 ipso
1297 5015 1466 5089 dignitatem
1480 5017 1586 5075 animae
1600 5019 1668 5075 satis
1677 5035 1824 5075 commen·

69 5121 135 5188 ria,
150 5119 220 5192 44646
233 5119 316 5175 44466
330 5117 371 5174 444
386 5115 580 5173 diuturniores
593 5129 654 5170 6666
672 5127 817 5179 66646466,
833 5127 921 5183 qnam
976 5106 1033 5174 dat,
1049 5106 1130 5178 664446
1143 5120 1198 5161 666
1211 5105 1307 5178 plaga,
1322 5105 1499 5162 6666464466
1509 5105 1571 5164 sine
1583 5107 1693 5163 honore
1704 5107 1825 5178 alicujus

70 5223 138 5263 curn
157 5211 271 5275 sonant,
286 5205 331 5261 464
346 5220 412 5261 6664
428 5203 592 5269 664466464,
621 5200 666 5256 461
693 5214 759 5254 6664
785 5202 920 5270 aguntur.
976 5194 1275 5253 decorismernitesse.
1293 5194 1385 5259 Quam
1396 5195 1513 5269 plagam
1527 5212 1638 5252 summe
1650 5194 1825 5267 4648644466-

70 5297 115 5352 Μ.
130 5295 280 5367 Praponis
296 5311 365 5367 6436
393 5294 481 5349 466466
500 5288 689 5346 tementibus:
704 5303 773 5344 narn
788 5286 858 5343 istos
871 5285 922 5360 qui
976 5284 1026 5352 tia,
1044 5282 1169 5339 mirabili
1184 5286 1212 5338 et
1225 5281 1366 5339 4664464414
1381 5289 1559 5341 sacramento
1574 5283 1690 5356 dignata
1697 5286 1740 5338 est
1750 5299 1827 5339 assu·

71 5383 185 5441 suntin
202 5382 352 5451 memoria,
379 5381 415 5437 64
429 5379 487 5436 illis
507 5377 570 5434 61446
591 5374 721 5450 imprimi
748 5373 835 5448 paulo
857 5375 922 5429 ants
976 5390 1067 5443 mere,
1083 5389 1149 5429 cum
1162 5372 1379 5429 hominemsine
1390 5379 1584 5448 peccato,non
1597 5373 1659 5429 sine
1670 5373 1827 5445 peccatoris

71 5471 180 5528 dixisti.
196 5474 227 5528 D.
244 5472 356 5528 Nollem
370 5484 553 5544 preponere:
582 5468 633 5524 sed
656 5481 757 5522 rursus
779 5461 923 5538 quomodo
978 5463 1142 5520 conditione
1167 5461 1302 5536 suscepit.
1323 5463 1395 5519 44664
1410 5466 1438 5519 64
1451 5463 1530 5519 66664
1543 5460 1716 5526 humanitus,
1730 5460 1828 5534 etpati

71 5577 132 5617 non
146 5575 316 5632 praeponam
329 5559 511 5617 diuturniora
525 5556 622 5614 464666
635 5553 788 5622 446464646,
804 5567 864 5608 666
881 5549 923 5606 vi·
980 5553 1008 5605 et
1022 5549 1097 5605 mori
1111 5548 1212 5605 464644,
1229 5548 1305 5604 Nihil
1319 5550 1423 5605 horum
1437 5547 1551 5619 merito,
1565 5548 1613 5603 sed
1628 5548 1828 5605 excellentissi-
