3884 6112
736 259 838 317 LIBER
858 261 1021 326 QUINTUS.
1701 292 1753 347 298

89 394 256 462 impertisset
271 391 306 447 ie
330 408 362 447 m
386 409 452 448 mm
472 395 573 450 poniii
593 397 739 469 piaecipua
761 416 847 473 gran.
902 387 1004 460 pienti,
1013 390 1084 461 petit
1093 393 1128 447 ud
1139 394 1212 449 bane
1227 412 1289 451 cern
1302 398 1404 455 iaceat.
1422 403 1452 456 lu
1473 402 1528 458 illis
1541 406 1642 462 litteris
1662 413 1752 469 altum

73 493 124 549 [ug
148 483 231 550 μήθ
255 483 439 538 concertandi
461 499 553 550 causa,
574 486 622 541 sed
646 491 758 544 ignium
782 507 847 546 cum
902 475 937 531 (ie
966 479 1115 535 collatione
1145 482 1362 557 carthaginen-ii
1386 488 1550 546 silentium:
1577 511 1633 565 quo
1663 497 1753 553 videri

73 567 138 623 olis
157 568 343 640 quibusdam,
363 587 429 643 quae
455 573 533 627 velut
551 589 568 627 a
588 591 708 647 corpora
730 594 782 634 suo
801 580 846 635 di.
901 565 1013 635 possint
1026 567 1062 622 ab
1074 571 1234 640 Augustino
1249 590 1347 629 recens
1362 577 1455 632 adhuc
1480 581 1616 654 episcopo
1629 588 1752 641 couscri-

73 656 276 727 ,gmmiimem
299 658 378 713 iiiam
405 658 441 714 οι)
456 661 648 731 appmiamm
667 665 845 722 Maximiani.
899 656 966 723 ptae.
978 656 1753 745 AnnosupraquadriugentesimumduodecimoSpon·

73 758 98 799 n
115 742 261 816 baptisma
280 745 517 815 criminabantur,
533 764 566 803 ac
580 749 635 805 sibi
655 753 722 807 sotis
745 770 844 810 verum
900 741 971 797 deus
983 743 1125 802 bonorum
1145 749 1250 805 Celeris
1271 759 1450 823 procurator,
1475 757 1671 816 formidandus
1691 767 1753 819 erat

72 846 138 887 una
151 831 274 902 singulm
288 833 327 888 sic
341 834 525 906 arrogabant,
536 841 568 892 ut
580 854 761 912 aruaquaeque
776 860 844 898 con·
900 829 1055 888 D⁰ss²ii⁸fi⁸
1074 835 1252 892 adversarius
1266 841 1365 910 (Bitti-
1384 846 1445 911 ¹³9³
1467 860 1496 900 ¹¹·
1513 847 1551 916 9)-
1572 850 1655 904 Ᾱῐῑῠθ
1680 866 1751 922 (111⁸-

72 923 130 989 mi,
143 937 198 977 uec
212 921 333 977 omnino
349 939 408 978 mm
431 923 508 987 iiiiii,
529 941 581 980 uec
605 926 635 980 m
657 928 780 984 Ecclesia
796 947 842 985 m.
898 918 1124 992 dringenlesimo
1137 925 1276 997 vigesimo
1298 929 1394 998 tertio,
1410 948 1475 988 eum
1491 937 1668 1006 Augustinus
1690 941 1750 1011 epi·

73 1023 104 1076 1,
117 1024 173 1064 mm
186 1009 218 1064 im
239 1010 303 1081 ipsa
324 1011 475 1082 gmmimm
498 1018 579 1084 parm
599 1014 713 1080 Domiti,
739 1034 791 1073 iim
812 1018 843 1073 in
898 1008 1001 1064 stolam
1014 1011 1671 1089 adCoelestinumpapamscriberet,bonorem
1687 1030 1750 1082 nul-

72 1113 94 1152 ,ς
123 1102 233 1171 prietes
262 1115 292 1153 se
310 1115 399 1154 imam
422 1116 457 1155 01
477 1101 677 1159 minutissimis
702 1106 841 1175 partibus,
897 1096 957 1151 lum
976 1099 1094 1169 gerebat
1109 1102 1191 1157 Celer
1210 1106 1308 1175 (Epist.
1336 1109 1398 1174 209,
1426 1125 1454 1164 o.
1477 1111 1523 1180 tsi:
1550 1128 1651 1168 verum
1674 1130 1750 1169 auno

72 1200 136 1243 ‚mi
154 1185 250 1257 operis
268 1191 349 1258 parte
368 1189 524 1244 sementim
545 1191 658 1246 comitii
682 1194 756 1265 apud
778 1195 843 1250 qm.
896 1185 1180 1257 quadringentesimo
1195 1191 1333 1263 vigesimo
1349 1210 1435 1261 nono,
1454 1200 1697 1267 quemadmodum
1716 1219 1750 1258 ex

72 1288 134 1331 „m
152 1273 288 1344 Cypriam
311 1275 477 1331 auctoritate
499 1277 534 1332 do
553 1278 708 1350 rejiciendo
732 1280 843 1336 timi-mi.
896 1274 996 1344 legom
1011 1278 1203 1348 quarumdam
1225 1282 1262 1334 ad
1285 1297 1352 1337 eum
1367 1282 1574 1342 destinatarum
1594 1289 1684 1345 titolis
1702 1292 1746 1346 iu-

72 1360 253 1434 ibiptismo
284 1362 419 1418 celebrati
452 1380 553 1421 omnes
579 1367 725 1439 expendit,
749 1373 779 1424 et
806 1371 841 1425 mi
895 1361 1025 1434 telligere
1046 1372 1089 1420 est
1112 1366 1216 1435 (Codice
1241 1369 1352 1438 Tteod,
1372 1370 1404 1426 dc
1422 1373 1551 1438 Annona,
1576 1377 1632 1446 leqe
1657 1381 1702 1447 34,
1724 1386 1750 1435 et

72 1464 110 1507 Ιιι
125 1450 249 1523 singulis
264 1452 422 1525 respondit.
895 1450 1068 1522 denupsit,
1090 1455 1146 1521 tepe
1169 1455 1227 1524 68),
1250 1456 1373 1512 Africam
1402 1475 1456 1530 pro
1483 1464 1599 1519 consule
1627 1465 1748 1521 admini-

72 1538 144 1597 i'mm
166 1538 194 1595 id
209 1541 346 1612 temporis
370 1542 546 1613 Augustinus
564 1561 726 1600 sermonem
745 1551 843 1602 contra
896 1542 1006 1596 stravit·

72 1626 150 1684 istas
164 1624 284 1685 baberet
302 1630 446 1700 frequens,
459 1632 577 1702 quidam
587 1648 620 1689 ex
635 1633 671 1688 iis
682 1632 781 1702 laicus,
795 1634 840 1689 cui
916 1667 919 1671 -
1232 1634 1343 1689 CAPUT
1362 1637 1406 1690 lv.

72 1714 122 1772 rio
141 1732 261 1788 nomen,
286 1717 315 1772 iu
340 1718 490 1775 Ecclesiam
514 1721 610 1776 attulit
630 1722 765 1778 adversus
786 1723 840 1778 Ca·
898 1719 909 1770 l
930 1717 1011 1773 Liber
1033 1718 1067 1773 de
1086 1721 1159 1775 Bono
1176 1722 1297 1790 coojoqii
1321 1727 1458 1781 occasione
1472 1729 1622 1785 donintona
1641 1731 1749 1787 laureata

72 1820 108 1861 η,
121 1806 263 1861 nonnulii
279 1807 394 1878 scripti,
413 1807 518 1878 quibus
534 1808 604 1864 nihii
620 1812 738 1865 omnino
751 1811 840 1867 conii.
930 1805 1027 1860 edttas.
1043 1807 1156 1862 sister
1170 1824 1276 1878 quoque
1288 1811 1320 1866 de
1334 1817 1430 1868 sancto
1444 1816 1618 1882 Virtitcilote.
1644 1821 1748 1877 icom-

72 1907 120 1962 ur,
134 1899 243 1965 preter
256 1895 452 1967 locosaliquot
462 1913 477 1951 e
488 1898 574 1952 sacris
585 1897 698 1970 paginis
707 1899 738 1954 in
749 1916 841 1956 unum
928 1896 1104 1950 menwtiones
1120 1895 1153 1950 de
1168 1897 1264 1953 Genesi
1279 1899 1317 1954 od
1329 1902 1471 1956 iittcrom.

72 1985 150 2049 stes,
173 2000 245 2055 quos
264 1999 361 2039 secum
383 1984 476 2040 iacere
500 1986 672 2042 schismatici
691 1989 842 2044 contende·
932 1987 957 2037 l·
990 1983 1042 2039 Ubi
1063 1985 1191 2056 primum
1219 1989 1345 2059 PtOdiVil
1372 1992 1515 2048 J⁰Villi³ni
1541 1995 1667 2062 limosis,
1698 1998 1748 2070 (illi

79 2070 133 2127 iiis
147 2071 274 2127 bretiter
288 2073 435 2145 respoudit
446 2074 522 2129 edito
535 2075 650 2146 scripto,
671 2076 719 2131 eui
741 2079 841 2134 contra
894 2071 968 2126 circa
981 2087 1089 2127 annum
1104 2076 1336 2133 trecentesimum
1357 2081 1577 2152 nonagesimum
1592 2083 1749 2153 praedicare

95 2161 195 2217 attulit
223 2162 366 2218 emturum
388 2179 406 2217 a
428 2164 589 2229 Donatistis,
622 2164 738 2219 titulum
762 2165 838 2221 feeit,
893 2165 1029 2230 coeperet,
1045 2161 1219 2234 virginitatis
1234 2166 1368 2222 meritum
1390 2171 1626 2240 quamcestitatis
1649 2174 1747 2244 couju-

113 2246 300 2318 inscriplioue
326 2249 396 2304 illud
416 2249 448 2305 in
470 2267 521 2305 suo
550 2251 648 2306 ludios
669 2255 749 2307 notat
771 2254 838 2307 Pos-
893 2248 1069 2321 galispotius
1085 2267 1143 2307 non
1158 2269 1219 2308 esse
1235 2255 1477 2324 (Retractutiooum
1493 2259 1540 2313 tit.
1561 2263 1588 2328 2,
1613 2276 1676 2331 cop.
1691 2265 1747 2328 it),

71 2334 261 2407 ·(Possidius,
291 2341 320 2392 to
339 2338 470 2404 inducto,
492 2353 555 2409 cop.
588 2340 629 2407 ti:
650 2340 727 2411 quod
744 2339 839 2411 ipsum
893 2337 1064 2409 sequidem
1088 2341 1188 2396 Romae
1215 2342 1352 2413 primum,
1372 2344 1476 2401 deinde
1504 2347 1657 2403 Mediolani
1671 2350 1749 2405 rebe.

71 2438 100 2480 rr
122 2424 153 2479 in
180 2425 308 2498 ejusdem
330 2426 424 2482 Sancti
448 2427 511 2482 Vita
531 2426 693 2498 siguificare
717 2429 839 2485 voluisse
892 2435 1006 2482 menter
1019 2427 1149 2499 impetita
1161 2431 1352 2503 damnataque
1367 2433 1422 2488 tuit
1433 2451 1439 2488 :
1451 2434 1522 2507 quin
1537 2436 1623 2491 etism
1631 2437 1666 2492 ab
1683 2438 1747 2495 ilie-

72 2514 126 2584 ,ἐκ
143 2515 208 2568 Vita
230 2515 360 2583 Aliquot..
375 2531 398 2571 c.
419 2513 458 2588 o).
485 2516 517 2571 ld
539 2520 637 2571 nostra
657 2521 741 2573 estate
764 2518 839 2574 desi·
891 2528 1013 2586 ronymo
1024 2517 1218 2572 celeberrimis
1233 2519 1344 2574 duobus
1354 2519 1435 2575 libris
1451 2537 1526 2576 anno
1541 2524 1745 2580 trecentesimo

71 2616 111 2659 m,
892 2604 1077 2676 nonagesimo
1092 2606 1218 2675 secundo
1244 2608 1356 2679 seriptis
1389 2608 1429 2663 sic
1447 2617 1613 2682 oppugnata
1632 2619 1686 2677 est,
1714 2618 1745 2669 ut

71 2689 204 2763 Aliquem
224 2691 298 2748 iorte
318 2709 350 2748 es
365 2691 399 2746 iis
413 2691 444 2747 iu
467 2693 635 2748 Donatistae
651 2693 742 2762 libris,
765 2711 836 2769 quo·
891 2691 971 2747 illam
985 2699 1083 2763 aperte
1107 2694 1182 2748 tueri
1199 2695 1261 2764 jam
1280 2697 1398 2752 auderet
1422 2714 1516 2753 nemo.
1536 2700 1742 2757 Verumtamen

71 2794 153 2852 upra
166 2781 361 2848 meminimus,
378 2781 413 2837 ad
424 2781 552 2837 Celerem
574 2786 688 2838 sanctus
711 2785 837 2839 Antistes
892 2780 1044 2836 nonnullas
1059 2781 1146 2836 etiam
1160 2783 1214 2837 hoc
1228 2786 1358 2854 tempore
1372 2786 1434 2855 ejus
1445 2786 1581 2858 reliquias
1593 2789 1743 2844 claudesti-

79 2869 449 2940 nteomdoceret,justam
458 2886 572 2925 causam
588 2871 837 2927 Donatistisiuisse
891 2867 936 2922 nis
954 2867 1100 2923 interdum
1119 2869 1298 2924 sermonibus
1321 2886 1434 2941 sparsas
1455 2874 1583 2944 reperire
1611 2880 1688 2935 erat:
1714 2882 1744 2930 et

71 2970 106 3026 n,
121 2971 175 3010 eur
188 2957 224 3012 ab
248 2957 368 3011 Ecclesia
395 2957 534 3012 catholica
548 2975 601 3030 per
621 2962 711 3013 totum
738 2958 836 3014 orbem
890 2954 997 3009 idcireo
1012 2972 1058 3010 res
1071 2955 1133 3027 ipsa
1146 2957 1318 3028 postulabat,
1335 2964 1367 3014 ut
1381 2959 1447 3014 bule
1461 2976 1571 3017 veneno
1594 2979 1656 3017 non
1679 2964 1744 3019 ideo

71 3045 268 3100 asecederent
281 3047 378 3116 (Epist.
400 3048 454 3115 57).
475 3047 514 3101 De
533 3047 587 3102 hoo
611 3052 707 3102 autem
729 3047 835 3115 Celere,
890 3041 1166 3114 miuuspericuloso,
1183 3045 1259 3118 quod
1275 3046 1437 3103 clanculum
1450 3054 1587 3121 serperet,
1610 3068 1742 3107 occurre-

71 3150 119 3191 am
134 3133 172 3190 de
190 3133 251 3190 viro
264 3133 377 3207 generis
394 3134 543 3191 nobilitate
566 3137 653 3201 claro,
669 3152 780 3192 necnon
801 3136 838 3191 ob
890 3134 979 3186 retur.
996 3133 1243 3189 Eamobeausam
1266 3138 1442 3207 Augustinus
1461 3138 1567 3194 librum
1594 3141 1694 3211 scripit
1709 3141 1744 3196 de

71 3255 73 3271 .
86 3221 247 3294 dignitates
262 3222 426 3294 conspicuo,
441 3238 557 3295 semper
569 3224 707 3296 loquitur.
733 3223 836 3280 Christi
891 3221 968 3275 Bono
978 3221 1117 3294 conjugii,
1129 3222 1216 3294 idque
1227 3226 1389 3295 argumenti
1408 3228 1537 3282 consulto
1550 3228 1606 3282 sibi
1620 3233 1745 3284 tractari·
1805 3282 1813 3293 ,

71 3329 76 3366 ι
95 3310 186 3367 iidem
205 3311 347 3366 constanti
365 3310 462 3366 auimo
489 3316 612 3382 secutus,
633 3312 663 3366 in
688 3328 739 3368 sua
767 3327 836 3367 con·
890 3309 959 3365 dum
972 3310 1069 3382 elegit,
1085 3312 1162 3383 quod
1178 3314 1331 3386 essentqui
1344 3315 1525 3370 lucinianum
1538 3318 1745 3374 contenderent

71 3398 224 3470 sdignam
239 3399 350 3454 imitatu
366 3400 487 3456 duxerat
507 3401 613 3457 vitum:
630 3406 757 3456 attamen
775 3407 837 3457 erat
889 3398 1358 3473 uullaaliaratiooerevineiposse,
1371 3402 1490 3473 quamsi
1507 3405 1740 3461 matrimonium.

104 3487 262 3544 nunctistis
275 3488 365 3543 nimia
372 3489 558 3557 consuetudo,
574 3507 590 3545 a
605 3500 729 3562 quorum
748 3491 834 3545 eiiam
890 3485 932 3539 uti
941 3484 1047 3541 factum
1055 3486 1202 3557 jactabant
1215 3488 1251 3543 ab
1268 3490 1451 3560 Hieronymo,
1468 3491 1739 3562 reprehenderetur.

71 3576 125 3635 bus
140 3591 201 3632 non
218 3575 336 3632 omnino
358 3578 509 3633 videbatur
531 3577 652 3635 alienus,
677 3579 748 3633 Huic
770 3594 834 3633 cum
889 3572 952 3643 lpse
967 3589 1033 3628 vero
1049 3579 1077 3629 et
1086 3575 1214 3646 conjugii
1224 3578 1403 3632 sanctitatem
1417 3578 1549 3633 adversos
1568 3580 1741 3637 biauicboeos

71 3670 162 3723 meat
175 3664 207 3720 in
227 3665 404 3736 Hipponensi
417 3666 535 3737 regione
555 3667 756 3738 possessiones,
784 3684 833 3722 ea·
888 3663 1736 3737 possepwputnari·eieidem2qsssfflvi³110nimprobando,

71 3753 205 3811 sessione
225 3754 463 3809 necessitudinem
486 3755 629 3826 junxisset
651 3772 716 3811 cum
739 3760 834 3827 Augu·
887 3753 985 3805 tomen
999 3751 1209 3821 preferendam
1223 3769 1285 3807 esse
1298 3753 1492 3825 virginitatem
1506 3757 1642 3812 ostendit.
1659 3758 1736 3813 lori·

85 3841 117 3899 si
137 3845 252 3898 metus
276 3841 426 3914 episcopus
455 3843 545 3914 ipsius
569 3847 671 3915 rogatu
696 3844 834 3899 adductus
888 3837 1008 3893 nianum
1023 3839 1060 3894 ab
1073 3856 1107 3895 eo
1123 3857 1265 3913 nusquam
1281 3841 1310 3896 iu
1325 3842 1379 3897 boc
1392 3859 1479 3914 opere
1493 3844 1674 3900 nominatum
1693 3863 1739 3901 ro-

70 3931 164 4000 borat,
190 3948 219 3986 se
242 3933 381 3988 nonnulla
403 3933 438 3988 ad
459 3932 619 3988 schismatis
639 3933 831 4003 cognitionem
887 3924 1026 3995 perimus,
1043 3925 1098 3981 nisi
1112 3928 1189 3998 quod
1205 3929 1287 3984 iilum
1301 3930 1406 3986 alicubi
1419 3930 1598 4003 impudentis
1621 3951 1740 4005 percutt-

70 4019 155 4077 infin
168 4020 353 4076 traditurum,
368 4021 398 4077 ld
414 4025 513 4076 tamen
527 4021 629 4088 serius.
643 4037 729 4093 quam
746 4022 776 4076 in
787 4039 834 4078 vo.
887 4013 1004 4068 etaloris
1031 4015 1223 4087 appeliationtt
1249 4016 1382 4088 designat
1414 4019 1462 4090 (De
1487 4022 1558 4075 Bono
1587 4023 1737 4090 conjugali,

70 4106 189 4176 busrat,
208 4108 351 4181 prestitit,
374 4109 452 4181 quod
474 4108 529 4182 ipsi
552 4125 664 4164 necesse
688 4109 775 4165 fuerit
797 4110 833 4165 td
886 4116 913 4155 n.
936 4101 992 4171 27).
1019 4098 1083 4158 lion
1102 4103 1186 4160 modo
1211 4104 1298 4160 tradit
1322 4107 1446 4178 quodam
1467 4108 1538 4164 loco.
1568 4126 1647 4164 more
1670 4115 1740 4167 tunc

70 4194 140 4254 &m
165 4197 310 4253 dimcesim
337 4213 367 4252 m
388 4196 485 4252 itineri
508 4197 700 4256 committere,
729 4199 832 4253 vemm
887 4189 1485 4266 ilomanolicitumnouessesnperducero
1501 4213 1628 4264 uxorem,
1648 4202 1681 4253 ut
1696 4199 1739 4254 vir

70 4285 210 4341 oeuidam
229 4286 394 4358 presbytero
411 4285 562 4357 delegavit,
577 4291 610 4341 ut
624 4302 689 4358 quas
710 4286 746 4341 ad
769 4303 831 4343 eum
888 4277 1125 4349 ampliusbabeat
1139 4297 1227 4351 qoam
1241 4298 1329 4337 unam
1340 4283 1434 4338 visam
1448 4301 1456 4351 ;
1472 4285 1520 4339 sed
1535 4284 1655 4340 vetitum
1670 4302 1739 4358 quo-

70 4373 265 4442 sondueereut,
290 4374 398 4446 legeret
417 4375 519 4431 Celeri.
548 4374 724 4430 peculiarem
744 4390 778 4429 oa
796 4375 832 4432 dt
886 4381 943 4437 que
959 4365 1066 4437 innuit,
1080 4384 1117 4423 ue
1132 4368 1238 4424 sterilis
1252 4386 1325 4426 uxor
1346 4370 1465 4427 alterius
1478 4372 1616 4428 ducendae
1644 4375 1738 4446 gratia

74 4461 256 4520 sdeomdem
268 4462 395 4518 Celerem
405 4462 555 4534 epistolam
569 4463 647 4518 dedit
661 4464 759 4533 (Epist,
771 4466 830 4533 56):
885 4453 1086 4511 dimitteretur.
1109 4456 1301 4523 Quaestionem
1331 4459 1440 4516 ibidem
1466 4460 1591 4532 attingit.
1621 4465 1736 4533 quade

70 4564 116 4607 sn
128 4551 251 4606 alteram
266 4555 366 4622 postea
380 4550 494 4623 scripsit
516 4553 614 4622 (Epist.
629 4550 686 4622 m),
705 4549 832 4606 tacturus
885 4558 970 4598 causa
984 4543 1035 4615 qui
1048 4545 1092 4600 vel
1105 4550 1171 4601 ante
1185 4548 1228 4602 vel
1241 4552 1303 4620 post
1313 4553 1456 4620 receptam
1466 4549 1603 4622 Baptismi
1613 4552 1737 4624 gratiam

70 4638 351 4707 montemaureum
366 4639 563 4711 se,ntcoder,
579 4655 664 4711 quem
674 4655 728 4710 per
738 4638 830 4695 filium
886 4647 973 4687 unam
989 4637 1017 4688 et
1032 4633 1151 4689 alteram
1163 4651 1282 4690 uxorem
1301 4635 1457 4705 duxissent,
1473 4637 1508 4691 ab
1521 4637 1676 4710 episcopali
1693 4641 1737 4697 di·

71 4724 217 4787 fficilium
232 4728 364 4800 petierat,
381 4727 499 4783 adeum
514 4727 749 4799 deferretur‚qu0
769 4744 832 4783 evo-
885 4720 995 4791 gnitate
1009 4728 1226 4779 removerentur
1241 4724 1331 4794 (ibid,
1357 4741 1380 4780 9.
1397 4729 1467 4792 7,o.
1482 4730 1509 4789 7,
1525 4742 1548 4782 c.
1567 4729 1609 4796 i8,
1629 4743 1658 4784 n.
1679 4729 1733 4800 Ἡ).

70 4814 148 4873 atim
162 4815 285 4887 planum
299 4815 355 4888 ipsi
373 4814 466 4881 fieret,
491 4831 643 4886 perperam
671 4814 832 4871 Donatistis
884 4807 964 4863 idem
978 4825 1050 4880 opus
1064 4808 1140 4864 libro
1155 4809 1186 4864 in
1201 4809 1333 4865 Genesim
1348 4827 1424 4866 nono
1438 4816 1590 4879 memorat,
1601 4817 1687 4885 atque
1701 4814 1737 4868 il·

70 4900 148 4961 iens
167 4902 308 4958 catholica
327 4902 491 4969 descivisse;
519 4901 602 4973 eique
625 4901 786 4973 pollicetur,
807 4901 831 4956 si
885 4896 934 4951 lud
949 4913 966 4951 a
980 4913 1009 4953 se
1018 4914 1078 4953 uon
1092 4897 1131 4953 ita
1145 4898 1258 4970 pridem
1267 4898 1452 4971 publicijuris
1463 4900 1568 4956 iactum
1580 4904 1625 4968 (oe
1640 4902 1736 4959 Gnissi

70 4986 147 5047 dbue
157 4988 240 5044 dubii
255 4988 285 5043 in
297 4988 375 5044 illius
389 4988 487 5044 auimo
501 4988 650 5055 inhaereat,
672 5004 702 5042 se
720 4987 774 5043 hae
795 4987 831 5043 de
885 4985 923 5040 od
936 4987 1080 5055 litteram,
1092 4987 1138 5042 lib.
1156 4990 1182 5055 9,
1197 5002 1225 5041 u.
1244 4987 1299 5058 li).

70 5076 237 5149 mprimum
246 5076 302 5147 ipsi
315 5076 441 5146 libuerit,
456 5077 598 5132 iacturum
608 5075 685 5131 satis.
701 5075 829 5131 Celerem
919 5076 949 5128 2.
965 5074 1092 5130 Laudato
1104 5073 1301 5145 copiosissime
1325 5076 1490 5148 nuptiarum
1511 5078 1598 5146 bono,
1613 5077 1733 5132 monitis

70 5164 369 5238 stipartibusoportet
379 5165 441 5235 jam
452 5163 828 5221 tuucabalienutumfuisse:
884 5161 970 5217 etiam
984 5162 1016 5217 in
1029 5162 1177 5235 superiore
1191 5162 1266 5218 libro
1287 5164 1450 5220 christianis
1462 5165 1631 5238 virginibus,
1650 5181 1687 5219 ne
1703 5181 1733 5219 se
1782 5152 1791 5167 ¹

69 5253 214 5327 squidem
228 5253 403 5327 illumrogat
415 5253 604 5327 Augustinus,
620 5251 831 5325 utsuisiuitip
883 5251 954 5323 ipsae
971 5250 1097 5322 antiquis
1115 5251 1217 5323 populi
1237 5253 1288 5308 bai
1310 5254 1471 5326 conjugalis
1492 5258 1668 5326 anteponant
1687 5254 1733 5325 (Dc

70 5340 94 5399 si
115 5358 188 5415 agro
217 5341 369 5398 clientibus
392 5342 532 5398 unitatem
554 5341 722 5398 catholicam
748 5358 829 5398 com·
882 5341 1213 5408 sanctemoniales.
1232 5344 1268 5410 l),
1288 5342 1732 5414 nullumJ'ampcriculumeral,

69 5434 108 5501 iti
120 5430 236 5505 sibique
249 5431 305 5504 ipsi
316 5447 382 5488 eum
393 5431 530 5504 quodam,
547 5430 637 5504 quiin
651 5430 829 5503 possessione
883 5445 919 5484 ne
932 5428 956 5483 si
969 5426 1119 5501 virginatis
1134 5429 1333 5486 excellentiam
1352 5436 1452 5486 contra
1470 5429 1612 5485 Joviniani
1626 5430 1732 5486 erroris

69 5534 125 5579 m
138 5536 204 5577 esse
225 5518 384 5590 dicebatur,
400 5520 492 5578 amico
512 5536 564 5577 suo
584 5519 756 5577 concordare
778 5534 829 5576 cu·
883 5515 1021 5590 reliquias
1035 5522 1187 5590 assereret,
1200 5518 1347 5576 criminari
1360 5517 1474 5589 nuptias
1487 5516 1642 5582 rideretur.
1656 5519 1730 5585 Qua·

126 5618 270 5688 Parnon.
295 5618 420 5687 xxxo.
1059 5655 1062 5659 ·
1485 5613 1592 5701 (Dc’c.)
