3884 6112
145 271 212 326 1039
669 266 718 322 DE
735 263 965 332 Qunrlrlrnrn
985 261 1121 330 ANIMAE,
1143 261 1169 318 S.
1191 260 1385 320 iecusculi
1737 314 1749 331 ,
1845 265 1901 319 itit

141 396 175 447 ut
186 389 324 446 interiora
334 387 460 459 corporis
473 387 644 458 cogitentur,
654 391 704 441 aut
718 387 804 442 etiam
816 386 986 453 sentiantur,
1043 400 1130 450 scam,
1153 384 1177 438 si
1200 383 1252 438 tibi
1270 384 1330 454 jam
1351 382 1526 438 satisfactum
1547 386 1608 438 est.
1622 385 1661 439 Ε.
1679 382 1790 447 Quaere
1807 389 1840 437 nt
1851 385 1902 451 ris,

142 479 165 533 si
180 479 308 549 perlucet
321 481 354 531 ut
374 476 498 543 ritrum3
513 491 678 546 quanquam
694 475 717 528 si
738 475 792 530 hoc
810 476 908 530 demas
922 491 987 530 cor·
1043 488 1111 527 nam
1127 476 1177 527 tua
1190 472 1245 527 ista
1258 472 1391 526 simulata
1406 471 1562 537 dubitatio,
1580 470 1727 526 dubitare
1740 487 1790 526 me
1804 471 1902 526 verissi-

142 566 261 637 poribns
279 563 301 632 ¹,
323 570 463 634 qnantum
487 580 551 617 mea
574 564 672 633 opinio
692 567 745 632 est,
767 579 860 634 neque
888 563 989 618 sentiri
1042 578 1089 616 me
1104 561 1171 616 iacit
1196 561 1231 616 de
1251 561 1307 616 hoc
1321 561 1383 632 ipso
1403 560 1480 632 quod
1491 560 1558 631 jam
1572 563 1740 632 peractum
1762 575 1825 614 esse
1840 576 1901 630 pre-

142 658 273 725 possuut,
286 669 379 722 neque
391 651 507 705 omnino
517 666 640 720 corpora
653 666 713 704 esse
727 656 803 706 recte
819 650 985 706 existimari.
1044 664 1235 720 sumpseram.

144 741 215 794 lliuc
228 739 300 794 mihi
321 739 384 792 rolo
405 737 515 809 aperias
537 736 607 808 quid
628 742 659 792 tu
682 738 795 792 sentias.
820 741 852 793 Ε.
869 740 988 793 Prorsus
1078 739 1104 792 8.
1117 738 1155 792 A.
1171 736 1220 791 llic
1231 735 1312 803 mihi,
1326 751 1423 807 quaeso
1437 739 1476 803 te,
1493 739 1598 791 utrum
1611 751 1650 790 ea
1666 750 1741 806 quae
1756 735 1900 806 appellatur

142 844 201 883 nou
224 827 323 882 dubito
343 842 465 896 corpora
480 825 577 880 omnia
591 825 636 879 his
653 841 750 880 carere
768 841 826 880 non
839 842 932 897 posse.
949 827 986 880 A.
1042 825 1193 892 memoria,
1207 841 1265 879 non
1280 824 1333 879 tibi
1345 840 1452 879 nomen
1465 825 1555 880 inane
1571 824 1730 880 rideatur.
1745 826 1782 883 Ε.
1798 823 1848 879 Cni
1859 825 1901 879 lice

142 915 216 980 Quid
233 914 328 968 illud‘?
350 918 430 984 potes
444 913 569 983 cogitare
584 913 637 967 ista
656 913 711 968 tria
726 929 783 968 non
798 930 860 968 esse
881 914 937 969 nisi
958 913 988 968 in
1042 913 1133 970 rideri
1144 916 1260 984 potest?
1272 914 1309 968 A.
1325 912 1435 968 Animae
1448 913 1522 968 banc
1536 929 1602 968 esse
1617 912 1793 977 arbitraris,
1809 928 1843 966 an
1852 928 1901 967 cor·

142 1002 335 1074 corporibus?
349 1005 381 1058 Ε.
395 1003 457 1057 Non
472 1001 601 1073 intelligo
612 1003 756 1072 quomodo
771 1002 839 1056 alibi
854 1018 914 1056 esse
925 1018 989 1073 pos-
1041 1001 1142 1073 poris‘l
1156 1004 1189 1057 Ε.
1204 1003 1237 1056 Ει
1249 1000 1317 1056 hinc
1330 1001 1460 1056 dubitare
1470 1002 1711 1058 ridiculumest
1727 1001 1899 1067 Quidenim?

142 1091 209 1146 sint.
229 1091 265 1145 A.
291 1091 363 1161 Ergo
386 1090 512 1143 animam
528 1106 586 1144 non
608 1096 693 1159 putas
715 1106 775 1144 esse
800 1090 877 1145 aliud
900 1106 988 1162 quam
1042 1089 1172 1144 exanime
1186 1104 1288 1159 corpus
1304 1089 1467 1144 meminisse
1480 1090 1596 1162 aliquid
1607 1090 1710 1156 credi,
1728 1094 1782 1144 aut
1795 1091 1913 1161 intellig·

142 1180 268 1250 corpus?
284 1182 317 1234 Ε.
333 1178 363 1233 Si
377 1178 464 1232 etiam
477 1182 595 1232 rentum
610 1194 714 1249 corpus
728 1194 789 1233 esse
803 1179 986 1246 confitemur,
1041 1178 1161 1249 potest?
1173 1178 1210 1231 A.
1224 1176 1413 1231 Meministine
1429 1179 1547 1233 tandem
1561 1179 1650 1233 urbis
1666 1178 1899 1234 Mediolanensisl

142 1283 247 1338 negare
262 1282 320 1320 uon
332 1281 448 1336 possum
463 1281 565 1335 corpus
577 1266 648 1320 mihi
664 1267 790 1321 animam
803 1266 906 1321 videri:
921 1283 988 1321 nam
1041 1268 1075 1320 E.
1088 1264 1173 1319 Valde
1188 1263 1317 1319 memini.
1334 1266 1370 1319 A.
1388 1266 1468 1320 Nunc
1483 1281 1554 1336 ergo
1567 1267 1645 1337 quia
1659 1267 1729 1336 ejus
1741 1266 1819 1322 iacta
1830 1282 1896 1322 man·

141 1356 198 1409 tale
215 1355 323 1425 aliquid
337 1370 400 1408 earn
414 1369 474 1407 esse
493 1353 598 1423 cogito.
617 1355 653 1408 A.
670 1356 777 1424 Corpus
791 1354 907 1425 quidem
919 1370 987 1409 ren·
1042 1353 1083 1406 tio
1098 1358 1149 1418 est,
1166 1352 1324 1407 recordaris
1338 1358 1445 1424 quanta
1460 1359 1489 1408 et
1508 1355 1608 1425 qualis
1624 1355 1694 1408 sit?
1718 1357 1755 1410 Ε.
1773 1356 1899 1410 Recorder

142 1447 204 1497 tum
216 1458 276 1496 esse
291 1447 349 1495 tam
364 1442 501 1506 concedo,
517 1458 605 1512 quam
620 1441 642 1495 si
655 1458 701 1496 me
717 1443 751 1496 de
762 1442 851 1496 ssuctu
866 1442 987 1496 interro·
1042 1456 1120 1507 sane,
1134 1455 1166 1494 ac
1176 1439 1248 1494 nihil
1259 1440 1401 1494 recentius
1413 1447 1500 1511 atque
1509 1441 1663 1512 integrius
1674 1441 1690 1495 t
1700 1443 1741 1498 A.
1756 1442 1899 1513 Nuncergc

142 1545 233 1601 gares.
245 1530 316 1583 Nam
328 1529 399 1582 nihil
413 1529 490 1583 aliud
505 1545 592 1599 quam
603 1530 689 1584 istum
704 1545 798 1583 aerem
813 1533 988 1584 commotum
1042 1543 1108 1583 cnm
1123 1526 1212 1581 oculis
1227 1542 1290 1582 eam
1306 1543 1365 1581 non
1388 1527 1494 1591 videas,
1510 1529 1613 1584 animo
1629 1529 1730 1584 vides.
1747 1532 1783 1585 Ε.
1803 1531 1843 1584 lta
1853 1536 1895 1585 est.

141 1633 174 1671 ac
193 1616 333 1686 agitatum
358 1621 474 1670 ventum
501 1634 562 1672 esse
588 1618 746 1685 sentimus;
771 1619 846 1689 quod
873 1618 903 1672 in
925 1618 987 1672 loco
1043 1618 1080 1671 A.
1097 1615 1260 1682 Meministi,
1285 1617 1368 1671 credo
1390 1615 1488 1683 etiam,
1507 1622 1625 1688 quanto
1648 1618 1749 1689 spatio
1773 1622 1898 1673 terrama

141 1703 387 1775 tranquillissimo,
404 1710 433 1758 et
447 1704 482 1759 ab
497 1704 631 1759 omnibus
645 1705 734 1759 ventis
748 1705 927 1776 quietissimo
944 1705 986 1759 rel
1044 1720 1119 1759 nunc
1134 1721 1150 1758 a
1164 1703 1246 1758 nobis
1259 1704 1343 1774 longe
1355 1704 1436 1758 absit.
1449 1707 1482 1759 E.
1499 1705 1541 1759 lta
1551 1708 1581 1759 et
1590 1706 1655 1760 lroc
1666 1705 1807 1761 memini.
1820 1708 1855 1762 A.
1866 1707 1899 1760 l'i

140 1793 220 1847 brevi
240 1791 353 1845 flabello
378 1791 530 1861 approbari
552 1796 655 1862 potest,
680 1808 738 1863 quo
765 1793 851 1847 etiam
876 1808 988 1846 muscas

139 1881 287 1951 abigentes
309 1894 406 1934 aerem
424 1894 646 1943 commovemus,
665 1879 823 1950 ilatumque
837 1880 986 1935 sentimus.

41 1964 47 1973 ’
140 1968 220 2032 erod
242 1983 307 2021 cum
329 1967 456 2021 evenerit
474 1967 627 2022 occultiore
648 1967 773 2038 quodam
800 1971 882 2022 motu
905 1970 987 2023 coele·

140 2056 227 2110 stium
237 2055 281 2110 vel
291 2058 473 2109 terrenorum
484 2069 638 2124 corporum
648 2070 700 2125 per
714 2071 852 2126 magnum
862 2056 988 2126 spatium

140 2142 249 2209 mundi,
266 2145 368 2196 ventus
388 2146 517 2207 vocatur,
534 2158 569 2196 ex
582 2142 701 2197 diversis
715 2143 844 2213 partibus
858 2143 922 2198 coeli
937 2160 988 2198 no-

139 2231 219 2286 mina
232 2229 319 2283 etiam
343 2229 454 2284 diversa
475 2229 602 2284 sortitus.
618 2232 662 2285 An
676 2230 727 2284 tibi
747 2231 830 2285 aliter
852 2231 989 2287 videtur?

139 2321 173 2373 Ε.
189 2317 257 2372 ldilii
277 2332 344 2371 vero
368 2315 452 2383 nihil,
474 2321 502 2370 ct
523 2317 671 2387 probabile
694 2333 755 2373 esse
776 2319 884 2390 accipio
909 2320 987 2391 quod

139 2404 228 2460 dicis:
244 2404 294 2458 sed
316 2419 368 2474 ego
390 2405 516 2458 animam
537 2420 594 2459 non
609 2404 705 2475 ipsum
719 2412 845 2470 rentum,
861 2408 910 2462 sed
931 2408 987 2463 tale

140 2492 249 2564 aliquid
271 2508 331 2546 esse
353 2491 422 2547 dixi.
442 2493 477 2546 A.
502 2492 551 2546 llic
572 2492 644 2547 mihi
668 2493 759 2563 prius,
777 2498 875 2548 utrum
890 2494 987 2565 ipsum

139 2586 256 2637 rentum
271 2582 351 2652 qu'us
363 2581 541 2635 mentionem
555 2581 657 2647 fecisti,
667 2581 773 2637 habere
788 2581 916 2653 aliquam
927 2584 988 2638 lon·

139 2669 310 2742 gitudinem‚
325 2668 505 2724 latitudinem
515 2673 544 2724 et
555 2669 737 2725 altitudinem
748 2670 863 2725 sentias.
879 2672 987 2727 Deinde

140 2757 301 2812 videbimus
313 2761 411 2811 utrum
423 2758 479 2812 tale
494 2757 603 2827 aliquid
618 2758 715 2812 anima
728 2757 775 2825 sit,
789 2763 823 2813 ut
834 2758 887 2813 hoc
899 2760 985 2815 modo

139 2844 227 2900 etiam
242 2848 348 2916 quanta
370 2844 415 2908 sit,
438 2844 611 2916 investigare
623 2846 774 2917 possimus.
792 2849 826 2902 Ε.
845 2847 918 2911 Quid
934 2848 987 2903 hoc

139 2949 204 2988 aere
218 2933 341 3003 longius,
358 2937 386 2988 et
401 2933 498 2996 latius,
511 2937 539 2987 et
553 2933 730 2988 altiuslaciie
745 2934 867 2990 inveniri
882 2940 985 3006 potest,

139 3037 226 3092 quem
240 3024 416 3076 commotum
430 3025 547 3075 rentum
557 3038 617 3076 esse
631 3038 709 3078 nunc
724 3022 815 3077 abste
830 3023 903 3078 mihi
918 3040 1002 3094 per·.

139 3123 256 3164 suasum
272 3108 337 3162 est‘l

307 3194 420 3248 CAPUT
434 3194 465 3249 V.
479 3224 513 3235 -
526 3195 642 3263 Infinita
656 3197 816 3252 animosis.

172 3288 199 3338 7.
216 3283 253 3338 A.
270 3283 355 3338 Recte
367 3281 449 3337 dicis:
475 3282 524 3337 sed
539 3283 746 3355 numquidnam
766 3285 891 3340 animam
905 3289 985 3341 tuam

137 3375 220 3443 putas
234 3386 294 3425 csse
308 3369 404 3424 nisiin
418 3385 538 3439 corpore
552 3372 622 3436 tuot
636 3374 669 3426 Ε.
683 3372 723 3425 lta
737 3375 817 3441 puto.
833 3373 870 3428 A.
883 3374 986 3429 lutrin-

136 3476 216 3514 secus
238 3462 360 3525 tantum,
376 3461 408 3512 nt
428 3462 566 3530 tanquam
588 3463 680 3513 utrem
697 3458 850 3530 impleat2:
866 3478 904 3516 an
917 3467 982 3517 tan-

136 3553 199 3602 tum
213 3546 380 3613 lorinsecus,
395 3546 473 3601 velut
493 3545 659 3613 tectorium;
674 3563 712 3601 an
727 3553 755 3602 et
768 3547 941 3605 intrinsecus
955 3556 984 3606 et

138 3636 311 3692 extrinsecus
325 3651 387 3690 eam
403 3650 463 3690 esse
486 3635 655 3690 arbitraris?
676 3638 709 3690 Ε.
727 3637 783 3690 lloc
799 3639 891 3692 sentio
906 3640 983 3710 quod

137 3725 272 3779 ultimum
288 3721 442 3794 requisisti.
464 3722 534 3776 Nam
549 3722 605 3776 nisi
625 3728 698 3777 esset
712 3724 894 3796 intrinsecus,
912 3727 982 3782 nibil

138 3812 168 3865 in
181 3810 335 3864 visceribus
353 3808 458 3864 nostris
480 3809 564 3865 vitale
587 3809 758 3880 haberetur3
774 3814 829 3868 nisi
849 3818 922 3869 essct
936 3831 982 3869 ex-

137 3898 287 3965 trinsecus,
304 3913 363 3950 non
382 3896 469 3950 etiam
490 3897 521 3950 in
544 3902 607 3952 cute
630 3898 730 3952 leviter
751 3901 864 3970 possit·
878 3903 982 3957 sentire

135 3991 321 4059 pungentem.
336 3987 374 4038 A.
390 3983 464 4048 Qirid
479 3999 547 4054 ergo
566 3985 689 4057 amplius
703 3988 807 4058 quaeris
822 3994 929 4061 quante
947 3991 984 4046 sit

136 4077 241 4144 anima,
257 4091 322 4130 cum
344 4073 438 4128 videas
452 4089 512 4127 esse
525 4077 634 4128 tantam
649 4080 787 4145 quantam
807 4077 870 4149 ipsa
891 4081 982 4150 spatia

137 4164 265 4236 corporis
285 4162 458 4235 patiuntur?
471 4163 505 4216 Ε.
521 4160 551 4216 Si
570 4161 625 4216 hoc
638 4162 711 4218 ratio
727 4164 817 4232 docet,
834 4166 905 4221 nihil
920 4185 981 4223 am-

135 4254 212 4327 plius
233 4251 359 4324 requiro.
380 4251 416 4306 A.
439 4250 526 4304 Recte
539 4249 607 4304 facis
628 4250 701 4306 nihil
715 4268 844 4324 quaerere
858 4257 982 4327 amplius

136 4359 223 4414 quam
245 4342 327 4396 docet
339 4338 423 4393 ratio.
446 4337 501 4393 Sed
521 4337 582 4392 hoec
603 4339 676 4394 ratio
700 4341 846 4397 videturne
864 4345 917 4399 tibi
932 4345 981 4399 iir-

135 4429 329 4484 missima‘lil.
343 4427 462 4492 Quando
479 4426 564 4481 aliam
578 4442 636 4481 uon
648 4428 772 4496 invenio,
789 4431 907 4487 videtur.
924 4433 980 4488 Suo

136 4518 213 4571 enim
228 4519 288 4570 loco
307 4531 446 4586 quaeram,
462 4513 539 4584 quod
555 4529 600 4567 me
619 4515 742 4568 muitum
757 4522 861 4584 movet,
882 4525 979 4575 utrum

135 4601 196 4655 huuc
217 4603 309 4672 ligura
323 4603 423 4656 eadem
446 4604 561 4655 maneat
583 4616 648 4654 curn
669 4617 787 4673 corpore
808 4606 978 4661 excesserit:

134 4703 202 4744 nam
217 4689 270 4742 hoc
289 4688 362 4742 inter
377 4688 554 4743 discutienda
568 4688 701 4744 ultimum
715 4706 761 4744 me
777 4693 903 4762 posuisse
920 4711 978 4749 me·

134 4774 216 4831 mini.
232 4775 287 4829 Sed
310 4777 446 4845 quoniam
468 4778 503 4832 de
518 4793 638 4833 numero
661 4778 823 4834 animarum
837 4797 976 4852 quaerere,

133 4864 169 4920 ad
181 4862 368 4935 quantitatem
388 4865 459 4919 mihi
474 4865 586 4920 videtur
603 4866 759 4937 pertinere,
775 4884 833 4922 nou
848 4885 909 4924 esse
924 4871 977 4924 hoc

132 4954 194 5009 loco
209 4953 439 5023 pretereundum
454 4953 593 5010 existimo.
607 4957 642 5010 A.
664 4957 726 5010 Non
741 4955 899 5027 incongrua
914 4958 976 5012 exi·

132 5042 240 5110 stimas,
256 5040 304 5094 sed
323 5040 402 5111 prius
417 5040 452 5096 de
471 5043 563 5112 spatio
576 5045 637 5115 ejus
653 5046 729 5116 quod
744 5062 791 5101 me
806 5046 899 5101 adhuc
913 5062 977 5100 mo-

130 5136 186 5201 vet,
201 5129 386 5202 explicemus,
406 5129 430 5182 si
451 5130 556 5202 placet,
576 5137 608 5187 nt
630 5133 715 5189 etiam
734 5151 787 5206 ego
810 5134 916 5207 aliquid
932 5135 974 5189 di·

161 5304 168 5337 ¹
184 5303 265 5352 luxta
278 5301 352 5360 Lon,
370 5311 452 5363 quarn
466 5299 487 5348 st
501 5299 591 5350 mmor
600 5303 769 5367 corporebus.
802 5306 836 5355 tl.

157 5363 253 5423 ’Edd.,
265 5365 297 5414 ut
308 5366 445 5426 tamquam
457 5374 526 5424 aqua
540 5367 627 5414 utrem
635 5368 750 5429 implent.
758 5367 791 5418 At
803 5381 818 5417 ι
828 5367 888 5417 Μιι.
902 5367 974 5418 abest

128 5437 280 5542 ⁰i“‘}·„„·,‚
290 5488 368 5551 juna
381 5486 422 5535 nr.
439 5485 504 5536 ren.
522 5485 582 5535 nov.
617 5487 650 5536 ιι.

1043 1793 1092 1847 des
1101 1792 1198 1862 itaque
1211 1791 1307 1847 animo
1322 1791 1408 1846 etiam
1419 1792 1511 1862 ipsam
1526 1793 1667 1848 locorum
1678 1794 1859 1849 distantiam
1872 1797 1896 1850 Ε.

1043 1879 1141 1934 Video.
1162 1881 1198 1935 A.
1216 1880 1286 1934 Cum
1307 1879 1396 1949 igitur
1415 1881 1513 1935 anima
1532 1885 1584 1934 tua
1599 1880 1653 1935 laic
1676 1881 1717 1935 sit
1733 1881 1789 1936 ubi
1801 1898 1897 1953 corpus,

1042 1983 1095 2022 nec
1109 1969 1184 2022 ultra
1204 1967 1328 2038 spatium
1350 1968 1412 2038 eJ'us
1433 1967 1611 2039 porrigatur,
1628 1973 1665 2023 ut
1686 1971 1828 2040 superior
1839 1970 1896 2024 raia

1042 2054 1262 2116 demonstrabat,
1287 2055 1363 2109 unde
1378 2055 1458 2109 litut
1480 2055 1529 2109 illa
1543 2056 1650 2110 omnia
1670 2056 1799 2112 rideat?
1811 2061 1842 2113 Ε.
1856 2059 1896 2112 Per

1043 2142 1213 2197 memoriam
1227 2141 1283 2196 hoc
1297 2141 1359 2196 lieri
1368 2146 1448 2212 puto,
1462 2158 1520 2196 non
1531 2144 1616 2214 quod
1631 2143 1694 2198 illis
1707 2145 1785 2200 locis
1796 2145 1830 2199 sit
1840 2161 1897 2217 pro

1043 2247 1116 2285 sens.
1140 2232 1176 2286 A.
1201 2229 1344 2300 lmagines
1372 2245 1439 2301 ergo
1461 2230 1579 2285 illorum
1602 2232 1748 2287 locorum
1774 2234 1895 2288 memoria

1043 2317 1235 2373 continentur.
1251 2320 1284 2372 Ε.
1299 2319 1341 2372 lta
1354 2317 1464 2386 sentio;
1478 2334 1544 2373 nam
1559 2320 1682 2392 etquid
1696 2321 1743 2376 ibi
1758 2337 1895 2393 nuncaga·

1043 2407 1090 2458 tur
1108 2403 1226 2474 ignoro,
1242 2405 1320 2475 quod
1343 2405 1441 2476 utique
1465 2421 1525 2461 non
1547 2406 1739 2478 ignorarem,
1757 2411 1783 2465 si
1800 2412 1895 2465 mimus

1042 2507 1123 2546 meus
1145 2508 1237 2563 usque
1259 2493 1296 2547 ad
1319 2508 1353 2547 ea
1371 2494 1434 2548 loca
1454 2495 1670 2566 porrigeretur,
1693 2500 1894 2570 praesentisque

1041 2580 1169 2634 sentiret.
1191 2582 1227 2635 A.
1253 2581 1358 2635 Verum
1382 2581 1453 2636 mihi
1473 2582 1581 2637 videris
1609 2584 1737 2641 dicere:
1764 2588 1815 2643 sed
1834 2592 1894 2642 certe

1040 2668 1104 2722 istae
1122 2667 1264 2738 imagines
1287 2685 1441 2740 corporum
1461 2674 1538 2725 sunt.
1562 2673 1601 2726 Ε.
1632 2673 1680 2728 lta
1706 2691 1825 2731 necesse
1842 2682 1891 2730 ast:

1040 2772 1100 2810 non
1115 2756 1194 2810 enim
1208 2756 1285 2812 aliud
1299 2762 1365 2811 sunt
1386 2759 1470 2812 urbes
1478 2763 1644 2831 terreque,
1666 2777 1765 2833 quam
1780 2780 1892 2836 corpora.

1077 2846 1103 2897 9.
1118 2846 1157 2897 Α.
1185 2844 1376 2916 Nunquamne
1399 2845 1520 2901 intuitus
1539 2862 1571 2901 es
1591 2863 1690 2918 parra
1717 2852 1843 2922 specilla,
1855 2858 1893 2906 aut

1040 2947 1190 3003 nunquam
1203 2931 1235 2986 in
1249 2933 1359 3003 pupilla
1374 2934 1448 2988 oculi
1463 2933 1549 2988 alieni
1563 2934 1678 2993 faciem
1694 2944 1781 2994 tuam
1795 2941 1892 2995 vidistit

1041 3022 1074 3075 Ε.
1088 3020 1149 3073 Imo
1168 3036 1253 3091 saepe.
1269 3022 1307 3076 A.
1324 3022 1380 3076 Cur
1401 3022 1492 3077 multo
1512 3022 1633 3078 brevior
1648 3042 1748 3097 quam
1765 3035 1807 3084 ast
1819 3044 1890 3100 appa·

1004 3162 1006 3166 ,
1040 3109 1107 3162 ret?
1129 3110 1162 3163 Ε.
1178 3108 1251 3172 Quid
1277 3108 1355 3163 euim
1370 3111 1456 3164 velles
1476 3110 1554 3165 aliud
1569 3127 1667 3183 quam
1691 3121 1726 3171 ut
1747 3134 1801 3188 pro
1822 3119 1889 3172 mode

1039 3193 1148 3265 speculi
1163 3195 1332 3251 videretur?
1345 3198 1381 3252 A.
1398 3199 1517 3254 Necesse
1531 3203 1578 3255 est
1591 3217 1668 3273 ergo
1686 3204 1831 3278 imagines
1841 3223 1886 3260 eor·

1039 3298 1152 3354 porum,
1168 3284 1192 3337 si
1214 3300 1302 3355 parva
1327 3291 1394 3340 sunt
1416 3302 1537 3357 corpora
1559 3288 1733 3362 inquibus
1758 3300 1885 3366 apparent

1039 3387 1140 3441 parvas
1162 3389 1310 3443 apparere.
1325 3375 1359 3429 Ε.
1381 3376 1500 3430 Necesse
1523 3378 1662 3434 omnino.
1691 3384 1732 3437 A.
1759 3385 1884 3454 emerge,

1039 3475 1105 3513 cum
1119 3464 1178 3514 tam
1190 3477 1277 3531 parvo
1291 3463 1382 3533 spatio
1395 3464 1432 3518 sit
1444 3464 1541 3519 anima
1551 3481 1646 3537 quam
1658 3486 1772 3543 corpus
1784 3474 1883 3543 estejns

1039 3551 1098 3601 tarn
1113 3564 1225 3615 magnae
1235 3549 1266 3603 in
1278 3566 1312 3604 ea
1326 3556 1447 3621 possunt
1458 3552 1583 3623 exprimi
1595 3554 1763 3629 imagines,
1778 3567 1840 3616 utet
1851 3576 1883 3614 ur·

1038 3635 1098 3702 bes,
1122 3642 1151 3690 et
1165 3637 1283 3693 latitudo
1305 3642 1457 3709 terrarum,
1481 3647 1510 3696 et
1534 3659 1670 3716 quaeque
1698 3649 1760 3704 alia
1779 3648 1883 3721 ingentis

1038 3723 1116 3793 apud
1128 3740 1157 3777 se
1178 3725 1266 3795 possit
1284 3726 1457 3797 imaginari?
1482 3729 1552 3785 Volo
1579 3733 1666 3789 enim
1686 3737 1799 3808 cogitas
1816 3738 1881 3808 paulu

1038 3811 1210 3882 diligentius,
1230 3820 1338 3884 quanta
1361 3820 1390 3871 et
1412 3832 1498 3887 quem
1522 3819 1619 3876 multa
1638 3827 1790 3881 memoria
1808 3830 1881 3881 nostra

1037 3899 1191 3967 contineat,
1208 3917 1273 3971 quae
1297 3902 1397 3974 utique
1421 3905 1516 3960 anima
1528 3908 1743 3968 continentur.
1763 3915 1813 3979 Qui
1830 3929 1880 3984 crgo

1037 3985 1143 4040 fundus
1156 3993 1208 4054 est,
1222 3988 1273 4059 qui
1284 3989 1374 4056 sinus,
1385 4007 1450 4062 quae
1459 3991 1647 4051 immensitas
1658 4015 1731 4070 qnae
1740 4002 1828 4073 possit
1836 4003 1878 4055 lec

1037 4091 1149 4145 capere,
1170 4092 1235 4131 cum
1248 4081 1277 4132 et
1297 4093 1361 4133 eam
1377 4083 1485 4135 ιιιιιιιιι
1496 4088 1646 4153 quantum
1672 4105 1782 4161 corpus
1795 4097 1834 4145 est
1844 4105 1877 4141 sn-

1036 4163 1133 4234 perior
1158 4164 1231 4218 ratio
1251 4166 1381 4222 docuisse
1395 4167 1543 4225 rideatur?
1559 4173 1595 4226 Ε.
1613 4174 1685 4231 Νοιι
1699 4178 1814 4234 invenio
1826 4175 1877 4249 quil

1036 4252 1235 4322 respondeam,
1260 4270 1313 4309 nec
1337 4256 1404 4310 satis
1427 4257 1571 4328 explicare
1592 4277 1735 4333 possum,
1759 4272 1876 4340 quantun

1037 4339 1151 4394 meista
1173 4346 1324 4397 moveant:
1345 4348 1374 4398 et
1397 4346 1521 4400 multum
1538 4363 1588 4403 ma
1607 4348 1678 4420 ipse
1700 4354 1825 4422 derideo,
1841 4351 1876 4424 qui

1037 4427 1177 4498 superiori
1200 4429 1306 4484 rationi
1327 4435 1386 4485 tam
1409 4432 1464 4488 cito
1483 4450 1721 4509 consenseram„
1735 4449 1768 4498 ut
1789 4460 1819 4499 ex
1837 4443 1876 4496 islo

1035 4515 1161 4586 corporis
1176 4517 1263 4572 modo
1282 4523 1389 4589 quanta
1403 4520 1439 4575 sit
1453 4522 1548 4577 anima
1564 4528 1775 4587 terminarem.
1791 4537 1815 4588 A
1829 4532 1876 4586 Non

1035 4620 1102 4675 ergo
1114 4605 1175 4675 jam
1191 4605 1244 4660 tibi
1256 4607 1312 4661 tale
1328 4608 1437 4680 aliquid
1450 4609 1574 4680 ridetur,
1591 4617 1694 4686 qualis
1713 4625 1814 4674 ventus
1827 4615 1876 4672 esti

1034 4695 1066 4746 Ε.
1092 4693 1174 4747 Nullo
1197 4694 1302 4749 modo:
1325 4711 1392 4751 nam
1408 4697 1519 4752 etiamsi
1541 4716 1593 4755 aer
1619 4703 1681 4761 iste
1705 4709 1790 4779 cujus
1812 4704 1875 4779 qua‘i

1033 4778 1152 4834 fluctum
1166 4785 1283 4836 ventum
1294 4798 1354 4838 esse
1366 4784 1554 4855 probabiliter
1567 4790 1715 4856 creditur,
1727 4796 1875 4851 universum

1031 4866 1119 4920 istum
1140 4869 1281 4924 mumdum
1304 4871 1395 4940 possit
1416 4871 1546 4943 implere,
1568 4875 1804 4938 innumerabiles
1820 4883 1875 4937 tales

1031 4958 1183 5027 tantosque
1210 4958 1335 5013 mundos
1360 4976 1456 5016 secum
1475 4962 1573 5018 anima
1598 4965 1765 5041 imaginari
1788 4975 1873 5045 potest

1031 5059 1101 5114 quas
1114 5044 1253 5116 imagines
1265 5063 1322 5118 quo
1333 5048 1424 5118 spatio
1438 5051 1585 5107 contineat
1598 5058 1748 5128 suspicari
1761 5078 1816 5116 non
1824 5075 1874 5132 pur

1030 5147 1104 5188 sum.
1120 5134 1157 5188 A.
1173 5133 1241 5188 Vide
1261 5151 1329 5207 ergo
1345 5153 1381 5192 ne
1395 5138 1496 5193 melius
1511 5140 1548 5195 sit
1563 5157 1629 5198 eam
1645 5149 1780 5215 credere,
1796 5155 1826 5205 ut
1836 5165 1872 5202 su·

1029 5220 1126 5292 perine
1149 5213 1287 5292 dixeram,
1311 5240 1363 5279 uec
1378 5226 1505 5298 longam,
1520 5243 1574 5283 nec
1589 5231 1694 5304 latam,
1719 5252 1774 5292 nec
1788 5237 1871 5300 altam

1029 5308 1102 5364 sicut
1115 5309 1187 5364 mihi
1208 5311 1243 5366 de
1259 5312 1370 5383 justitia
1385 5330 1573 5373 concesseras.
1596 5321 1633 5374 Ε.
1651 5323 1749 5380 Facile
1765 5324 1871 5381 assenti-

1029 5414 1100 5465 rem,
1112 5399 1223 5454 nisime
1236 5402 1300 5472 plus
1313 5404 1504 5474 conturbaret,
1520 5422 1579 5477 quo
1592 5425 1715 5468 rursum
1729 5420 1812 5487 paeto
1823 5421 1872 5470 tau

1029 5488 1125 5541 torum
1135 5487 1293 5560 spatiorum
1302 5489 1442 5564 imagines
1455 5493 1688 5557 innumerabiles
1702 5505 1839 5560 nullasne
1849 5520 1871 5558 e·
