<?xml version="1.0" encoding="UTF-8"?>
<!DOCTYPE html PUBLIC "-//W3C//DTD XHTML 1.0 Transitional//EN"
    "http://www.w3.org/TR/xhtml1/DTD/xhtml1-transitional.dtd">
<html xmlns="http://www.w3.org/1999/xhtml" xml:lang="en" lang="en">
 <head>
  <title>
</title>
<meta http-equiv="Content-Type" content="text/html;charset=utf-8" />
  <meta name='ocr-system' content='tesseract 3.04.00' />
  <meta name='ocr-capabilities' content='ocr_page ocr_carea ocr_par ocr_line ocrx_word'/>
</head>
<body>
  <div class='ocr_page' id='page_1' title='image "./patrologiaecurs02migngoog_0232.png"; bbox 0 0 3884 6112; ppageno 0'>
   <div class='ocr_carea' id='block_1_1' title="bbox 132 240 1881 306">
    <p class='ocr_par' dir='ltr' id='par_1_1' title="bbox 132 240 1881 306">
     <span class='ocr_line' id='line_1_1' title="bbox 132 240 1881 306; baseline 0 -1"><span class='ocrx_word' id='word_1_1' title='bbox 132 251 185 306; x_wconf 75' lang='lat' dir='ltr'><strong>tia</strong></span> <span class='ocrx_word' id='word_1_2' title='bbox 737 249 825 306; x_wconf 83' lang='lat' dir='ltr'>VITA</span> <span class='ocrx_word' id='word_1_3' title='bbox 851 248 879 304; x_wconf 89' lang='lat' dir='ltr'><strong>S.</strong></span> <span class='ocrx_word' id='word_1_4' title='bbox 900 246 1093 306; x_wconf 81' lang='lat' dir='ltr'><strong>AUGUSTINI</strong></span> <span class='ocrx_word' id='word_1_5' title='bbox 1122 245 1292 304; x_wconf 85' lang='lat' dir='ltr'><strong>EPISCOPI.</strong></span> <span class='ocrx_word' id='word_1_6' title='bbox 1839 240 1881 305; x_wconf 82' lang='lat' dir='ltr'><strong>itt</strong></span> 
     </span>
    </p>
   </div>
   <div class='ocr_carea' id='block_1_2' title="bbox 45 364 1892 1239">
    <p class='ocr_par' dir='ltr' id='par_1_2' title="bbox 45 364 1888 977">
     <span class='ocr_line' id='line_1_2' title="bbox 134 364 1887 440; baseline -0.003 -11"><span class='ocrx_word' id='word_1_7' title='bbox 134 378 198 429; x_wconf 87' lang='lat' dir='ltr'><strong>tore</strong></span> <span class='ocrx_word' id='word_1_8' title='bbox 214 371 325 429; x_wconf 90' lang='lat' dir='ltr'><strong>Christo</strong></span> <span class='ocrx_word' id='word_1_9' title='bbox 339 372 450 427; x_wconf 91' lang='lat' dir='ltr'><strong>nullum</strong></span> <span class='ocrx_word' id='word_1_10' title='bbox 464 388 537 440; x_wconf 88' lang='lat' dir='ltr'><strong>esse,</strong></span> <span class='ocrx_word' id='word_1_11' title='bbox 552 373 595 428; x_wconf 84' lang='lat' dir='ltr'><strong>rel</strong></span> <span class='ocrx_word' id='word_1_12' title='bbox 610 372 707 435; x_wconf 88' lang='lat' dir='ltr'><strong>fuisse,</strong></span> <span class='ocrx_word' id='word_1_13' title='bbox 722 371 767 427; x_wconf 81' lang='lat' dir='ltr'><strong>sel</strong></span> <span class='ocrx_word' id='word_1_14' title='bbox 781 370 912 427; x_wconf 84' lang='lat' dir='ltr'><strong>futurum</strong></span> <span class='ocrx_word' id='word_1_15' title='bbox 926 385 986 425; x_wconf 87' lang='lat' dir='ltr'><strong>essa</strong></span> <span class='ocrx_word' id='word_1_16' title='bbox 1040 373 1184 426; x_wconf 87' lang='lat' dir='ltr'><strong>caretura</strong></span> <span class='ocrx_word' id='word_1_17' title='bbox 1208 367 1316 436; x_wconf 91' lang='lat' dir='ltr'><strong>multis,</strong></span> <span class='ocrx_word' id='word_1_18' title='bbox 1332 382 1397 423; x_wconf 88' lang='lat' dir='ltr'><strong>eum</strong></span> <span class='ocrx_word' id='word_1_19' title='bbox 1419 384 1476 423; x_wconf 91' lang='lat' dir='ltr'><strong>non</strong></span> <span class='ocrx_word' id='word_1_20' title='bbox 1496 364 1638 424; x_wconf 82' lang='lat' dir='ltr'><strong>dubitarit</strong></span> <span class='ocrx_word' id='word_1_21' title='bbox 1654 365 1887 425; x_wconf 77' lang='lat' dir='ltr'><strong>honorificentias</strong></span> 
     </span>
     <span class='ocr_line' id='line_1_3' title="bbox 135 456 1888 532; baseline -0.003 -13"><span class='ocrx_word' id='word_1_22' title='bbox 135 460 285 519; x_wconf 89' lang='lat' dir='ltr'><strong>hominem</strong></span> <span class='ocrx_word' id='word_1_23' title='bbox 297 461 333 516; x_wconf 92' lang='lat' dir='ltr'><strong>ab</strong></span> <span class='ocrx_word' id='word_1_24' title='bbox 348 460 427 516; x_wconf 93' lang='lat' dir='ltr'><strong>omni</strong></span> <span class='ocrx_word' id='word_1_25' title='bbox 442 465 557 532; x_wconf 82' lang='lat' dir='ltr'><strong>peccato</strong></span> <span class='ocrx_word' id='word_1_26' title='bbox 572 460 785 515; x_wconf 89' lang='lat' dir='ltr'><strong>immunen1.ln</strong></span> <span class='ocrx_word' id='word_1_27' title='bbox 800 459 853 514; x_wconf 90' lang='lat' dir='ltr'><strong>hoc</strong></span> <span class='ocrx_word' id='word_1_28' title='bbox 863 458 986 514; x_wconf 90' lang='lat' dir='ltr'><strong>secundo</strong></span> <span class='ocrx_word' id='word_1_29' title='bbox 1041 459 1196 532; x_wconf 89' lang='lat' dir='ltr'><strong>appellare.</strong></span> <span class='ocrx_word' id='word_1_30' title='bbox 1212 459 1276 513; x_wconf 78' lang='lat' dir='ltr'><strong>llaec</strong></span> <span class='ocrx_word' id='word_1_31' title='bbox 1291 457 1340 512; x_wconf 91' lang='lat' dir='ltr'><strong>illa</strong></span> <span class='ocrx_word' id='word_1_32' title='bbox 1354 461 1397 512; x_wconf 93' lang='lat' dir='ltr'><strong>est</strong></span> <span class='ocrx_word' id='word_1_33' title='bbox 1411 457 1540 528; x_wconf 88' lang='lat' dir='ltr'><strong>proiecta</strong></span> <span class='ocrx_word' id='word_1_34' title='bbox 1560 457 1598 512; x_wconf 90' lang='lat' dir='ltr'><strong>ad</strong></span> <span class='ocrx_word' id='word_1_35' title='bbox 1619 456 1819 513; x_wconf 72' lang='lat' dir='ltr'><strong>Marcellinum</strong></span> <span class='ocrx_word' id='word_1_36' title='bbox 1836 458 1888 530; x_wconf 70' lang='lat' dir='ltr'><strong>eps</strong></span> 
     </span>
     <span class='ocr_line' id='line_1_4' title="bbox 45 544 1886 632; baseline -0.002 -27"><span class='ocrx_word' id='word_1_37' title='bbox 45 554 51 567; x_wconf 93' lang='grc'><em>“</em></span> <span class='ocrx_word' id='word_1_38' title='bbox 135 550 209 606; x_wconf 94' lang='lat' dir='ltr'><strong>libro</strong></span> <span class='ocrx_word' id='word_1_39' title='bbox 224 548 525 607; x_wconf 84' lang='lat' dir='ltr'><strong>libellumaCoelestio</strong></span> <span class='ocrx_word' id='word_1_40' title='bbox 539 548 661 604; x_wconf 92' lang='lat' dir='ltr'><strong>concilio</strong></span> <span class='ocrx_word' id='word_1_41' title='bbox 676 546 894 632; x_wconf 70' lang='lat' dir='ltr'><strong>Carthaginensi</strong></span> <span class='ocrx_word' id='word_1_42' title='bbox 908 547 986 602; x_wconf 90' lang='lat' dir='ltr'><strong>obla·</strong></span> <span class='ocrx_word' id='word_1_43' title='bbox 1040 549 1123 618; x_wconf 86' lang='lat' dir='ltr'><strong>stola,</strong></span> <span class='ocrx_word' id='word_1_44' title='bbox 1139 563 1226 619; x_wconf 92' lang='lat' dir='ltr'><strong>quam</strong></span> <span class='ocrx_word' id='word_1_45' title='bbox 1237 545 1412 618; x_wconf 77' lang='lat' dir='ltr'>Augustinus</span> <span class='ocrx_word' id='word_1_46' title='bbox 1426 545 1652 617; x_wconf 88' lang='lat' dir='ltr'><strong>Carthagine,ut</strong></span> <span class='ocrx_word' id='word_1_47' title='bbox 1662 544 1809 618; x_wconf 86' lang='lat' dir='ltr'><strong>prioribus</strong></span> <span class='ocrx_word' id='word_1_48' title='bbox 1821 545 1886 602; x_wconf 85' lang='lat' dir='ltr'><strong>dua·</strong></span> 
     </span>
     <span class='ocr_line' id='line_1_5' title="bbox 138 634 1887 711; baseline -0.001 -17"><span class='ocrx_word' id='word_1_49' title='bbox 138 643 212 707; x_wconf 90' lang='lat' dir='ltr'><strong>tum,</strong></span> <span class='ocrx_word' id='word_1_50' title='bbox 229 654 286 711; x_wconf 93' lang='lat' dir='ltr'><strong>quo</strong></span> <span class='ocrx_word' id='word_1_51' title='bbox 301 638 527 709; x_wconf 89' lang='lat' dir='ltr'><strong>redemptionem</strong></span> <span class='ocrx_word' id='word_1_52' title='bbox 540 637 746 710; x_wconf 79' lang='lat' dir='ltr'><strong>parvulisopus</strong></span> <span class='ocrx_word' id='word_1_53' title='bbox 760 636 986 705; x_wconf 87' lang='lat' dir='ltr'><strong>essetatcbatur,</strong></span> <span class='ocrx_word' id='word_1_54' title='bbox 1041 638 1094 694; x_wconf 90' lang='lat' dir='ltr'><strong>bus</strong></span> <span class='ocrx_word' id='word_1_55' title='bbox 1121 636 1201 692; x_wconf 91' lang='lat' dir='ltr'><strong>libris</strong></span> <span class='ocrx_word' id='word_1_56' title='bbox 1224 637 1405 708; x_wconf 88' lang='lat' dir='ltr'><strong>jungeretur,</strong></span> <span class='ocrx_word' id='word_1_57' title='bbox 1436 635 1588 707; x_wconf 74' lang='lat' dir='ltr'><strong>incoeptam</strong></span> <span class='ocrx_word' id='word_1_58' title='bbox 1617 634 1748 690; x_wconf 90' lang='lat' dir='ltr'><strong>nondum</strong></span> <span class='ocrx_word' id='word_1_59' title='bbox 1774 634 1887 692; x_wconf 87' lang='lat' dir='ltr'><strong>omnine</strong></span> 
     </span>
     <span class='ocr_line' id='line_1_6' title="bbox 140 722 1888 798; baseline -0.002 -15"><span class='ocrx_word' id='word_1_60' title='bbox 140 728 259 783; x_wconf 87' lang='lat' dir='ltr'><strong>obscura</strong></span> <span class='ocrx_word' id='word_1_61' title='bbox 273 727 367 798; x_wconf 88' lang='lat' dir='ltr'><strong>signat</strong></span> <span class='ocrx_word' id='word_1_62' title='bbox 386 725 434 797; x_wconf 84' lang='lat' dir='ltr'><strong>(lie</strong></span> <span class='ocrx_word' id='word_1_63' title='bbox 452 728 624 782; x_wconf 88' lang='lat' dir='ltr'><strong>Peccatornm</strong></span> <span class='ocrx_word' id='word_1_64' title='bbox 642 727 757 792; x_wconf 84' lang='lat' dir='ltr'><strong>meritis,</strong></span> <span class='ocrx_word' id='word_1_65' title='bbox 771 725 819 780; x_wconf 87' lang='lat' dir='ltr'><strong>lib.</strong></span> <span class='ocrx_word' id='word_1_66' title='bbox 836 728 863 789; x_wconf 77' lang='lat'><strong>2,</strong></span> <span class='ocrx_word' id='word_1_67' title='bbox 882 740 911 780; x_wconf 91' lang='lat' dir='ltr'><strong>n.</strong></span> <span class='ocrx_word' id='word_1_68' title='bbox 931 722 985 793; x_wconf 79' lang='lat'><strong>58).</strong></span> <span class='ocrx_word' id='word_1_69' title='bbox 1040 726 1206 798; x_wconf 77' lang='lat' dir='ltr'><strong>perfecerat,</strong></span> <span class='ocrx_word' id='word_1_70' title='bbox 1219 739 1277 796; x_wconf 90' lang='lat' dir='ltr'><strong>qua</strong></span> <span class='ocrx_word' id='word_1_71' title='bbox 1289 727 1417 794; x_wconf 88' lang='lat' dir='ltr'><strong>tempore</strong></span> <span class='ocrx_word' id='word_1_72' title='bbox 1433 723 1468 778; x_wconf 91' lang='lat' dir='ltr'><strong>de</strong></span> <span class='ocrx_word' id='word_1_73' title='bbox 1478 722 1681 794; x_wconf 81' lang='lat' dir='ltr'><strong>pervulgandis</strong></span> <span class='ocrx_word' id='word_1_74' title='bbox 1695 722 1784 796; x_wconf 89' lang='lat' dir='ltr'><strong>gestis</strong></span> <span class='ocrx_word' id='word_1_75' title='bbox 1794 728 1888 779; x_wconf 77' lang='lat' dir='ltr'><strong>conus</strong></span> 
     </span>
     <span class='ocr_line' id='line_1_7' title="bbox 139 810 1888 888; baseline -0.002 -16"><span class='ocrx_word' id='word_1_76' title='bbox 139 818 245 872; x_wconf 89' lang='lat' dir='ltr'><strong>Verum</strong></span> <span class='ocrx_word' id='word_1_77' title='bbox 260 820 356 888; x_wconf 88' lang='lat' dir='ltr'><strong>aperte</strong></span> <span class='ocrx_word' id='word_1_78' title='bbox 375 816 528 886; x_wconf 85' lang='lat' dir='ltr'><strong>protitetur</strong></span> <span class='ocrx_word' id='word_1_79' title='bbox 541 815 571 869; x_wconf 93' lang='lat' dir='ltr'><strong>in</strong></span> <span class='ocrx_word' id='word_1_80' title='bbox 589 813 858 882; x_wconf 83' lang='lat' dir='ltr'><strong>Retractationibus,</strong></span> <span class='ocrx_word' id='word_1_81' title='bbox 875 829 905 866; x_wconf 88' lang='lat' dir='ltr'><strong>sa</strong></span> <span class='ocrx_word' id='word_1_82' title='bbox 923 817 986 867; x_wconf 90' lang='lat' dir='ltr'><strong>tan·</strong></span> <span class='ocrx_word' id='word_1_83' title='bbox 1042 813 1201 870; x_wconf 84' lang='lat' dir='ltr'><strong>Donatistas</strong></span> <span class='ocrx_word' id='word_1_84' title='bbox 1238 811 1374 866; x_wconf 88' lang='lat' dir='ltr'><strong>coniectis</strong></span> <span class='ocrx_word' id='word_1_85' title='bbox 1407 810 1477 866; x_wconf 89' lang='lat' dir='ltr'><strong>alias</strong></span> <span class='ocrx_word' id='word_1_86' title='bbox 1509 810 1601 867; x_wconf 89' lang='lat' dir='ltr'><strong>eidem</strong></span> <span class='ocrx_word' id='word_1_87' title='bbox 1640 811 1751 868; x_wconf 76' lang='lat' dir='ltr'><strong>litteras</strong></span> <span class='ocrx_word' id='word_1_88' title='bbox 1780 812 1888 885; x_wconf 76' lang='lat' dir='ltr'><strong>scripsit</strong></span> 
     </span>
     <span class='ocr_line' id='line_1_8' title="bbox 137 900 1312 977; baseline -0.006 -15"><span class='ocrx_word' id='word_1_89' title='bbox 137 910 202 962; x_wconf 91' lang='lat' dir='ltr'><strong>tum</strong></span> <span class='ocrx_word' id='word_1_90' title='bbox 218 909 284 977; x_wconf 89' lang='lat' dir='ltr'><strong>post</strong></span> <span class='ocrx_word' id='word_1_91' title='bbox 303 903 378 960; x_wconf 90' lang='lat' dir='ltr'><strong>istud</strong></span> <span class='ocrx_word' id='word_1_92' title='bbox 396 903 561 977; x_wconf 76' lang='lat' dir='ltr'><strong>concilium,</strong></span> <span class='ocrx_word' id='word_1_93' title='bbox 582 904 663 974; x_wconf 89' lang='lat' dir='ltr'><strong>cujus</strong></span> <span class='ocrx_word' id='word_1_94' title='bbox 682 902 824 957; x_wconf 88' lang='lat' dir='ltr'><strong>sententia</strong></span> <span class='ocrx_word' id='word_1_95' title='bbox 841 902 920 957; x_wconf 90' lang='lat' dir='ltr'><strong>idem</strong></span> <span class='ocrx_word' id='word_1_96' title='bbox 939 901 987 969; x_wconf 85' lang='lat' dir='ltr'><strong>ille</strong></span> <span class='ocrx_word' id='word_1_97' title='bbox 1039 904 1142 977; x_wconf 80' lang='lat' dir='ltr'><strong>(Epist.</strong></span> <span class='ocrx_word' id='word_1_98' title='bbox 1156 903 1217 968; x_wconf 74' lang='lat'><strong>1³9,</strong></span> <span class='ocrx_word' id='word_1_99' title='bbox 1231 916 1259 955; x_wconf 90' lang='lat' dir='ltr'><strong>n.</strong></span> <span class='ocrx_word' id='word_1_100' title='bbox 1276 900 1312 972; x_wconf 86' lang='grc'><strong>3).</strong></span> 
     </span>
    </p>

    <p class='ocr_par' dir='ltr' id='par_1_3' title="bbox 139 988 1892 1239">
     <span class='ocr_line' id='line_1_9' title="bbox 139 988 1887 1063; baseline -0.002 -14"><span class='ocrx_word' id='word_1_101' title='bbox 139 993 402 1050; x_wconf 85' lang='lat' dir='ltr'><strong>excommunicatus</strong></span> <span class='ocrx_word' id='word_1_102' title='bbox 415 993 519 1063; x_wconf 85' lang='lat' dir='ltr'><strong>iuerat,</strong></span> <span class='ocrx_word' id='word_1_103' title='bbox 534 991 679 1063; x_wconf 89' lang='lat' dir='ltr'><strong>scripsisse</strong></span> <span class='ocrx_word' id='word_1_104' title='bbox 694 991 747 1046; x_wconf 90' lang='lat' dir='ltr'><strong>hos</strong></span> <span class='ocrx_word' id='word_1_105' title='bbox 761 991 849 1046; x_wconf 91' lang='lat' dir='ltr'><strong>libros</strong></span> <span class='ocrx_word' id='word_1_106' title='bbox 859 992 985 1062; x_wconf 76' lang='lat' dir='ltr'><strong>(Petraei.</strong></span> <span class='ocrx_word' id='word_1_107' title='bbox 1076 996 1101 1047; x_wconf 84' lang='lat'><strong>5.</strong></span> <span class='ocrx_word' id='word_1_108' title='bbox 1119 992 1151 1046; x_wconf 91' lang='lat' dir='ltr'><strong>In</strong></span> <span class='ocrx_word' id='word_1_109' title='bbox 1166 989 1290 1045; x_wconf 90' lang='lat' dir='ltr'><strong>secundo</strong></span> <span class='ocrx_word' id='word_1_110' title='bbox 1305 988 1379 1045; x_wconf 93' lang='lat' dir='ltr'><strong>libro</strong></span> <span class='ocrx_word' id='word_1_111' title='bbox 1395 989 1540 1055; x_wconf 79' lang='lat' dir='ltr'><strong>docuerat,</strong></span> <span class='ocrx_word' id='word_1_112' title='bbox 1555 988 1618 1045; x_wconf 86' lang='lat' dir='ltr'><strong>fieri</strong></span> <span class='ocrx_word' id='word_1_113' title='bbox 1639 1005 1724 1057; x_wconf 87' lang='lat' dir='ltr'><strong>posse</strong></span> <span class='ocrx_word' id='word_1_114' title='bbox 1736 993 1770 1044; x_wconf 91' lang='lat' dir='ltr'><strong>ut</strong></span> <span class='ocrx_word' id='word_1_115' title='bbox 1784 988 1821 1044; x_wconf 89' lang='lat' dir='ltr'><strong>sit</strong></span> <span class='ocrx_word' id='word_1_116' title='bbox 1837 989 1887 1045; x_wconf 87' lang='lat' dir='ltr'><strong>ho·</strong></span> 
     </span>
     <span class='ocr_line' id='line_1_10' title="bbox 140 1077 1887 1153; baseline -0.003 -15"><span class='ocrx_word' id='word_1_117' title='bbox 140 1085 190 1139; x_wconf 82' lang='lat' dir='ltr'><strong>no.</strong></span> <span class='ocrx_word' id='word_1_118' title='bbox 206 1086 233 1150; x_wconf 75' lang='lat' dir='ltr'><strong>t,</strong></span> <span class='ocrx_word' id='word_1_119' title='bbox 247 1098 309 1153; x_wconf 90' lang='lat' dir='ltr'><strong>cap.</strong></span> <span class='ocrx_word' id='word_1_120' title='bbox 323 1084 380 1153; x_wconf 85' lang='grc'><strong>33),</strong></span> <span class='ocrx_word' id='word_1_121' title='bbox 394 1082 422 1137; x_wconf 94' lang='lat' dir='ltr'><strong>id</strong></span> <span class='ocrx_word' id='word_1_122' title='bbox 437 1086 480 1137; x_wconf 89' lang='lat' dir='ltr'><strong>cst</strong></span> <span class='ocrx_word' id='word_1_123' title='bbox 493 1097 569 1136; x_wconf 91' lang='lat' dir='ltr'><strong>anuo</strong></span> <span class='ocrx_word' id='word_1_124' title='bbox 584 1080 868 1152; x_wconf 87' lang='lat' dir='ltr'><strong>quadringentesimo</strong></span> <span class='ocrx_word' id='word_1_125' title='bbox 884 1079 988 1135; x_wconf 90' lang='lat' dir='ltr'><strong>duode·</strong></span> <span class='ocrx_word' id='word_1_126' title='bbox 1041 1097 1089 1137; x_wconf 90' lang='lat' dir='ltr'><strong>rno</strong></span> <span class='ocrx_word' id='word_1_127' title='bbox 1105 1080 1165 1136; x_wconf 92' lang='lat' dir='ltr'><strong>sine</strong></span> <span class='ocrx_word' id='word_1_128' title='bbox 1180 1082 1305 1151; x_wconf 89' lang='lat' dir='ltr'><strong>peccato,</strong></span> <span class='ocrx_word' id='word_1_129' title='bbox 1317 1078 1341 1132; x_wconf 92' lang='lat' dir='ltr'><strong>si</strong></span> <span class='ocrx_word' id='word_1_130' title='bbox 1355 1077 1434 1145; x_wconf 83' lang='lat' dir='ltr'><strong>velit,</strong></span> <span class='ocrx_word' id='word_1_131' title='bbox 1447 1093 1512 1132; x_wconf 91' lang='lat' dir='ltr'><strong>cum</strong></span> <span class='ocrx_word' id='word_1_132' title='bbox 1528 1077 1578 1134; x_wconf 88' lang='lat' dir='ltr'><strong>Dei</strong></span> <span class='ocrx_word' id='word_1_133' title='bbox 1589 1077 1732 1150; x_wconf 88' lang='lat' dir='ltr'><strong>adjutorio</strong></span> <span class='ocrx_word' id='word_1_134' title='bbox 1744 1098 1753 1145; x_wconf 77' lang='lat'>3</span> <span class='ocrx_word' id='word_1_135' title='bbox 1763 1079 1887 1150; x_wconf 75' lang='lat' dir='ltr'><strong>quamne</strong></span> 
     </span>
     <span class='ocr_line' id='line_1_11' title="bbox 139 1165 1892 1239; baseline -0.003 -12"><span class='ocrx_word' id='word_1_136' title='bbox 139 1173 224 1227; x_wconf 85' lang='lat' dir='ltr'><strong>aimo.</strong></span> <span class='ocrx_word' id='word_1_137' title='bbox 242 1173 273 1226; x_wconf 93' lang='lat' dir='ltr'><strong>In</strong></span> <span class='ocrx_word' id='word_1_138' title='bbox 287 1170 332 1225; x_wconf 89' lang='lat' dir='ltr'><strong>his</strong></span> <span class='ocrx_word' id='word_1_139' title='bbox 354 1174 452 1225; x_wconf 90' lang='lat' dir='ltr'><strong>tamen</strong></span> <span class='ocrx_word' id='word_1_140' title='bbox 465 1169 585 1224; x_wconf 89' lang='lat' dir='ltr'><strong>tacenda</strong></span> <span class='ocrx_word' id='word_1_141' title='bbox 599 1169 692 1224; x_wconf 91' lang='lat' dir='ltr'><strong>adbuc</strong></span> <span class='ocrx_word' id='word_1_142' title='bbox 709 1169 862 1224; x_wconf 86' lang='lat' dir='ltr'><strong>arbitratus</strong></span> <span class='ocrx_word' id='word_1_143' title='bbox 881 1172 922 1223; x_wconf 90' lang='lat' dir='ltr'><strong>est</strong></span> <span class='ocrx_word' id='word_1_144' title='bbox 938 1166 987 1222; x_wconf 88' lang='lat' dir='ltr'><strong>ad·</strong></span> <span class='ocrx_word' id='word_1_145' title='bbox 1041 1170 1150 1236; x_wconf 87' lang='lat' dir='ltr'><strong>nullus,</strong></span> <span class='ocrx_word' id='word_1_146' title='bbox 1166 1171 1285 1239; x_wconf 85' lang='lat' dir='ltr'><strong>excepto</strong></span> <span class='ocrx_word' id='word_1_147' title='bbox 1302 1166 1423 1235; x_wconf 91' lang='lat' dir='ltr'><strong>Christo,</strong></span> <span class='ocrx_word' id='word_1_148' title='bbox 1439 1170 1498 1221; x_wconf 90' lang='lat' dir='ltr'><strong>tam</strong></span> <span class='ocrx_word' id='word_1_149' title='bbox 1515 1168 1649 1238; x_wconf 73' lang='lat' dir='ltr'><strong>periectas</strong></span> <span class='ocrx_word' id='word_1_150' title='bbox 1658 1165 1784 1238; x_wconf 82' lang='lat' dir='ltr'><strong>justitiae</strong></span> <span class='ocrx_word' id='word_1_151' title='bbox 1798 1167 1849 1223; x_wconf 85' lang='lat' dir='ltr'><strong>hac</strong></span> <span class='ocrx_word' id='word_1_152' title='bbox 1861 1168 1892 1222; x_wconf 91' lang='lat' dir='ltr'><strong>in·</strong></span> 
     </span>
    </p>
   </div>
   <div class='ocr_carea' id='block_1_3' title="bbox 134 1255 989 1329">
    <p class='ocr_par' dir='ltr' id='par_1_4' title="bbox 134 1255 989 1329">
     <span class='ocr_line' id='line_1_12' title="bbox 134 1255 989 1329; baseline -0.008 -13"><span class='ocrx_word' id='word_1_153' title='bbox 134 1260 328 1316; x_wconf 80' lang='lat' dir='ltr'><strong>versariorum</strong></span> <span class='ocrx_word' id='word_1_154' title='bbox 341 1258 460 1313; x_wconf 91' lang='lat' dir='ltr'><strong>nomina</strong></span> <span class='ocrx_word' id='word_1_155' title='bbox 471 1275 478 1325; x_wconf 88' lang='lat'>;</span> <span class='ocrx_word' id='word_1_156' title='bbox 491 1258 567 1329; x_wconf 91' lang='lat' dir='ltr'><strong>quod</strong></span> <span class='ocrx_word' id='word_1_157' title='bbox 582 1273 630 1312; x_wconf 89' lang='lat' dir='ltr'><strong>eos</strong></span> <span class='ocrx_word' id='word_1_158' title='bbox 644 1257 697 1312; x_wconf 92' lang='lat' dir='ltr'><strong>hac</strong></span> <span class='ocrx_word' id='word_1_159' title='bbox 708 1256 814 1329; x_wconf 90' lang='lat' dir='ltr'><strong>agendi</strong></span> <span class='ocrx_word' id='word_1_160' title='bbox 828 1256 939 1312; x_wconf 88' lang='lat' dir='ltr'><strong>ratione</strong></span> <span class='ocrx_word' id='word_1_161' title='bbox 949 1255 989 1310; x_wconf 89' lang='lat' dir='ltr'><strong>ia·</strong></span> 
     </span>
    </p>
   </div>
   <div class='ocr_carea' id='block_1_4' title="bbox 136 1344 988 1503">
    <p class='ocr_par' dir='ltr' id='par_1_5' title="bbox 136 1344 988 1503">
     <span class='ocr_line' id='line_1_13' title="bbox 136 1344 988 1418; baseline -0.007 -14"><span class='ocrx_word' id='word_1_162' title='bbox 136 1348 219 1404; x_wconf 91' lang='lat' dir='ltr'><strong>cilius</strong></span> <span class='ocrx_word' id='word_1_163' title='bbox 243 1362 326 1418; x_wconf 89' lang='lat' dir='ltr'><strong>posse</strong></span> <span class='ocrx_word' id='word_1_164' title='bbox 343 1347 449 1418; x_wconf 79' lang='lat' dir='ltr'><strong>corrigi</strong></span> <span class='ocrx_word' id='word_1_165' title='bbox 464 1349 601 1418; x_wconf 91' lang='lat' dir='ltr'><strong>speraret.</strong></span> <span class='ocrx_word' id='word_1_166' title='bbox 617 1346 676 1400; x_wconf 88' lang='lat' dir='ltr'><strong>iloc</strong></span> <span class='ocrx_word' id='word_1_167' title='bbox 695 1344 727 1399; x_wconf 92' lang='lat' dir='ltr'><strong>in</strong></span> <span class='ocrx_word' id='word_1_168' title='bbox 747 1360 833 1417; x_wconf 87' lang='lat' dir='ltr'><strong>opere</strong></span> <span class='ocrx_word' id='word_1_169' title='bbox 856 1344 988 1399; x_wconf 75' lang='lat' dir='ltr'><strong>meminit</strong></span> 
     </span>
     <span class='ocr_line' id='line_1_14' title="bbox 136 1426 985 1503; baseline -0.008 -15"><span class='ocrx_word' id='word_1_170' title='bbox 136 1430 315 1503; x_wconf 89' lang='lat' dir='ltr'><strong>Augustinus</strong></span> <span class='ocrx_word' id='word_1_171' title='bbox 327 1429 475 1500; x_wconf 84' lang='lat' dir='ltr'><strong>cujusdam</strong></span> <span class='ocrx_word' id='word_1_172' title='bbox 486 1445 520 1482; x_wconf 91' lang='lat' dir='ltr'><strong>ex</strong></span> <span class='ocrx_word' id='word_1_173' title='bbox 535 1443 568 1483; x_wconf 90' lang='lat' dir='ltr'><strong>co</strong></span> <span class='ocrx_word' id='word_1_174' title='bbox 582 1443 687 1501; x_wconf 87' lang='lat' dir='ltr'><strong>genere</strong></span> <span class='ocrx_word' id='word_1_175' title='bbox 702 1427 859 1494; x_wconf 82' lang='lat' dir='ltr'><strong>fatuorum,</strong></span> <span class='ocrx_word' id='word_1_176' title='bbox 874 1426 923 1500; x_wconf 93' lang='lat' dir='ltr'><strong>qui</strong></span> <span class='ocrx_word' id='word_1_177' title='bbox 938 1442 985 1481; x_wconf 89' lang='lat' dir='ltr'><strong>re·</strong></span> 
     </span>
    </p>
   </div>
   <div class='ocr_carea' id='block_1_5' title="bbox 136 1515 988 1680">
    <p class='ocr_par' dir='ltr' id='par_1_6' title="bbox 136 1515 988 1680">
     <span class='ocr_line' id='line_1_15' title="bbox 136 1515 988 1592; baseline -0.007 -16"><span class='ocrx_word' id='word_1_178' title='bbox 136 1520 224 1592; x_wconf 90' lang='lat' dir='ltr'><strong>liquis</strong></span> <span class='ocrx_word' id='word_1_179' title='bbox 245 1518 328 1574; x_wconf 88' lang='lat' dir='ltr'><strong>ludos</strong></span> <span class='ocrx_word' id='word_1_180' title='bbox 349 1517 487 1589; x_wconf 73' lang='lat' dir='ltr'><strong>praebent,</strong></span> <span class='ocrx_word' id='word_1_181' title='bbox 509 1516 653 1572; x_wconf 87' lang='lat' dir='ltr'><strong>moriones</strong></span> <span class='ocrx_word' id='word_1_182' title='bbox 673 1517 759 1588; x_wconf 76' lang='lat' dir='ltr'><strong>uulgo</strong></span> <span class='ocrx_word' id='word_1_183' title='bbox 781 1515 861 1572; x_wconf 90' lang='lat' dir='ltr'><strong>dicti.</strong></span> <span class='ocrx_word' id='word_1_184' title='bbox 879 1517 988 1571; x_wconf 77' lang='lat' dir='ltr'><strong>Talium</strong></span> 
     </span>
     <span class='ocr_line' id='line_1_16' title="bbox 137 1606 986 1680; baseline -0.006 -17"><span class='ocrx_word' id='word_1_185' title='bbox 137 1609 261 1680; x_wconf 86' lang='lat' dir='ltr'><strong>qnidam,</strong></span> <span class='ocrx_word' id='word_1_186' title='bbox 278 1607 327 1673; x_wconf 91' lang='lat' dir='ltr'><strong>ait,</strong></span> <span class='ocrx_word' id='word_1_187' title='bbox 341 1610 399 1675; x_wconf 79' lang='lat' dir='ltr'><strong>fnit</strong></span> <span class='ocrx_word' id='word_1_188' title='bbox 412 1609 453 1661; x_wconf 83' lang='lat' dir='ltr'><strong>ita</strong></span> <span class='ocrx_word' id='word_1_189' title='bbox 467 1607 644 1666; x_wconf 85' lang='lat' dir='ltr'><strong>christianus.</strong></span> <span class='ocrx_word' id='word_1_190' title='bbox 664 1610 694 1661; x_wconf 85' lang='lat' dir='ltr'><strong>nt</strong></span> <span class='ocrx_word' id='word_1_191' title='bbox 708 1621 768 1660; x_wconf 86' lang='lat' dir='ltr'><strong>cnm</strong></span> <span class='ocrx_word' id='word_1_192' title='bbox 782 1609 849 1660; x_wconf 85' lang='lat' dir='ltr'><strong>esset</strong></span> <span class='ocrx_word' id='word_1_193' title='bbox 867 1606 986 1660; x_wconf 84' lang='lat' dir='ltr'><strong>omnium</strong></span> 
     </span>
    </p>
   </div>
   <div class='ocr_carea' id='block_1_6' title="bbox 1040 1255 1891 1684">
    <p class='ocr_par' dir='ltr' id='par_1_7' title="bbox 1040 1255 1891 1684">
     <span class='ocr_line' id='line_1_17' title="bbox 1040 1255 1887 1328; baseline -0.005 -14"><span class='ocrx_word' id='word_1_194' title='bbox 1040 1259 1099 1314; x_wconf 81' lang='lat' dir='ltr'><strong>rita</strong></span> <span class='ocrx_word' id='word_1_195' title='bbox 1113 1258 1159 1313; x_wconf 88' lang='lat' dir='ltr'><strong>sit.</strong></span> <span class='ocrx_word' id='word_1_196' title='bbox 1176 1258 1234 1311; x_wconf 84' lang='lat' dir='ltr'><strong>iloc</strong></span> <span class='ocrx_word' id='word_1_197' title='bbox 1247 1260 1411 1327; x_wconf 88' lang='lat' dir='ltr'><strong>permotum</strong></span> <span class='ocrx_word' id='word_1_198' title='bbox 1434 1271 1463 1310; x_wconf 89' lang='lat' dir='ltr'><strong>se</strong></span> <span class='ocrx_word' id='word_1_199' title='bbox 1483 1255 1571 1310; x_wconf 84' lang='lat' dir='ltr'><strong>luisse</strong></span> <span class='ocrx_word' id='word_1_200' title='bbox 1589 1255 1738 1328; x_wconf 84' lang='lat' dir='ltr'><strong>rescripsit</strong></span> <span class='ocrx_word' id='word_1_201' title='bbox 1753 1255 1887 1311; x_wconf 71' lang='lat' dir='ltr'><strong>Marcelli·</strong></span> 
     </span>
     <span class='ocr_line' id='line_1_18' title="bbox 1040 1344 1887 1419; baseline -0.005 -16"><span class='ocrx_word' id='word_1_202' title='bbox 1040 1363 1106 1417; x_wconf 90' lang='lat' dir='ltr'><strong>nus,</strong></span> <span class='ocrx_word' id='word_1_203' title='bbox 1122 1346 1198 1419; x_wconf 89' lang='lat' dir='ltr'><strong>quod</strong></span> <span class='ocrx_word' id='word_1_204' title='bbox 1213 1345 1331 1401; x_wconf 83' lang='lat' dir='ltr'><strong>dixisset</strong></span> <span class='ocrx_word' id='word_1_205' title='bbox 1342 1344 1405 1400; x_wconf 88' lang='lat' dir='ltr'><strong>fieri</strong></span> <span class='ocrx_word' id='word_1_206' title='bbox 1421 1361 1502 1417; x_wconf 88' lang='lat' dir='ltr'><strong>posse</strong></span> <span class='ocrx_word' id='word_1_207' title='bbox 1517 1360 1580 1400; x_wconf 91' lang='lat' dir='ltr'><strong>eam</strong></span> <span class='ocrx_word' id='word_1_208' title='bbox 1595 1361 1667 1412; x_wconf 88' lang='lat' dir='ltr'><strong>rem,</strong></span> <span class='ocrx_word' id='word_1_209' title='bbox 1683 1345 1768 1417; x_wconf 87' lang='lat' dir='ltr'><strong>cujus</strong></span> <span class='ocrx_word' id='word_1_210' title='bbox 1782 1345 1887 1400; x_wconf 86' lang='lat' dir='ltr'><strong>nullum</strong></span> 
     </span>
     <span class='ocr_line' id='line_1_19' title="bbox 1041 1433 1888 1507; baseline -0.002 -16"><span class='ocrx_word' id='word_1_211' title='bbox 1041 1436 1348 1507; x_wconf 89' lang='lat' dir='ltr'><strong>exstaretexemplum.</strong></span> <span class='ocrx_word' id='word_1_212' title='bbox 1370 1434 1456 1488; x_wconf 79' lang='lat' dir='ltr'><strong>Novia</strong></span> <span class='ocrx_word' id='word_1_213' title='bbox 1479 1434 1547 1488; x_wconf 92' lang='lat' dir='ltr'><strong>huic</strong></span> <span class='ocrx_word' id='word_1_214' title='bbox 1567 1433 1721 1506; x_wconf 78' lang='lat' dir='ltr'><strong>quaestioni</strong></span> <span class='ocrx_word' id='word_1_215' title='bbox 1744 1433 1888 1505; x_wconf 84' lang='lat' dir='ltr'><strong>respondit</strong></span> 
     </span>
     <span class='ocr_line' id='line_1_20' title="bbox 1040 1520 1891 1596; baseline -0.001 -17"><span class='ocrx_word' id='word_1_216' title='bbox 1040 1523 1217 1596; x_wconf 77' lang='lat' dir='ltr'><strong>Augustinus</strong></span> <span class='ocrx_word' id='word_1_217' title='bbox 1230 1539 1302 1578; x_wconf 85' lang='lat' dir='ltr'><strong>novo</strong></span> <span class='ocrx_word' id='word_1_218' title='bbox 1317 1522 1400 1589; x_wconf 89' lang='lat' dir='ltr'><strong>libro,</strong></span> <span class='ocrx_word' id='word_1_219' title='bbox 1416 1520 1462 1576; x_wconf 92' lang='lat' dir='ltr'><strong>cui</strong></span> <span class='ocrx_word' id='word_1_220' title='bbox 1476 1521 1592 1577; x_wconf 89' lang='lat' dir='ltr'><strong>titulum</strong></span> <span class='ocrx_word' id='word_1_221' title='bbox 1605 1521 1684 1590; x_wconf 87' lang='lat' dir='ltr'><strong>iecit,</strong></span> <span class='ocrx_word' id='word_1_222' title='bbox 1699 1524 1737 1577; x_wconf 85' lang='lat' dir='ltr'><strong>lic</strong></span> <span class='ocrx_word' id='word_1_223' title='bbox 1751 1523 1891 1592; x_wconf 81' lang='lat' dir='ltr'><strong>Spirituet</strong></span> 
     </span>
     <span class='ocr_line' id='line_1_21' title="bbox 1041 1610 1889 1684; baseline -0.002 -16"><span class='ocrx_word' id='word_1_224' title='bbox 1041 1615 1147 1669; x_wconf 81' lang='lat' dir='ltr'><strong>Littera</strong></span> <span class='ocrx_word' id='word_1_225' title='bbox 1163 1611 1253 1682; x_wconf 90' lang='lat' dir='ltr'><strong>:quia</strong></span> <span class='ocrx_word' id='word_1_226' title='bbox 1272 1611 1462 1684; x_wconf 71' lang='lat' dir='ltr'><strong>questionem</strong></span> <span class='ocrx_word' id='word_1_227' title='bbox 1481 1610 1636 1682; x_wconf 85' lang='lat' dir='ltr'><strong>explicans,</strong></span> <span class='ocrx_word' id='word_1_228' title='bbox 1653 1611 1836 1666; x_wconf 87' lang='lat' dir='ltr'><strong>occasionem</strong></span> <span class='ocrx_word' id='word_1_229' title='bbox 1849 1627 1889 1666; x_wconf 91' lang='lat' dir='ltr'><strong>ce·</strong></span> 
     </span>
    </p>
   </div>
   <div class='ocr_carea' id='block_1_7' title="bbox 136 1693 1889 1771">
    <p class='ocr_par' dir='ltr' id='par_1_8' title="bbox 136 1693 1889 1771">
     <span class='ocr_line' id='line_1_22' title="bbox 136 1693 1889 1771; baseline -0.001 -18"><span class='ocrx_word' id='word_1_230' title='bbox 136 1699 303 1769; x_wconf 82' lang='lat' dir='ltr'><strong>injuriarum</strong></span> <span class='ocrx_word' id='word_1_231' title='bbox 317 1711 429 1751; x_wconf 82' lang='lat' dir='ltr'><strong>suarum</strong></span> <span class='ocrx_word' id='word_1_232' title='bbox 443 1697 514 1749; x_wconf 90' lang='lat' dir='ltr'><strong>mira</strong></span> <span class='ocrx_word' id='word_1_233' title='bbox 526 1698 659 1762; x_wconf 77' lang='lat' dir='ltr'><strong>fatuitate</strong></span> <span class='ocrx_word' id='word_1_234' title='bbox 669 1696 899 1763; x_wconf 84' lang='lat' dir='ltr'><strong>patientissimus,</strong></span> <span class='ocrx_word' id='word_1_235' title='bbox 914 1693 987 1760; x_wconf 78' lang='lat' dir='ltr'><strong>irtju-</strong></span> <span class='ocrx_word' id='word_1_236' title='bbox 1039 1700 1083 1771; x_wconf 87' lang='lat' dir='ltr'><strong>pit</strong></span> <span class='ocrx_word' id='word_1_237' title='bbox 1098 1698 1265 1771; x_wconf 88' lang='lat' dir='ltr'><strong>disputandi</strong></span> <span class='ocrx_word' id='word_1_238' title='bbox 1279 1702 1377 1753; x_wconf 88' lang='lat' dir='ltr'><strong>contra</strong></span> <span class='ocrx_word' id='word_1_239' title='bbox 1397 1697 1565 1768; x_wconf 80' lang='lat' dir='ltr'><strong>Pelagianos</strong></span> <span class='ocrx_word' id='word_1_240' title='bbox 1577 1697 1612 1753; x_wconf 86' lang='lat' dir='ltr'><strong>de</strong></span> <span class='ocrx_word' id='word_1_241' title='bbox 1627 1697 1776 1770; x_wconf 88' lang='lat' dir='ltr'><strong>adjutorio</strong></span> <span class='ocrx_word' id='word_1_242' title='bbox 1796 1697 1889 1770; x_wconf 82' lang='lat' dir='ltr'><strong>gratie</strong></span> 
     </span>
    </p>
   </div>
   <div class='ocr_carea' id='block_1_8' title="bbox 136 1783 987 1854">
    <p class='ocr_par' dir='ltr' id='par_1_9' title="bbox 136 1783 987 1854">
     <span class='ocr_line' id='line_1_23' title="bbox 136 1783 987 1854; baseline -0.006 -11"><span class='ocrx_word' id='word_1_243' title='bbox 136 1790 210 1843; x_wconf 87' lang='lat' dir='ltr'><strong>riam</strong></span> <span class='ocrx_word' id='word_1_244' title='bbox 224 1791 313 1841; x_wconf 88' lang='lat' dir='ltr'><strong>tamen</strong></span> <span class='ocrx_word' id='word_1_245' title='bbox 335 1785 438 1842; x_wconf 82' lang='lat' dir='ltr'><strong>Christi</strong></span> <span class='ocrx_word' id='word_1_246' title='bbox 453 1786 580 1852; x_wconf 89' lang='lat' dir='ltr'><strong>nominis,</strong></span> <span class='ocrx_word' id='word_1_247' title='bbox 600 1784 642 1838; x_wconf 87' lang='lat' dir='ltr'><strong>uel</strong></span> <span class='ocrx_word' id='word_1_248' title='bbox 660 1787 690 1838; x_wconf 90' lang='lat' dir='ltr'><strong>in</strong></span> <span class='ocrx_word' id='word_1_249' title='bbox 708 1798 736 1838; x_wconf 89' lang='lat' dir='ltr'><strong>se</strong></span> <span class='ocrx_word' id='word_1_250' title='bbox 753 1785 813 1853; x_wconf 90' lang='lat' dir='ltr'><strong>ipso</strong></span> <span class='ocrx_word' id='word_1_251' title='bbox 835 1783 987 1854; x_wconf 75' lang='lat' dir='ltr'><strong>religionis,</strong></span> 
     </span>
    </p>
   </div>
   <div class='ocr_carea' id='block_1_9' title="bbox 1042 1785 1890 1858">
    <p class='ocr_par' dir='ltr' id='par_1_10' title="bbox 1042 1785 1890 1858">
     <span class='ocr_line' id='line_1_24' title="bbox 1042 1785 1890 1858; baseline -0.004 -16"><span class='ocrx_word' id='word_1_252' title='bbox 1042 1787 1102 1856; x_wconf 86' lang='lat' dir='ltr'><strong>Dei,</strong></span> <span class='ocrx_word' id='word_1_253' title='bbox 1125 1785 1277 1841; x_wconf 90' lang='lat' dir='ltr'><strong>ostendeus</strong></span> <span class='ocrx_word' id='word_1_254' title='bbox 1299 1785 1441 1854; x_wconf 86' lang='lat' dir='ltr'><strong>videlicet,</strong></span> <span class='ocrx_word' id='word_1_255' title='bbox 1456 1800 1515 1840; x_wconf 90' lang='lat' dir='ltr'><strong>non</strong></span> <span class='ocrx_word' id='word_1_256' title='bbox 1528 1801 1562 1839; x_wconf 89' lang='lat' dir='ltr'><strong>eo</strong></span> <span class='ocrx_word' id='word_1_257' title='bbox 1577 1800 1628 1840; x_wconf 90' lang='lat' dir='ltr'><strong>uos</strong></span> <span class='ocrx_word' id='word_1_258' title='bbox 1649 1787 1743 1840; x_wconf 79' lang='lat' dir='ltr'><strong>alteo</strong></span> <span class='ocrx_word' id='word_1_259' title='bbox 1768 1785 1890 1858; x_wconf 86' lang='lat' dir='ltr'><strong>adjurari</strong></span> 
     </span>
    </p>
   </div>
   <div class='ocr_carea' id='block_1_10' title="bbox 137 1871 1891 1947">
    <p class='ocr_par' dir='ltr' id='par_1_11' title="bbox 137 1871 1891 1947">
     <span class='ocr_line' id='line_1_25' title="bbox 137 1871 1891 1947; baseline 0 -17"><span class='ocrx_word' id='word_1_260' title='bbox 137 1891 193 1947; x_wconf 87' lang='lat' dir='ltr'><strong>qna</strong></span> <span class='ocrx_word' id='word_1_261' title='bbox 207 1873 326 1928; x_wconf 84' lang='lat' dir='ltr'><strong>imbutus</strong></span> <span class='ocrx_word' id='word_1_262' title='bbox 338 1876 408 1940; x_wconf 87' lang='lat' dir='ltr'><strong>erat,</strong></span> <span class='ocrx_word' id='word_1_263' title='bbox 422 1873 461 1928; x_wconf 90' lang='lat' dir='ltr'><strong>sic</strong></span> <span class='ocrx_word' id='word_1_264' title='bbox 474 1874 547 1940; x_wconf 72' lang='lat' dir='ltr'><strong>(erre</strong></span> <span class='ocrx_word' id='word_1_265' title='bbox 561 1887 614 1927; x_wconf 90' lang='lat' dir='ltr'><strong>nan</strong></span> <span class='ocrx_word' id='word_1_266' title='bbox 623 1875 724 1942; x_wconf 88' lang='lat' dir='ltr'><strong>posset,</strong></span> <span class='ocrx_word' id='word_1_267' title='bbox 733 1875 763 1925; x_wconf 84' lang='lat' dir='ltr'><strong>ut</strong></span> <span class='ocrx_word' id='word_1_268' title='bbox 773 1871 987 1941; x_wconf 77' lang='lat' dir='ltr'><strong>blasphemantes</strong></span> <span class='ocrx_word' id='word_1_269' title='bbox 1039 1877 1076 1931; x_wconf 85' lang='lat' dir='ltr'><strong>nd</strong></span> <span class='ocrx_word' id='word_1_270' title='bbox 1088 1875 1264 1947; x_wconf 85' lang='lat' dir='ltr'><strong>operandam</strong></span> <span class='ocrx_word' id='word_1_271' title='bbox 1273 1874 1427 1946; x_wconf 90' lang='lat' dir='ltr'><strong>justitiam,</strong></span> <span class='ocrx_word' id='word_1_272' title='bbox 1438 1873 1516 1946; x_wconf 91' lang='lat' dir='ltr'><strong>quod</strong></span> <span class='ocrx_word' id='word_1_273' title='bbox 1528 1872 1620 1945; x_wconf 87' lang='lat' dir='ltr'><strong>legem</strong></span> <span class='ocrx_word' id='word_1_274' title='bbox 1635 1873 1713 1929; x_wconf 90' lang='lat' dir='ltr'><strong>dedit</strong></span> <span class='ocrx_word' id='word_1_275' title='bbox 1722 1874 1891 1946; x_wconf 85' lang='lat' dir='ltr'><strong>plenambo</strong></span> 
     </span>
    </p>
   </div>
   <div class='ocr_carea' id='block_1_11' title="bbox 135 1959 988 2031">
    <p class='ocr_par' dir='ltr' id='par_1_12' title="bbox 135 1959 988 2031">
     <span class='ocr_line' id='line_1_26' title="bbox 135 1959 988 2031; baseline -0.007 -12"><span class='ocrx_word' id='word_1_276' title='bbox 135 1965 262 2020; x_wconf 84' lang='lat' dir='ltr'><strong>uidelicet</strong></span> <span class='ocrx_word' id='word_1_277' title='bbox 275 1962 410 2028; x_wconf 72' lang='lat' dir='ltr'><strong>samios,</strong></span> <span class='ocrx_word' id='word_1_278' title='bbox 423 1977 441 2015; x_wconf 92' lang='lat' dir='ltr'><strong>a</strong></span> <span class='ocrx_word' id='word_1_279' title='bbox 455 1962 553 2030; x_wconf 83' lang='lat' dir='ltr'><strong>quibus</strong></span> <span class='ocrx_word' id='word_1_280' title='bbox 567 1962 632 2027; x_wconf 79' lang='lat' dir='ltr'><strong>bec,</strong></span> <span class='ocrx_word' id='word_1_281' title='bbox 644 1965 675 2016; x_wconf 85' lang='lat' dir='ltr'><strong>at</strong></span> <span class='ocrx_word' id='word_1_282' title='bbox 681 1963 884 2031; x_wconf 78' lang='lat' dir='ltr'><strong>provocaretur,</strong></span> <span class='ocrx_word' id='word_1_283' title='bbox 895 1959 988 2014; x_wconf 85' lang='lat' dir='ltr'><strong>audie·</strong></span> 
     </span>
    </p>
   </div>
   <div class='ocr_carea' id='block_1_12' title="bbox 1041 1961 1891 2035">
    <p class='ocr_par' dir='ltr' id='par_1_13' title="bbox 1041 1961 1891 2035">
     <span class='ocr_line' id='line_1_27' title="bbox 1041 1961 1891 2035; baseline 0.001 -17"><span class='ocrx_word' id='word_1_284' title='bbox 1041 1963 1084 2018; x_wconf 91' lang='lat' dir='ltr'><strong>uis</strong></span> <span class='ocrx_word' id='word_1_285' title='bbox 1097 1963 1256 2034; x_wconf 86' lang='lat' dir='ltr'><strong>sanctisque</strong></span> <span class='ocrx_word' id='word_1_286' title='bbox 1268 1961 1425 2034; x_wconf 76' lang='lat' dir='ltr'><strong>praeceptis,</strong></span> <span class='ocrx_word' id='word_1_287' title='bbox 1435 1962 1484 2017; x_wconf 90' lang='lat' dir='ltr'><strong>sed</strong></span> <span class='ocrx_word' id='word_1_288' title='bbox 1495 1961 1572 2033; x_wconf 92' lang='lat' dir='ltr'><strong>quod</strong></span> <span class='ocrx_word' id='word_1_289' title='bbox 1583 1961 1646 2035; x_wconf 90' lang='lat' dir='ltr'><strong>ipsa</strong></span> <span class='ocrx_word' id='word_1_290' title='bbox 1654 1962 1791 2018; x_wconf 81' lang='lat' dir='ltr'><strong>voluntas</strong></span> <span class='ocrx_word' id='word_1_291' title='bbox 1800 1966 1891 2019; x_wconf 84' lang='lat' dir='ltr'><strong>nestra</strong></span> 
     </span>
    </p>
   </div>
   <div class='ocr_carea' id='block_1_13' title="bbox 67 2049 1899 5584">
    <p class='ocr_par' dir='ltr' id='par_1_14' title="bbox 137 2049 1893 2836">
     <span class='ocr_line' id='line_1_28' title="bbox 138 2049 1891 2124; baseline -0.001 -16"><span class='ocrx_word' id='word_1_292' title='bbox 138 2055 194 2119; x_wconf 90' lang='lat' dir='ltr'><strong>bat,</strong></span> <span class='ocrx_word' id='word_1_293' title='bbox 210 2052 340 2107; x_wconf 86' lang='lat' dir='ltr'><strong>insectari</strong></span> <span class='ocrx_word' id='word_1_294' title='bbox 354 2051 492 2120; x_wconf 83' lang='lat' dir='ltr'><strong>lapidibus</strong></span> <span class='ocrx_word' id='word_1_295' title='bbox 508 2065 561 2105; x_wconf 88' lang='lat' dir='ltr'><strong>non</strong></span> <span class='ocrx_word' id='word_1_296' title='bbox 581 2050 729 2116; x_wconf 71' lang='lat' dir='ltr'><strong>desisteret,</strong></span> <span class='ocrx_word' id='word_1_297' title='bbox 743 2064 790 2103; x_wconf 91' lang='lat' dir='ltr'><strong>nec</strong></span> <span class='ocrx_word' id='word_1_298' title='bbox 811 2050 841 2103; x_wconf 91' lang='lat' dir='ltr'><strong>in</strong></span> <span class='ocrx_word' id='word_1_299' title='bbox 858 2064 891 2103; x_wconf 89' lang='lat' dir='ltr'><strong>ea</strong></span> <span class='ocrx_word' id='word_1_300' title='bbox 905 2064 988 2104; x_wconf 83' lang='lat' dir='ltr'><strong>caasa</strong></span> <span class='ocrx_word' id='word_1_301' title='bbox 1041 2050 1345 2123; x_wconf 87' lang='lat' dir='ltr'><strong>adjuveturimpertito</strong></span> <span class='ocrx_word' id='word_1_302' title='bbox 1360 2049 1462 2122; x_wconf 88' lang='lat' dir='ltr'><strong>spiritu</strong></span> <span class='ocrx_word' id='word_1_303' title='bbox 1476 2050 1589 2122; x_wconf 71' lang='lat' dir='ltr'><strong>gratier</strong></span> <span class='ocrx_word' id='word_1_304' title='bbox 1601 2051 1662 2106; x_wconf 85' lang='lat' dir='ltr'><strong>sine</strong></span> <span class='ocrx_word' id='word_1_305' title='bbox 1675 2067 1734 2123; x_wconf 90' lang='lat' dir='ltr'><strong>quo</strong></span> <span class='ocrx_word' id='word_1_306' title='bbox 1750 2051 1891 2124; x_wconf 85' lang='lat' dir='ltr'><strong>adjutoria</strong></span> 
     </span>
     <span class='ocr_line' id='line_1_29' title="bbox 138 2138 1891 2213; baseline -0.001 -16"><span class='ocrx_word' id='word_1_307' title='bbox 138 2143 180 2198; x_wconf 87' lang='lat' dir='ltr'><strong>aet</strong></span> <span class='ocrx_word' id='word_1_308' title='bbox 194 2141 311 2196; x_wconf 83' lang='lat' dir='ltr'><strong>dominis</strong></span> <span class='ocrx_word' id='word_1_309' title='bbox 322 2143 456 2210; x_wconf 82' lang='lat' dir='ltr'><strong>parceret.</strong></span> <span class='ocrx_word' id='word_1_310' title='bbox 475 2140 553 2194; x_wconf 78' lang='lat' dir='ltr'><strong>Tales</strong></span> <span class='ocrx_word' id='word_1_311' title='bbox 571 2153 634 2206; x_wconf 76' lang='lat' dir='ltr'><strong>erpo</strong></span> <span class='ocrx_word' id='word_1_312' title='bbox 644 2138 840 2208; x_wconf 76' lang='lat' dir='ltr'><strong>praedestinari</strong></span> <span class='ocrx_word' id='word_1_313' title='bbox 853 2141 879 2192; x_wconf 90' lang='lat' dir='ltr'><strong>et</strong></span> <span class='ocrx_word' id='word_1_314' title='bbox 899 2139 988 2192; x_wconf 75' lang='lat' dir='ltr'><strong>meari</strong></span> <span class='ocrx_word' id='word_1_315' title='bbox 1041 2141 1168 2196; x_wconf 89' lang='lat' dir='ltr'><strong>doctriua</strong></span> <span class='ocrx_word' id='word_1_316' title='bbox 1189 2140 1261 2213; x_wconf 89' lang='lat' dir='ltr'><strong>legis</strong></span> <span class='ocrx_word' id='word_1_317' title='bbox 1284 2140 1380 2195; x_wconf 89' lang='lat' dir='ltr'><strong>littera</strong></span> <span class='ocrx_word' id='word_1_318' title='bbox 1401 2143 1444 2193; x_wconf 90' lang='lat' dir='ltr'><strong>est</strong></span> <span class='ocrx_word' id='word_1_319' title='bbox 1466 2139 1608 2207; x_wconf 90' lang='lat' dir='ltr'><strong>occidens,</strong></span> <span class='ocrx_word' id='word_1_320' title='bbox 1624 2139 1694 2210; x_wconf 89' lang='lat' dir='ltr'><strong>quia</strong></span> <span class='ocrx_word' id='word_1_321' title='bbox 1714 2155 1780 2196; x_wconf 86' lang='lat' dir='ltr'><strong>reos</strong></span> <span class='ocrx_word' id='word_1_322' title='bbox 1798 2141 1891 2212; x_wconf 87' lang='lat' dir='ltr'><strong>potius</strong></span> 
     </span>
     <span class='ocr_line' id='line_1_30' title="bbox 137 2227 1890 2302; baseline -0.002 -16"><span class='ocrx_word' id='word_1_323' title='bbox 137 2230 265 2292; x_wconf 86' lang='lat' dir='ltr'><strong>arbitror,</strong></span> <span class='ocrx_word' id='word_1_324' title='bbox 279 2234 312 2285; x_wconf 86' lang='lat' dir='ltr'><strong>ut</strong></span> <span class='ocrx_word' id='word_1_325' title='bbox 323 2232 372 2299; x_wconf 86' lang='lat' dir='ltr'><strong>qni</strong></span> <span class='ocrx_word' id='word_1_326' title='bbox 385 2232 508 2298; x_wconf 80' lang='lat' dir='ltr'><strong>possunt,</strong></span> <span class='ocrx_word' id='word_1_327' title='bbox 522 2228 677 2295; x_wconf 83' lang='lat' dir='ltr'><strong>iutellipant</strong></span> <span class='ocrx_word' id='word_1_328' title='bbox 686 2229 735 2282; x_wconf 87' lang='lat' dir='ltr'><strong>Dei</strong></span> <span class='ocrx_word' id='word_1_329' title='bbox 748 2228 880 2298; x_wconf 77' lang='lat' dir='ltr'><strong>qratiam,</strong></span> <span class='ocrx_word' id='word_1_330' title='bbox 889 2230 914 2282; x_wconf 90' lang='lat' dir='ltr'><strong>et</strong></span> <span class='ocrx_word' id='word_1_331' title='bbox 927 2227 988 2296; x_wconf 82' lang='lat' dir='ltr'><strong>Spi-</strong></span> <span class='ocrx_word' id='word_1_332' title='bbox 1040 2228 1282 2302; x_wconf 73' lang='lat' dir='ltr'><strong>praevaricationis</strong></span> <span class='ocrx_word' id='word_1_333' title='bbox 1296 2232 1385 2296; x_wconf 89' lang='lat' dir='ltr'><strong>tenet,</strong></span> <span class='ocrx_word' id='word_1_334' title='bbox 1402 2243 1490 2299; x_wconf 89' lang='lat' dir='ltr'><strong>quam</strong></span> <span class='ocrx_word' id='word_1_335' title='bbox 1502 2227 1638 2300; x_wconf 84' lang='lat' dir='ltr'><strong>justificat</strong></span> <span class='ocrx_word' id='word_1_336' title='bbox 1646 2228 1755 2301; x_wconf 88' lang='lat' dir='ltr'><strong>impios</strong></span> <span class='ocrx_word' id='word_1_337' title='bbox 1766 2229 1890 2300; x_wconf 82' lang='lat' dir='ltr'><strong>(Eetracl.</strong></span> 
     </span>
     <span class='ocr_line' id='line_1_31' title="bbox 138 2317 1892 2390; baseline -0.002 -14"><span class='ocrx_word' id='word_1_338' title='bbox 138 2323 224 2376; x_wconf 84' lang='lat' dir='ltr'><strong>ritum</strong></span> <span class='ocrx_word' id='word_1_339' title='bbox 238 2320 287 2389; x_wconf 88' lang='lat' dir='ltr'><strong>qni</strong></span> <span class='ocrx_word' id='word_1_340' title='bbox 300 2318 348 2373; x_wconf 89' lang='lat' dir='ltr'><strong>nbi</strong></span> <span class='ocrx_word' id='word_1_341' title='bbox 360 2319 420 2372; x_wconf 85' lang='lat' dir='ltr'><strong>uult</strong></span> <span class='ocrx_word' id='word_1_342' title='bbox 433 2319 532 2388; x_wconf 86' lang='lat' dir='ltr'><strong>spirat,</strong></span> <span class='ocrx_word' id='word_1_343' title='bbox 549 2317 580 2372; x_wconf 88' lang='lat' dir='ltr'><strong>ab</strong></span> <span class='ocrx_word' id='word_1_344' title='bbox 594 2317 641 2371; x_wconf 85' lang='lat' dir='ltr'><strong>hcc</strong></span> <span class='ocrx_word' id='word_1_345' title='bbox 655 2331 731 2372; x_wconf 90' lang='lat' dir='ltr'><strong>amne</strong></span> <span class='ocrx_word' id='word_1_346' title='bbox 743 2317 848 2384; x_wconf 77' lang='lat' dir='ltr'><strong>inponit</strong></span> <span class='ocrx_word' id='word_1_347' title='bbox 861 2331 944 2384; x_wconf 82' lang='lat' dir='ltr'><strong>penus</strong></span> <span class='ocrx_word' id='word_1_348' title='bbox 958 2317 988 2368; x_wconf 89' lang='lat' dir='ltr'><strong>in</strong></span> <span class='ocrx_word' id='word_1_349' title='bbox 1042 2321 1089 2376; x_wconf 81' lang='lat' dir='ltr'><strong>tib.</strong></span> <span class='ocrx_word' id='word_1_350' title='bbox 1104 2322 1131 2386; x_wconf 73' lang='lat'><strong>2,</strong></span> <span class='ocrx_word' id='word_1_351' title='bbox 1147 2334 1207 2389; x_wconf 89' lang='lat' dir='ltr'><strong>cap.</strong></span> <span class='ocrx_word' id='word_1_352' title='bbox 1223 2320 1274 2387; x_wconf 74' lang='lat'><strong>373</strong></span> <span class='ocrx_word' id='word_1_353' title='bbox 1291 2321 1329 2373; x_wconf 81' lang='lat' dir='ltr'><strong>De</strong></span> <span class='ocrx_word' id='word_1_354' title='bbox 1353 2318 1460 2388; x_wconf 85' lang='lat' dir='ltr'><strong>spirita</strong></span> <span class='ocrx_word' id='word_1_355' title='bbox 1473 2322 1499 2372; x_wconf 91' lang='lat' dir='ltr'><strong>et</strong></span> <span class='ocrx_word' id='word_1_356' title='bbox 1517 2319 1631 2386; x_wconf 85' lang='lat' dir='ltr'><strong>Littera,</strong></span> <span class='ocrx_word' id='word_1_357' title='bbox 1644 2333 1674 2373; x_wconf 91' lang='lat' dir='ltr'><strong>n.</strong></span> <span class='ocrx_word' id='word_1_358' title='bbox 1704 2319 1743 2390; x_wconf 85' lang='lat' dir='ltr'><strong>l).</strong></span> <span class='ocrx_word' id='word_1_359' title='bbox 1766 2319 1892 2374; x_wconf 83' lang='lat' dir='ltr'><strong>Testatur</strong></span> 
     </span>
     <span class='ocr_line' id='line_1_32' title="bbox 137 2405 1892 2480; baseline -0.001 -17"><span class='ocrx_word' id='word_1_360' title='bbox 137 2407 208 2480; x_wconf 72' lang='lat' dir='ltr'><strong>pitis</strong></span> <span class='ocrx_word' id='word_1_361' title='bbox 222 2406 417 2463; x_wconf 70' lang='lat' dir='ltr'><strong>nurmandiae</strong></span> <span class='ocrx_word' id='word_1_362' title='bbox 436 2420 490 2461; x_wconf 91' lang='lat' dir='ltr'><strong>non</strong></span> <span class='ocrx_word' id='word_1_363' title='bbox 501 2405 653 2476; x_wconf 80' lang='lat' dir='ltr'><strong>preterire,</strong></span> <span class='ocrx_word' id='word_1_364' title='bbox 668 2405 785 2473; x_wconf 78' lang='lat' dir='ltr'><strong>itemque</strong></span> <span class='ocrx_word' id='word_1_365' title='bbox 797 2419 873 2458; x_wconf 88' lang='lat' dir='ltr'><strong>omne</strong></span> <span class='ocrx_word' id='word_1_366' title='bbox 886 2405 989 2471; x_wconf 79' lang='lat' dir='ltr'><strong>inpenii</strong></span> <span class='ocrx_word' id='word_1_367' title='bbox 1042 2424 1081 2474; x_wconf 90' lang='lat' dir='ltr'><strong>se,</strong></span> <span class='ocrx_word' id='word_1_368' title='bbox 1098 2408 1151 2463; x_wconf 92' lang='lat' dir='ltr'><strong>hoc</strong></span> <span class='ocrx_word' id='word_1_369' title='bbox 1165 2406 1194 2462; x_wconf 91' lang='lat' dir='ltr'><strong>in</strong></span> <span class='ocrx_word' id='word_1_370' title='bbox 1208 2422 1306 2478; x_wconf 89' lang='lat' dir='ltr'><strong>opere,</strong></span> <span class='ocrx_word' id='word_1_371' title='bbox 1319 2409 1460 2478; x_wconf 89' lang='lat' dir='ltr'><strong>quantum</strong></span> <span class='ocrx_word' id='word_1_372' title='bbox 1471 2407 1544 2460; x_wconf 86' lang='lat' dir='ltr'><strong>Deus</strong></span> <span class='ocrx_word' id='word_1_373' title='bbox 1555 2405 1672 2476; x_wconf 82' lang='lat' dir='ltr'><strong>adjuvit,</strong></span> <span class='ocrx_word' id='word_1_374' title='bbox 1686 2411 1788 2462; x_wconf 83' lang='lat' dir='ltr'><strong>contra</strong></span> <span class='ocrx_word' id='word_1_375' title='bbox 1801 2406 1892 2462; x_wconf 89' lang='lat' dir='ltr'><strong>inimi·</strong></span> 
     </span>
     <span class='ocr_line' id='line_1_33' title="bbox 141 2493 1893 2569; baseline -0.003 -16"><span class='ocrx_word' id='word_1_376' title='bbox 141 2513 226 2567; x_wconf 84' lang='lat' dir='ltr'><strong>penus</strong></span> <span class='ocrx_word' id='word_1_377' title='bbox 245 2497 277 2554; x_wconf 90' lang='lat' dir='ltr'><strong>in</strong></span> <span class='ocrx_word' id='word_1_378' title='bbox 289 2497 414 2565; x_wconf 77' lang='lat' dir='ltr'><strong>paterne</strong></span> <span class='ocrx_word' id='word_1_379' title='bbox 427 2496 493 2565; x_wconf 75' lang='lat' dir='ltr'><strong>plin</strong></span> <span class='ocrx_word' id='word_1_380' title='bbox 513 2495 663 2564; x_wconf 81' lang='lat' dir='ltr'><strong>preterire,</strong></span> <span class='ocrx_word' id='word_1_381' title='bbox 674 2498 706 2548; x_wconf 88' lang='lat' dir='ltr'><strong>nt</strong></span> <span class='ocrx_word' id='word_1_382' title='bbox 725 2494 775 2562; x_wconf 86' lang='lat' dir='ltr'><strong>qni</strong></span> <span class='ocrx_word' id='word_1_383' title='bbox 795 2493 938 2561; x_wconf 83' lang='lat' dir='ltr'><strong>ploriatur.</strong></span> <span class='ocrx_word' id='word_1_384' title='bbox 959 2493 989 2547; x_wconf 91' lang='lat' dir='ltr'><strong>in</strong></span> <span class='ocrx_word' id='word_1_385' title='bbox 1019 2506 1088 2553; x_wconf 84' lang='lat' dir='ltr'><strong>·cos</strong></span> <span class='ocrx_word' id='word_1_386' title='bbox 1103 2495 1202 2569; x_wconf 83' lang='lat' dir='ltr'><strong>gratiae</strong></span> <span class='ocrx_word' id='word_1_387' title='bbox 1217 2494 1278 2561; x_wconf 82' lang='lat' dir='ltr'><strong>Ilei,</strong></span> <span class='ocrx_word' id='word_1_388' title='bbox 1295 2511 1351 2565; x_wconf 87' lang='lat' dir='ltr'><strong>qua</strong></span> <span class='ocrx_word' id='word_1_389' title='bbox 1362 2493 1535 2565; x_wconf 84' lang='lat' dir='ltr'><strong>justificatur</strong></span> <span class='ocrx_word' id='word_1_390' title='bbox 1547 2493 1665 2564; x_wconf 88' lang='lat' dir='ltr'><strong>impius,</strong></span> <span class='ocrx_word' id='word_1_391' title='bbox 1681 2494 1788 2549; x_wconf 77' lang='lat' dir='ltr'><strong>uenter</strong></span> <span class='ocrx_word' id='word_1_392' title='bbox 1802 2494 1893 2566; x_wconf 89' lang='lat' dir='ltr'><strong>dispu-</strong></span> 
     </span>
     <span class='ocr_line' id='line_1_34' title="bbox 139 2580 1892 2656; baseline -0.002 -14"><span class='ocrx_word' id='word_1_393' title='bbox 139 2589 253 2642; x_wconf 81' lang='lat' dir='ltr'><strong>Domino</strong></span> <span class='ocrx_word' id='word_1_394' title='bbox 267 2583 639 2656; x_wconf 83' lang='lat' dir='ltr'><strong>plorr&#39;eiar(DePeccatorum</strong></span> <span class='ocrx_word' id='word_1_395' title='bbox 651 2583 764 2647; x_wconf 88' lang='lat' dir='ltr'><strong>meritis,</strong></span> <span class='ocrx_word' id='word_1_396' title='bbox 780 2580 827 2635; x_wconf 90' lang='lat' dir='ltr'><strong>lib.</strong></span> <span class='ocrx_word' id='word_1_397' title='bbox 846 2582 871 2647; x_wconf 89' lang='lat' dir='ltr'><strong>t,</strong></span> <span class='ocrx_word' id='word_1_398' title='bbox 885 2596 913 2635; x_wconf 91' lang='lat' dir='ltr'><strong>n.</strong></span> <span class='ocrx_word' id='word_1_399' title='bbox 930 2581 987 2649; x_wconf 70' lang='grc'>33).</span> <span class='ocrx_word' id='word_1_400' title='bbox 1044 2589 1116 2640; x_wconf 88' lang='lat' dir='ltr'><strong>tasse</strong></span> <span class='ocrx_word' id='word_1_401' title='bbox 1141 2587 1268 2654; x_wconf 78' lang='lat' dir='ltr'><strong>(Petraei.</strong></span> <span class='ocrx_word' id='word_1_402' title='bbox 1295 2582 1343 2637; x_wconf 86' lang='lat' dir='ltr'><strong>lib.</strong></span> <span class='ocrx_word' id='word_1_403' title='bbox 1360 2585 1387 2651; x_wconf 73' lang='lat' dir='ltr'><strong>i,</strong></span> <span class='ocrx_word' id='word_1_404' title='bbox 1411 2597 1471 2652; x_wconf 91' lang='lat' dir='ltr'><strong>cap.</strong></span> <span class='ocrx_word' id='word_1_405' title='bbox 1488 2581 1532 2652; x_wconf 81' lang='lat'><strong>37)</strong></span> <span class='ocrx_word' id='word_1_406' title='bbox 1549 2599 1555 2637; x_wconf 94' lang='lat'>:</span> <span class='ocrx_word' id='word_1_407' title='bbox 1572 2582 1653 2654; x_wconf 89' lang='lat' dir='ltr'><strong>atqui</strong></span> <span class='ocrx_word' id='word_1_408' title='bbox 1667 2582 1698 2637; x_wconf 92' lang='lat' dir='ltr'><strong>iu</strong></span> <span class='ocrx_word' id='word_1_409' title='bbox 1714 2582 1779 2638; x_wconf 89' lang='lat' dir='ltr'><strong>illos</strong></span> <span class='ocrx_word' id='word_1_410' title='bbox 1801 2590 1892 2638; x_wconf 87' lang='lat' dir='ltr'><strong>tamen</strong></span> 
     </span>
     <span class='ocr_line' id='line_1_35' title="bbox 137 2669 1892 2744; baseline -0.003 -13"><span class='ocrx_word' id='word_1_411' title='bbox 137 2675 239 2732; x_wconf 84' lang='lat' dir='ltr'><strong>Paucis</strong></span> <span class='ocrx_word' id='word_1_412' title='bbox 252 2674 356 2730; x_wconf 89' lang='lat' dir='ltr'><strong>deinde</strong></span> <span class='ocrx_word' id='word_1_413' title='bbox 370 2671 525 2744; x_wconf 69' lang='lat' dir='ltr'><strong>interiectis</strong></span> <span class='ocrx_word' id='word_1_414' title='bbox 540 2670 628 2739; x_wconf 88' lang='lat' dir='ltr'><strong>addit,</strong></span> <span class='ocrx_word' id='word_1_415' title='bbox 644 2670 755 2726; x_wconf 80' lang='lat' dir='ltr'><strong>fatuum</strong></span> <span class='ocrx_word' id='word_1_416' title='bbox 769 2669 852 2724; x_wconf 90' lang='lat' dir='ltr'><strong>illum</strong></span> <span class='ocrx_word' id='word_1_417' title='bbox 867 2669 895 2725; x_wconf 92' lang='lat' dir='ltr'><strong>iu</strong></span> <span class='ocrx_word' id='word_1_418' title='bbox 911 2669 990 2725; x_wconf 86' lang='lat' dir='ltr'><strong>Chri·</strong></span> <span class='ocrx_word' id='word_1_419' title='bbox 1043 2689 1107 2728; x_wconf 91' lang='lat' dir='ltr'><strong>eam</strong></span> <span class='ocrx_word' id='word_1_420' title='bbox 1121 2672 1214 2728; x_wconf 89' lang='lat' dir='ltr'><strong>adhuc</strong></span> <span class='ocrx_word' id='word_1_421' title='bbox 1227 2670 1455 2726; x_wconf 89' lang='lat' dir='ltr'><strong>moderationem</strong></span> <span class='ocrx_word' id='word_1_422' title='bbox 1468 2671 1571 2738; x_wconf 92' lang='lat' dir='ltr'><strong>tenuit,</strong></span> <span class='ocrx_word' id='word_1_423' title='bbox 1588 2674 1619 2725; x_wconf 93' lang='lat' dir='ltr'><strong>ut</strong></span> <span class='ocrx_word' id='word_1_424' title='bbox 1633 2671 1785 2728; x_wconf 89' lang='lat' dir='ltr'><strong>nemiuem</strong></span> <span class='ocrx_word' id='word_1_425' title='bbox 1797 2672 1892 2727; x_wconf 82' lang='lat' dir='ltr'><strong>adver·</strong></span> 
     </span>
     <span class='ocr_line' id='line_1_36' title="bbox 139 2759 1583 2836; baseline -0.004 -16"><span class='ocrx_word' id='word_1_426' title='bbox 139 2763 176 2820; x_wconf 93' lang='lat' dir='ltr'><strong>sti</strong></span> <span class='ocrx_word' id='word_1_427' title='bbox 190 2763 284 2836; x_wconf 88' lang='lat' dir='ltr'><strong>gratia</strong></span> <span class='ocrx_word' id='word_1_428' title='bbox 294 2761 393 2818; x_wconf 90' lang='lat' dir='ltr'><strong>multis</strong></span> <span class='ocrx_word' id='word_1_429' title='bbox 408 2759 578 2816; x_wconf 89' lang='lat' dir='ltr'><strong>acutissimis</strong></span> <span class='ocrx_word' id='word_1_430' title='bbox 591 2759 812 2831; x_wconf 80' lang='lat' dir='ltr'><strong>praeterendum.</strong></span> <span class='ocrx_word' id='word_1_431' title='bbox 1044 2761 1185 2817; x_wconf 89' lang='lat' dir='ltr'><strong>sariorum</strong></span> <span class='ocrx_word' id='word_1_432' title='bbox 1200 2759 1371 2816; x_wconf 88' lang='lat' dir='ltr'><strong>nominatim</strong></span> <span class='ocrx_word' id='word_1_433' title='bbox 1385 2759 1583 2832; x_wconf 80' lang='lat' dir='ltr'><strong>appellaverit.</strong></span> 
     </span>
    </p>

    <p class='ocr_par' dir='ltr' id='par_1_15' title="bbox 67 2845 1899 5584">
     <span class='ocr_line' id='line_1_37' title="bbox 176 2845 1893 2920; baseline -0.002 -12"><span class='ocrx_word' id='word_1_434' title='bbox 176 2855 202 2908; x_wconf 80' lang='lat' dir='ltr'><strong>l.</strong></span> <span class='ocrx_word' id='word_1_435' title='bbox 219 2854 282 2908; x_wconf 89' lang='lat' dir='ltr'><strong>lam</strong></span> <span class='ocrx_word' id='word_1_436' title='bbox 301 2855 397 2906; x_wconf 87' lang='lat' dir='ltr'><strong>autem</strong></span> <span class='ocrx_word' id='word_1_437' title='bbox 417 2849 554 2905; x_wconf 88' lang='lat' dir='ltr'><strong>absolutis</strong></span> <span class='ocrx_word' id='word_1_438' title='bbox 572 2848 649 2903; x_wconf 88' lang='lat' dir='ltr'><strong>hisce</strong></span> <span class='ocrx_word' id='word_1_439' title='bbox 668 2847 748 2903; x_wconf 89' lang='lat' dir='ltr'><strong>libris</strong></span> <span class='ocrx_word' id='word_1_440' title='bbox 763 2850 848 2918; x_wconf 92' lang='lat' dir='ltr'><strong>atque</strong></span> <span class='ocrx_word' id='word_1_441' title='bbox 868 2847 902 2902; x_wconf 87' lang='lat' dir='ltr'><strong>ad</strong></span> <span class='ocrx_word' id='word_1_442' title='bbox 918 2845 989 2901; x_wconf 86' lang='lat' dir='ltr'><strong>llar-</strong></span> <span class='ocrx_word' id='word_1_443' title='bbox 1079 2854 1105 2906; x_wconf 86' lang='lat' dir='ltr'><strong>e.</strong></span> <span class='ocrx_word' id='word_1_444' title='bbox 1126 2849 1202 2916; x_wconf 80' lang='lat' dir='ltr'><strong>Oirin</strong></span> <span class='ocrx_word' id='word_1_445' title='bbox 1226 2849 1313 2905; x_wconf 89' lang='lat' dir='ltr'><strong>etiam</strong></span> <span class='ocrx_word' id='word_1_446' title='bbox 1336 2847 1526 2903; x_wconf 89' lang='lat' dir='ltr'><strong>immoderato</strong></span> <span class='ocrx_word' id='word_1_447' title='bbox 1547 2847 1672 2920; x_wconf 89' lang='lat' dir='ltr'><strong>quodam</strong></span> <span class='ocrx_word' id='word_1_448' title='bbox 1694 2848 1795 2904; x_wconf 87' lang='lat' dir='ltr'><strong>studio</strong></span> <span class='ocrx_word' id='word_1_449' title='bbox 1818 2865 1893 2905; x_wconf 78' lang='lat' dir='ltr'><strong>reio·</strong></span> 
     </span>
     <span class='ocr_line' id='line_1_38' title="bbox 142 2936 1894 3009; baseline -0.003 -12"><span class='ocrx_word' id='word_1_450' title='bbox 142 2941 277 2998; x_wconf 90' lang='lat' dir='ltr'><strong>cellinum</strong></span> <span class='ocrx_word' id='word_1_451' title='bbox 299 2938 485 3006; x_wconf 89' lang='lat' dir='ltr'><strong>transmissis,</strong></span> <span class='ocrx_word' id='word_1_452' title='bbox 510 2936 712 3009; x_wconf 84' lang='lat' dir='ltr'><strong>Carthaginem</strong></span> <span class='ocrx_word' id='word_1_453' title='bbox 739 2936 901 3007; x_wconf 88' lang='lat' dir='ltr'><strong>proiectum</strong></span> <span class='ocrx_word' id='word_1_454' title='bbox 928 2949 989 2989; x_wconf 78' lang='lat' dir='ltr'><strong>esse</strong></span> <span class='ocrx_word' id='word_1_455' title='bbox 1045 2939 1273 2996; x_wconf 71' lang='lat' dir='ltr'><strong>eandihomines</strong></span> <span class='ocrx_word' id='word_1_456' title='bbox 1295 2939 1457 3003; x_wconf 86' lang='lat' dir='ltr'><strong>aberrare,</strong></span> <span class='ocrx_word' id='word_1_457' title='bbox 1480 2941 1593 2992; x_wconf 90' lang='lat' dir='ltr'><strong>tantum</strong></span> <span class='ocrx_word' id='word_1_458' title='bbox 1618 2937 1686 3009; x_wconf 89' lang='lat' dir='ltr'><strong>ipsis</strong></span> <span class='ocrx_word' id='word_1_459' title='bbox 1711 2937 1761 2992; x_wconf 82' lang='lat' dir='ltr'><strong>Vir</strong></span> <span class='ocrx_word' id='word_1_460' title='bbox 1786 2941 1894 2994; x_wconf 73' lang='lat' dir='ltr'><strong>mucius</strong></span> 
     </span>
     <span class='ocr_line' id='line_1_39' title="bbox 141 3023 1894 3100; baseline -0.003 -14"><span class='ocrx_word' id='word_1_461' title='bbox 141 3031 259 3087; x_wconf 88' lang='lat' dir='ltr'><strong>beatum</strong></span> <span class='ocrx_word' id='word_1_462' title='bbox 274 3026 449 3097; x_wconf 71' lang='lat' dir='ltr'><strong>antistitem,</strong></span> <span class='ocrx_word' id='word_1_463' title='bbox 469 3025 624 3081; x_wconf 77' lang='lat' dir='ltr'><strong>verisimile</strong></span> <span class='ocrx_word' id='word_1_464' title='bbox 644 3030 696 3081; x_wconf 85' lang='lat' dir='ltr'><strong>est.</strong></span> <span class='ocrx_word' id='word_1_465' title='bbox 712 3025 842 3096; x_wconf 87' lang='lat' dir='ltr'><strong>Namque</strong></span> <span class='ocrx_word' id='word_1_466' title='bbox 857 3023 990 3079; x_wconf 86' lang='lat' dir='ltr'><strong>eumdem</strong></span> <span class='ocrx_word' id='word_1_467' title='bbox 1043 3028 1221 3100; x_wconf 90' lang='lat' dir='ltr'><strong>indulgebat,</strong></span> <span class='ocrx_word' id='word_1_468' title='bbox 1237 3026 1270 3081; x_wconf 91' lang='lat' dir='ltr'><strong>ut</strong></span> <span class='ocrx_word' id='word_1_469' title='bbox 1282 3025 1426 3098; x_wconf 88' lang='lat' dir='ltr'><strong>patienter</strong></span> <span class='ocrx_word' id='word_1_470' title='bbox 1439 3025 1506 3079; x_wconf 85' lang='lat' dir='ltr'><strong>terri</strong></span> <span class='ocrx_word' id='word_1_471' title='bbox 1518 3025 1643 3096; x_wconf 84' lang='lat' dir='ltr'><strong>juberet,</strong></span> <span class='ocrx_word' id='word_1_472' title='bbox 1659 3023 1749 3080; x_wconf 85' lang='lat' dir='ltr'><strong>etiam</strong></span> <span class='ocrx_word' id='word_1_473' title='bbox 1761 3040 1830 3081; x_wconf 91' lang='lat' dir='ltr'><strong>cum</strong></span> <span class='ocrx_word' id='word_1_474' title='bbox 1844 3025 1894 3098; x_wconf 90' lang='lat' dir='ltr'><strong>ipsi</strong></span> 
     </span>
     <span class='ocr_line' id='line_1_40' title="bbox 140 3113 1895 3187; baseline -0.003 -13"><span class='ocrx_word' id='word_1_475' title='bbox 140 3118 223 3173; x_wconf 90' lang='lat' dir='ltr'><strong>illum</strong></span> <span class='ocrx_word' id='word_1_476' title='bbox 238 3115 435 3173; x_wconf 77' lang='lat' dir='ltr'><strong>Marcellinum</strong></span> <span class='ocrx_word' id='word_1_477' title='bbox 449 3114 491 3169; x_wconf 79' lang='lat' dir='ltr'><strong>ila</strong></span> <span class='ocrx_word' id='word_1_478' title='bbox 503 3113 659 3185; x_wconf 73' lang='lat' dir='ltr'><strong>alloquitur</strong></span> <span class='ocrx_word' id='word_1_479' title='bbox 675 3113 791 3168; x_wconf 66' lang='lat' dir='ltr'><strong>:libros</strong></span> <span class='ocrx_word' id='word_1_480' title='bbox 806 3113 839 3167; x_wconf 78' lang='lat' dir='ltr'><strong>de</strong></span> <span class='ocrx_word' id='word_1_481' title='bbox 852 3114 991 3182; x_wconf 75' lang='lat' dir='ltr'><strong>Bsspiitmo</strong></span> <span class='ocrx_word' id='word_1_482' title='bbox 1045 3117 1205 3174; x_wconf 82' lang='lat' dir='ltr'><strong>Catholicae</strong></span> <span class='ocrx_word' id='word_1_483' title='bbox 1228 3115 1352 3187; x_wconf 78' lang='lat' dir='ltr'><strong>antiqua</strong></span> <span class='ocrx_word' id='word_1_484' title='bbox 1377 3113 1443 3170; x_wconf 88' lang='lat' dir='ltr'><strong>ildei</strong></span> <span class='ocrx_word' id='word_1_485' title='bbox 1463 3113 1627 3169; x_wconf 84' lang='lat' dir='ltr'><strong>defensores</strong></span> <span class='ocrx_word' id='word_1_486' title='bbox 1649 3128 1708 3169; x_wconf 94' lang='lat' dir='ltr'><strong>non</strong></span> <span class='ocrx_word' id='word_1_487' title='bbox 1730 3119 1895 3170; x_wconf 84' lang='lat' dir='ltr'><strong>vererentur</strong></span> 
     </span>
     <span class='ocr_line' id='line_1_41' title="bbox 140 3202 1895 3277; baseline -0.004 -14"><span class='ocrx_word' id='word_1_488' title='bbox 140 3206 333 3277; x_wconf 76' lang='lat' dir='ltr'><strong>paruulorum,</strong></span> <span class='ocrx_word' id='word_1_489' title='bbox 343 3205 472 3274; x_wconf 70' lang='lat' dir='ltr'><strong>numiam</strong></span> <span class='ocrx_word' id='word_1_490' title='bbox 482 3202 597 3258; x_wconf 74' lang='lat' dir='ltr'><strong>toditem</strong></span> <span class='ocrx_word' id='word_1_491' title='bbox 606 3204 870 3272; x_wconf 68' lang='lat' dir='ltr'><strong>iptumPraestanit&#39;ae</strong></span> <span class='ocrx_word' id='word_1_492' title='bbox 881 3206 933 3256; x_wconf 78' lang='lat' dir='ltr'><strong>raa</strong></span> <span class='ocrx_word' id='word_1_493' title='bbox 943 3203 991 3256; x_wconf 67' lang='lat' dir='ltr'><strong>mi</strong></span> <span class='ocrx_word' id='word_1_494' title='bbox 1044 3204 1334 3277; x_wconf 89' lang='lat' dir='ltr'><strong>interdisputandum</strong></span> <span class='ocrx_word' id='word_1_495' title='bbox 1348 3204 1454 3259; x_wconf 87' lang='lat' dir='ltr'><strong>habere</strong></span> <span class='ocrx_word' id='word_1_496' title='bbox 1465 3206 1603 3273; x_wconf 90' lang='lat' dir='ltr'><strong>tanquam</strong></span> <span class='ocrx_word' id='word_1_497' title='bbox 1617 3202 1768 3258; x_wconf 78' lang='lat' dir='ltr'><strong>haereticos</strong></span> <span class='ocrx_word' id='word_1_498' title='bbox 1781 3206 1811 3259; x_wconf 88' lang='lat' dir='ltr'><strong>et</strong></span> <span class='ocrx_word' id='word_1_499' title='bbox 1820 3218 1895 3271; x_wconf 73' lang='lat' dir='ltr'><strong>nore</strong></span> 
     </span>
     <span class='ocr_line' id='line_1_42' title="bbox 141 3290 1894 3363; baseline -0.003 -11"><span class='ocrx_word' id='word_1_500' title='bbox 141 3297 244 3361; x_wconf 73' lang='lat' dir='ltr'><strong>nissen,</strong></span> <span class='ocrx_word' id='word_1_501' title='bbox 260 3309 309 3348; x_wconf 80' lang='lat' dir='ltr'><strong>cnr</strong></span> <span class='ocrx_word' id='word_1_502' title='bbox 328 3293 376 3347; x_wconf 74' lang='lat' dir='ltr'><strong>aba</strong></span> <span class='ocrx_word' id='word_1_503' title='bbox 393 3295 417 3346; x_wconf 76' lang='lat' dir='ltr'><strong>te</strong></span> <span class='ocrx_word' id='word_1_504' title='bbox 435 3305 531 3347; x_wconf 78' lang='lat' dir='ltr'><strong>rursus</strong></span> <span class='ocrx_word' id='word_1_505' title='bbox 546 3293 703 3360; x_wconf 52' lang='lat' dir='ltr'><strong>nemetim,</strong></span> <span class='ocrx_word' id='word_1_506' title='bbox 722 3290 821 3345; x_wconf 55' lang='lat' dir='ltr'><strong>oblili&amp;</strong></span> <span class='ocrx_word' id='word_1_507' title='bbox 839 3304 922 3345; x_wconf 85' lang='lat' dir='ltr'><strong>snm:</strong></span> <span class='ocrx_word' id='word_1_508' title='bbox 935 3291 992 3345; x_wconf 67' lang='lat' dir='ltr'><strong>tilii</strong></span> <span class='ocrx_word' id='word_1_509' title='bbox 1045 3301 1132 3352; x_wconf 86' lang='lat' dir='ltr'><strong>tores.</strong></span> <span class='ocrx_word' id='word_1_510' title='bbox 1148 3297 1250 3350; x_wconf 88' lang='lat' dir='ltr'><strong>Parnm</strong></span> <span class='ocrx_word' id='word_1_511' title='bbox 1263 3298 1303 3349; x_wconf 89' lang='lat' dir='ltr'><strong>est</strong></span> <span class='ocrx_word' id='word_1_512' title='bbox 1317 3295 1398 3360; x_wconf 89' lang='lat' dir='ltr'><strong>enim,</strong></span> <span class='ocrx_word' id='word_1_513' title='bbox 1414 3291 1464 3360; x_wconf 93' lang='lat' dir='ltr'><strong>ait,</strong></span> <span class='ocrx_word' id='word_1_514' title='bbox 1481 3292 1755 3362; x_wconf 83' lang='lat' dir='ltr'><strong>qniaistidissernnt</strong></span> <span class='ocrx_word' id='word_1_515' title='bbox 1766 3292 1894 3363; x_wconf 64' lang='lat' dir='ltr'><strong>aidum·</strong></span> 
     </span>
     <span class='ocr_line' id='line_1_43' title="bbox 141 3377 1893 3453; baseline -0.002 -14"><span class='ocrx_word' id='word_1_516' title='bbox 141 3386 215 3451; x_wconf 77' lang='lat' dir='ltr'><strong>sorte</strong></span> <span class='ocrx_word' id='word_1_517' title='bbox 226 3397 286 3438; x_wconf 86' lang='lat' dir='ltr'><strong>cnm</strong></span> <span class='ocrx_word' id='word_1_518' title='bbox 305 3382 477 3451; x_wconf 85' lang='lat' dir='ltr'><strong>inspicerem,</strong></span> <span class='ocrx_word' id='word_1_519' title='bbox 492 3379 632 3434; x_wconf 79' lang='lat' dir='ltr'><strong>mmdosn</strong></span> <span class='ocrx_word' id='word_1_520' title='bbox 645 3393 687 3434; x_wconf 90' lang='lat' dir='ltr'><strong>cos</strong></span> <span class='ocrx_word' id='word_1_521' title='bbox 699 3379 797 3448; x_wconf 88' lang='lat' dir='ltr'><strong>reperi,</strong></span> <span class='ocrx_word' id='word_1_522' title='bbox 811 3381 838 3432; x_wconf 85' lang='lat' dir='ltr'><strong>et</strong></span> <span class='ocrx_word' id='word_1_523' title='bbox 851 3377 992 3433; x_wconf 72' lang='lat' dir='ltr'><strong>emendare</strong></span> <span class='ocrx_word' id='word_1_524' title='bbox 1046 3389 1107 3440; x_wconf 87' lang='lat' dir='ltr'><strong>tant</strong></span> <span class='ocrx_word' id='word_1_525' title='bbox 1120 3386 1208 3439; x_wconf 88' lang='lat' dir='ltr'><strong>neseio</strong></span> <span class='ocrx_word' id='word_1_526' title='bbox 1224 3397 1291 3453; x_wconf 85' lang='lat' dir='ltr'><strong>qaas</strong></span> <span class='ocrx_word' id='word_1_527' title='bbox 1307 3383 1407 3450; x_wconf 87' lang='lat' dir='ltr'><strong>impias</strong></span> <span class='ocrx_word' id='word_1_528' title='bbox 1421 3382 1553 3436; x_wconf 83' lang='lat' dir='ltr'><strong>novitates</strong></span> <span class='ocrx_word' id='word_1_529' title='bbox 1568 3397 1574 3434; x_wconf 95' lang='lat'>:</span> <span class='ocrx_word' id='word_1_530' title='bbox 1591 3384 1617 3435; x_wconf 90' lang='lat' dir='ltr'><strong>et</strong></span> <span class='ocrx_word' id='word_1_531' title='bbox 1633 3395 1681 3435; x_wconf 90' lang='lat' dir='ltr'><strong>nos</strong></span> <span class='ocrx_word' id='word_1_532' title='bbox 1696 3385 1835 3436; x_wconf 84' lang='lat' dir='ltr'><strong>conantur</strong></span> <span class='ocrx_word' id='word_1_533' title='bbox 1851 3394 1893 3435; x_wconf 83' lang='lat' dir='ltr'><strong>cr·</strong></span> 
     </span>
     <span class='ocr_line' id='line_1_44' title="bbox 139 3467 1893 3542; baseline -0.002 -16"><span class='ocrx_word' id='word_1_534' title='bbox 139 3473 227 3538; x_wconf 85' lang='lat' dir='ltr'><strong>calni;</strong></span> <span class='ocrx_word' id='word_1_535' title='bbox 241 3470 315 3542; x_wconf 83' lang='lat' dir='ltr'><strong>qnod</strong></span> <span class='ocrx_word' id='word_1_536' title='bbox 331 3468 496 3525; x_wconf 81' lang='lat' dir='ltr'><strong>mirabiliter</strong></span> <span class='ocrx_word' id='word_1_537' title='bbox 509 3467 766 3538; x_wconf 69' lang='lat' dir='ltr'><strong>impedimentisne</strong></span> <span class='ocrx_word' id='word_1_538' title='bbox 776 3482 859 3536; x_wconf 83' lang='lat' dir='ltr'><strong>nsque</strong></span> <span class='ocrx_word' id='word_1_539' title='bbox 872 3483 925 3522; x_wconf 89' lang='lat' dir='ltr'><strong>nan</strong></span> <span class='ocrx_word' id='word_1_540' title='bbox 939 3469 993 3535; x_wconf 77' lang='lat' dir='ltr'><strong>feci</strong></span> <span class='ocrx_word' id='word_1_541' title='bbox 1045 3489 1135 3542; x_wconf 80' lang='lat' dir='ltr'><strong>prere,</strong></span> <span class='ocrx_word' id='word_1_542' title='bbox 1152 3472 1224 3542; x_wconf 83' lang='lat' dir='ltr'><strong>quod</strong></span> <span class='ocrx_word' id='word_1_543' title='bbox 1238 3471 1347 3541; x_wconf 82' lang='lat' dir='ltr'><strong>aliquid</strong></span> <span class='ocrx_word' id='word_1_544' title='bbox 1358 3485 1453 3525; x_wconf 82' lang='lat' dir='ltr'><strong>nouum</strong></span> <span class='ocrx_word' id='word_1_545' title='bbox 1467 3470 1590 3525; x_wconf 71' lang='lat' dir='ltr'><strong>amamus</strong></span> <span class='ocrx_word' id='word_1_546' title='bbox 1606 3469 1702 3539; x_wconf 86' lang='lat' dir='ltr'><strong>(Serm.</strong></span> <span class='ocrx_word' id='word_1_547' title='bbox 1719 3471 1784 3535; x_wconf 76' lang='lat'><strong>294,</strong></span> <span class='ocrx_word' id='word_1_548' title='bbox 1800 3485 1830 3524; x_wconf 92' lang='lat' dir='ltr'><strong>n.</strong></span> <span class='ocrx_word' id='word_1_549' title='bbox 1847 3470 1893 3536; x_wconf 76' lang='lat' dir='ltr'><strong>lt).</strong></span> 
     </span>
     <span class='ocr_line' id='line_1_45' title="bbox 67 3554 1895 3632; baseline -0.007 -10"><span class='ocrx_word' id='word_1_550' title='bbox 67 3595 69 3601; x_wconf 95' lang='lat'>·</span> <span class='ocrx_word' id='word_1_551' title='bbox 140 3561 241 3632; x_wconf 68' lang='lat' dir='ltr'><strong>(Epist</strong></span> <span class='ocrx_word' id='word_1_552' title='bbox 263 3563 324 3628; x_wconf 75' lang='grc'><strong>139,</strong></span> <span class='ocrx_word' id='word_1_553' title='bbox 339 3574 368 3615; x_wconf 73' lang='lat' dir='ltr'><strong>tl·</strong></span> <span class='ocrx_word' id='word_1_554' title='bbox 392 3559 430 3629; x_wconf 80' lang='lat'><strong>3).</strong></span> <span class='ocrx_word' id='word_1_555' title='bbox 456 3556 556 3613; x_wconf 62' lang='lat' dir='ltr'><strong>Paucis</strong></span> <span class='ocrx_word' id='word_1_556' title='bbox 579 3560 645 3628; x_wconf 68' lang='lat' dir='ltr'><strong>P⁰³i</strong></span> <span class='ocrx_word' id='word_1_557' title='bbox 668 3555 778 3622; x_wconf 65' lang='lat' dir='ltr'><strong>diebus,</strong></span> <span class='ocrx_word' id='word_1_558' title='bbox 794 3571 860 3610; x_wconf 77' lang='grc'><strong>111111</strong></span> <span class='ocrx_word' id='word_1_559' title='bbox 883 3554 914 3610; x_wconf 93' lang='lat' dir='ltr'><strong>in</strong></span> <span class='ocrx_word' id='word_1_560' title='bbox 931 3555 992 3627; x_wconf 66' lang='lat' dir='ltr'><strong>ejus</strong></span> <span class='ocrx_word' id='word_1_561' title='bbox 1046 3562 1091 3618; x_wconf 90' lang='lat' dir='ltr'><strong>Sic</strong></span> <span class='ocrx_word' id='word_1_562' title='bbox 1105 3561 1224 3617; x_wconf 91' lang='lat' dir='ltr'><strong>omnino</strong></span> <span class='ocrx_word' id='word_1_563' title='bbox 1238 3559 1456 3631; x_wconf 87' lang='lat' dir='ltr'><strong>loquebaturad</strong></span> <span class='ocrx_word' id='word_1_564' title='bbox 1472 3557 1727 3630; x_wconf 84' lang='lat' dir='ltr'><strong>Carthaginensem</strong></span> <span class='ocrx_word' id='word_1_565' title='bbox 1741 3557 1895 3629; x_wconf 85' lang='lat' dir='ltr'><strong>plebemin</strong></span> 
     </span>
     <span class='ocr_line' id='line_1_46' title="bbox 140 3642 1894 3719; baseline -0.003 -14"><span class='ocrx_word' id='word_1_566' title='bbox 140 3666 244 3706; x_wconf 89' lang='lat' dir='ltr'><strong>manus</strong></span> <span class='ocrx_word' id='word_1_567' title='bbox 257 3648 401 3704; x_wconf 72' lang='lat' dir='ltr'><strong>senbsent</strong></span> <span class='ocrx_word' id='word_1_568' title='bbox 415 3646 523 3719; x_wconf 86' lang='lat' dir='ltr'><strong>Pelagii</strong></span> <span class='ocrx_word' id='word_1_569' title='bbox 536 3644 728 3717; x_wconf 84' lang='lat' dir='ltr'><strong>expositiones</strong></span> <span class='ocrx_word' id='word_1_570' title='bbox 742 3643 772 3699; x_wconf 91' lang='lat' dir='ltr'><strong>iu</strong></span> <span class='ocrx_word' id='word_1_571' title='bbox 787 3642 866 3700; x_wconf 89' lang='lat' dir='ltr'><strong>Pauli</strong></span> <span class='ocrx_word' id='word_1_572' title='bbox 881 3642 992 3716; x_wconf 88' lang='lat' dir='ltr'><strong>Episto·</strong></span> <span class='ocrx_word' id='word_1_573' title='bbox 1046 3664 1189 3715; x_wconf 87' lang='lat' dir='ltr'><strong>sermone,</strong></span> <span class='ocrx_word' id='word_1_574' title='bbox 1204 3662 1290 3719; x_wconf 90' lang='lat' dir='ltr'><strong>quem</strong></span> <span class='ocrx_word' id='word_1_575' title='bbox 1314 3644 1422 3700; x_wconf 80' lang='lat' dir='ltr'><strong>Aurelii</strong></span> <span class='ocrx_word' id='word_1_576' title='bbox 1444 3644 1569 3717; x_wconf 87' lang='lat' dir='ltr'><strong>episcopi</strong></span> <span class='ocrx_word' id='word_1_577' title='bbox 1593 3645 1721 3716; x_wconf 89' lang='lat' dir='ltr'><strong>impulsu</strong></span> <span class='ocrx_word' id='word_1_578' title='bbox 1743 3645 1793 3715; x_wconf 85' lang='lat' dir='ltr'><strong>(De</strong></span> <span class='ocrx_word' id='word_1_579' title='bbox 1815 3646 1894 3703; x_wconf 75' lang='lat' dir='ltr'><strong>aare</strong></span> 
     </span>
     <span class='ocr_line' id='line_1_47' title="bbox 143 3732 1893 3808; baseline -0.009 -6"><span class='ocrx_word' id='word_1_580' title='bbox 143 3739 195 3802; x_wconf 67' lang='lat' dir='ltr'><strong>lat,</strong></span> <span class='ocrx_word' id='word_1_581' title='bbox 206 3734 534 3808; x_wconf 64' lang='lat' dir='ltr'><strong>argumentationtmibi</strong></span> <span class='ocrx_word' id='word_1_582' title='bbox 545 3734 700 3806; x_wconf 68' lang='lat' dir='ltr'><strong>quamdam</strong></span> <span class='ocrx_word' id='word_1_583' title='bbox 710 3733 843 3789; x_wconf 69' lang='lat' dir='ltr'><strong>advertus</strong></span> <span class='ocrx_word' id='word_1_584' title='bbox 853 3732 992 3805; x_wconf 67' lang='lat' dir='ltr'><strong>originale</strong></span> <span class='ocrx_word' id='word_1_585' title='bbox 1046 3738 1162 3805; x_wconf 54' lang='lat' dir='ltr'><strong>Pelopia</strong></span> <span class='ocrx_word' id='word_1_586' title='bbox 1177 3752 1207 3791; x_wconf 87' lang='lat' dir='ltr'><strong>n.</strong></span> <span class='ocrx_word' id='word_1_587' title='bbox 1222 3735 1282 3807; x_wconf 78' lang='lat'><strong>25),</strong></span> <span class='ocrx_word' id='word_1_588' title='bbox 1298 3734 1444 3807; x_wconf 91' lang='lat' dir='ltr'><strong>aliquanto</strong></span> <span class='ocrx_word' id='word_1_589' title='bbox 1463 3737 1527 3807; x_wconf 89' lang='lat' dir='ltr'><strong>post</strong></span> <span class='ocrx_word' id='word_1_590' title='bbox 1542 3734 1632 3790; x_wconf 88' lang='lat' dir='ltr'><strong>editos</strong></span> <span class='ocrx_word' id='word_1_591' title='bbox 1650 3733 1764 3805; x_wconf 88' lang='lat' dir='ltr'><strong>priores</strong></span> <span class='ocrx_word' id='word_1_592' title='bbox 1779 3734 1816 3790; x_wconf 93' lang='lat' dir='ltr'><strong>ad</strong></span> <span class='ocrx_word' id='word_1_593' title='bbox 1831 3734 1893 3790; x_wconf 81' lang='lat' dir='ltr'><strong>liar·</strong></span> 
     </span>
     <span class='ocr_line' id='line_1_48' title="bbox 143 3820 1893 3898; baseline -0.002 -17"><span class='ocrx_word' id='word_1_594' title='bbox 143 3830 292 3898; x_wconf 89' lang='lat' dir='ltr'><strong>peceatum</strong></span> <span class='ocrx_word' id='word_1_595' title='bbox 310 3823 427 3895; x_wconf 88' lang='lat' dir='ltr'><strong>reperit,</strong></span> <span class='ocrx_word' id='word_1_596' title='bbox 443 3840 460 3878; x_wconf 90' lang='lat' dir='ltr'><strong>a</strong></span> <span class='ocrx_word' id='word_1_597' title='bbox 475 3838 504 3878; x_wconf 93' lang='lat' dir='ltr'><strong>se</strong></span> <span class='ocrx_word' id='word_1_598' title='bbox 524 3822 642 3877; x_wconf 89' lang='lat' dir='ltr'><strong>minime</strong></span> <span class='ocrx_word' id='word_1_599' title='bbox 661 3821 839 3877; x_wconf 76' lang='lat' dir='ltr'><strong>confutatam</strong></span> <span class='ocrx_word' id='word_1_600' title='bbox 854 3838 861 3877; x_wconf 90' lang='lat'><strong>:</strong></span> <span class='ocrx_word' id='word_1_601' title='bbox 875 3837 941 3876; x_wconf 87' lang='lat' dir='ltr'><strong>nam</strong></span> <span class='ocrx_word' id='word_1_602' title='bbox 962 3820 992 3876; x_wconf 92' lang='lat' dir='ltr'><strong>in</strong></span> <span class='ocrx_word' id='word_1_603' title='bbox 1046 3825 1181 3881; x_wconf 88' lang='lat' dir='ltr'><strong>cellinum</strong></span> <span class='ocrx_word' id='word_1_604' title='bbox 1196 3825 1294 3895; x_wconf 89' lang='lat' dir='ltr'><strong>libros,</strong></span> <span class='ocrx_word' id='word_1_605' title='bbox 1303 3839 1356 3879; x_wconf 88' lang='lat' dir='ltr'><strong>nec</strong></span> <span class='ocrx_word' id='word_1_606' title='bbox 1368 3827 1466 3879; x_wconf 91' lang='lat' dir='ltr'><strong>tamen</strong></span> <span class='ocrx_word' id='word_1_607' title='bbox 1481 3828 1547 3878; x_wconf 89' lang='lat' dir='ltr'><strong>ante</strong></span> <span class='ocrx_word' id='word_1_608' title='bbox 1561 3839 1679 3891; x_wconf 88' lang='lat' dir='ltr'><strong>aunum,</strong></span> <span class='ocrx_word' id='word_1_609' title='bbox 1691 3827 1726 3878; x_wconf 90' lang='lat' dir='ltr'><strong>ut</strong></span> <span class='ocrx_word' id='word_1_610' title='bbox 1738 3823 1827 3880; x_wconf 85' lang='lat' dir='ltr'><strong>nobis</strong></span> <span class='ocrx_word' id='word_1_611' title='bbox 1839 3821 1893 3896; x_wconf 84' lang='lat' dir='ltr'><strong>qui·</strong></span> 
     </span>
     <span class='ocr_line' id='line_1_49' title="bbox 145 3910 1894 3984; baseline -0.002 -15"><span class='ocrx_word' id='word_1_612' title='bbox 145 3917 271 3969; x_wconf 70' lang='lat' dir='ltr'><strong>mentun</strong></span> <span class='ocrx_word' id='word_1_613' title='bbox 291 3913 346 3967; x_wconf 90' lang='lat' dir='ltr'><strong>sihi</strong></span> <span class='ocrx_word' id='word_1_614' title='bbox 364 3911 483 3968; x_wconf 91' lang='lat' dir='ltr'><strong>omnino</strong></span> <span class='ocrx_word' id='word_1_615' title='bbox 503 3926 561 3966; x_wconf 92' lang='lat' dir='ltr'><strong>nou</strong></span> <span class='ocrx_word' id='word_1_616' title='bbox 577 3914 703 3978; x_wconf 81' lang='lat' dir='ltr'><strong>uenerat,</strong></span> <span class='ocrx_word' id='word_1_617' title='bbox 717 3923 891 3981; x_wconf 89' lang='lat' dir='ltr'><strong>quemquam</strong></span> <span class='ocrx_word' id='word_1_618' title='bbox 910 3925 993 3981; x_wconf 91' lang='lat' dir='ltr'><strong>posse</strong></span> <span class='ocrx_word' id='word_1_619' title='bbox 1047 3915 1113 3970; x_wconf 89' lang='lat' dir='ltr'><strong>dem</strong></span> <span class='ocrx_word' id='word_1_620' title='bbox 1128 3913 1288 3982; x_wconf 83' lang='lat' dir='ltr'><strong>videbatur,</strong></span> <span class='ocrx_word' id='word_1_621' title='bbox 1304 3911 1407 3968; x_wconf 92' lang='lat' dir='ltr'><strong>Christi</strong></span> <span class='ocrx_word' id='word_1_622' title='bbox 1422 3910 1742 3984; x_wconf 90' lang='lat' dir='ltr'><strong>quadringentesimum</strong></span> <span class='ocrx_word' id='word_1_623' title='bbox 1756 3911 1894 3968; x_wconf 88' lang='lat' dir='ltr'><strong>decimum</strong></span> 
     </span>
     <span class='ocr_line' id='line_1_50' title="bbox 145 3998 1893 4074; baseline -0.002 -17"><span class='ocrx_word' id='word_1_624' title='bbox 145 4001 214 4057; x_wconf 88' lang='lat' dir='ltr'><strong>talia</strong></span> <span class='ocrx_word' id='word_1_625' title='bbox 227 4000 353 4074; x_wconf 89' lang='lat' dir='ltr'><strong>cogitare</strong></span> <span class='ocrx_word' id='word_1_626' title='bbox 367 4001 413 4056; x_wconf 87' lang='lat' dir='ltr'><strong>vel</strong></span> <span class='ocrx_word' id='word_1_627' title='bbox 424 4000 517 4056; x_wconf 87' lang='lat' dir='ltr'><strong>dicere</strong></span> <span class='ocrx_word' id='word_1_628' title='bbox 527 4001 573 4071; x_wconf 84' lang='lat' dir='ltr'><strong>(De</strong></span> <span class='ocrx_word' id='word_1_629' title='bbox 585 4001 757 4054; x_wconf 83' lang='lat' dir='ltr'><strong>Peccatornm</strong></span> <span class='ocrx_word' id='word_1_630' title='bbox 770 4000 884 4067; x_wconf 86' lang='lat' dir='ltr'><strong>meritis,</strong></span> <span class='ocrx_word' id='word_1_631' title='bbox 901 3998 949 4054; x_wconf 85' lang='lat' dir='ltr'><strong>tib.</strong></span> <span class='ocrx_word' id='word_1_632' title='bbox 965 4001 992 4066; x_wconf 83' lang='grc'><strong>3,</strong></span> <span class='ocrx_word' id='word_1_633' title='bbox 1046 4003 1166 4059; x_wconf 87' lang='lat' dir='ltr'><strong>tertium</strong></span> <span class='ocrx_word' id='word_1_634' title='bbox 1186 4002 1269 4073; x_wconf 84' lang='lat' dir='ltr'><strong>(Vide</strong></span> <span class='ocrx_word' id='word_1_635' title='bbox 1288 4004 1401 4070; x_wconf 74' lang='lat' dir='ltr'><strong>Praesm.</strong></span> <span class='ocrx_word' id='word_1_636' title='bbox 1418 4003 1483 4056; x_wconf 89' lang='lat' dir='ltr'><strong>tomi</strong></span> <span class='ocrx_word' id='word_1_637' title='bbox 1498 4004 1541 4070; x_wconf 89' lang='lat' dir='ltr'><strong>l0,</strong></span> <span class='ocrx_word' id='word_1_638' title='bbox 1557 4001 1573 4073; x_wconf 69' lang='grc' dir='ltr'><strong>ξ</strong></span> <span class='ocrx_word' id='word_1_639' title='bbox 1588 4002 1626 4071; x_wconf 87' lang='grc'><strong>6).</strong></span> <span class='ocrx_word' id='word_1_640' title='bbox 1647 3999 1851 4070; x_wconf 85' lang='lat' dir='ltr'><strong>pronuntiarit</strong></span> <span class='ocrx_word' id='word_1_641' title='bbox 1869 3998 1893 4053; x_wconf 90' lang='lat' dir='ltr'><strong>in</strong></span> 
     </span>
     <span class='ocr_line' id='line_1_51' title="bbox 144 4086 1893 4163; baseline -0.002 -17"><span class='ocrx_word' id='word_1_642' title='bbox 144 4106 173 4147; x_wconf 89' lang='lat' dir='ltr'><strong>n.</strong></span> <span class='ocrx_word' id='word_1_643' title='bbox 190 4090 226 4163; x_wconf 91' lang='lat' dir='ltr'><strong>l).</strong></span> <span class='ocrx_word' id='word_1_644' title='bbox 243 4092 423 4162; x_wconf 85' lang='lat' dir='ltr'><strong>Quapropter</strong></span> <span class='ocrx_word' id='word_1_645' title='bbox 438 4104 503 4144; x_wconf 91' lang='lat' dir='ltr'><strong>cum</strong></span> <span class='ocrx_word' id='word_1_646' title='bbox 518 4087 713 4160; x_wconf 90' lang='lat' dir='ltr'><strong>superioribus</strong></span> <span class='ocrx_word' id='word_1_647' title='bbox 727 4087 808 4142; x_wconf 89' lang='lat' dir='ltr'><strong>libris</strong></span> <span class='ocrx_word' id='word_1_648' title='bbox 822 4087 860 4142; x_wconf 91' lang='lat' dir='ltr'><strong>ad</strong></span> <span class='ocrx_word' id='word_1_649' title='bbox 874 4086 993 4144; x_wconf 90' lang='lat' dir='ltr'><strong>umbili-</strong></span> <span class='ocrx_word' id='word_1_650' title='bbox 1046 4092 1163 4149; x_wconf 87' lang='lat' dir='ltr'><strong>basilica</strong></span> <span class='ocrx_word' id='word_1_651' title='bbox 1173 4092 1325 4162; x_wconf 86' lang='lat' dir='ltr'><strong>ldajorum,</strong></span> <span class='ocrx_word' id='word_1_652' title='bbox 1336 4090 1366 4144; x_wconf 91' lang='lat' dir='ltr'><strong>iu</strong></span> <span class='ocrx_word' id='word_1_653' title='bbox 1376 4090 1465 4145; x_wconf 66' lang='lat' dir='ltr'><strong>nauli</strong></span> <span class='ocrx_word' id='word_1_654' title='bbox 1475 4089 1608 4162; x_wconf 84' lang='lat' dir='ltr'><strong>martyris</strong></span> <span class='ocrx_word' id='word_1_655' title='bbox 1618 4089 1793 4159; x_wconf 90' lang='lat' dir='ltr'><strong>Cuddentis,</strong></span> <span class='ocrx_word' id='word_1_656' title='bbox 1804 4089 1893 4162; x_wconf 89' lang='lat' dir='ltr'><strong>quinto</strong></span> 
     </span>
     <span class='ocr_line' id='line_1_52' title="bbox 144 4176 1893 4253; baseline 0.001 -21"><span class='ocrx_word' id='word_1_657' title='bbox 144 4197 211 4236; x_wconf 88' lang='lat' dir='ltr'><strong>cum</strong></span> <span class='ocrx_word' id='word_1_658' title='bbox 224 4179 371 4253; x_wconf 86' lang='lat' dir='ltr'><strong>perductis</strong></span> <span class='ocrx_word' id='word_1_659' title='bbox 392 4178 464 4235; x_wconf 92' lang='lat' dir='ltr'><strong>nihil</strong></span> <span class='ocrx_word' id='word_1_660' title='bbox 486 4177 553 4234; x_wconf 90' lang='lat' dir='ltr'><strong>addi</strong></span> <span class='ocrx_word' id='word_1_661' title='bbox 575 4193 657 4248; x_wconf 89' lang='lat' dir='ltr'><strong>posse</strong></span> <span class='ocrx_word' id='word_1_662' title='bbox 674 4176 825 4248; x_wconf 84' lang='lat' dir='ltr'><strong>judicaret,</strong></span> <span class='ocrx_word' id='word_1_663' title='bbox 841 4176 993 4247; x_wconf 87' lang='lat' dir='ltr'><strong>epistolam</strong></span> <span class='ocrx_word' id='word_1_664' title='bbox 1047 4181 1183 4237; x_wconf 87' lang='lat' dir='ltr'><strong>kalendas</strong></span> <span class='ocrx_word' id='word_1_665' title='bbox 1194 4179 1262 4251; x_wconf 86' lang='lat' dir='ltr'><strong>julii</strong></span> <span class='ocrx_word' id='word_1_666' title='bbox 1276 4195 1283 4234; x_wconf 91' lang='lat'>:</span> <span class='ocrx_word' id='word_1_667' title='bbox 1297 4178 1347 4235; x_wconf 92' lang='lat' dir='ltr'><strong>ubi</strong></span> <span class='ocrx_word' id='word_1_668' title='bbox 1359 4183 1546 4250; x_wconf 84' lang='lat' dir='ltr'><strong>posteaquam</strong></span> <span class='ocrx_word' id='word_1_669' title='bbox 1556 4179 1748 4250; x_wconf 74' lang='lat' dir='ltr'><strong>questionem</strong></span> <span class='ocrx_word' id='word_1_670' title='bbox 1760 4179 1798 4235; x_wconf 88' lang='lat' dir='ltr'><strong>de</strong></span> <span class='ocrx_word' id='word_1_671' title='bbox 1809 4176 1893 4251; x_wconf 85' lang='lat' dir='ltr'><strong>Bapti-</strong></span> 
     </span>
     <span class='ocr_line' id='line_1_53' title="bbox 146 4264 1893 4341; baseline -0.002 -17"><span class='ocrx_word' id='word_1_672' title='bbox 146 4270 199 4324; x_wconf 88' lang='lat' dir='ltr'><strong>hac</strong></span> <span class='ocrx_word' id='word_1_673' title='bbox 213 4270 248 4326; x_wconf 85' lang='lat' dir='ltr'><strong>de</strong></span> <span class='ocrx_word' id='word_1_674' title='bbox 263 4285 295 4325; x_wconf 91' lang='lat' dir='ltr'><strong>re</strong></span> <span class='ocrx_word' id='word_1_675' title='bbox 304 4269 453 4341; x_wconf 90' lang='lat' dir='ltr'><strong>propriam</strong></span> <span class='ocrx_word' id='word_1_676' title='bbox 468 4266 629 4322; x_wconf 83' lang='lat' dir='ltr'><strong>Marcellino</strong></span> <span class='ocrx_word' id='word_1_677' title='bbox 641 4266 761 4338; x_wconf 89' lang='lat' dir='ltr'><strong>scripsit,</strong></span> <span class='ocrx_word' id='word_1_678' title='bbox 774 4281 860 4338; x_wconf 89' lang='lat' dir='ltr'><strong>quam</strong></span> <span class='ocrx_word' id='word_1_679' title='bbox 875 4269 903 4321; x_wconf 88' lang='lat' dir='ltr'><strong>et</strong></span> <span class='ocrx_word' id='word_1_680' title='bbox 916 4264 995 4336; x_wconf 80' lang='lat' dir='ltr'><strong>operi</strong></span> <span class='ocrx_word' id='word_1_681' title='bbox 1048 4287 1109 4326; x_wconf 90' lang='lat' dir='ltr'><strong>smo</strong></span> <span class='ocrx_word' id='word_1_682' title='bbox 1123 4269 1214 4326; x_wconf 85' lang='lat' dir='ltr'><strong>fusius</strong></span> <span class='ocrx_word' id='word_1_683' title='bbox 1229 4269 1369 4338; x_wconf 80' lang='lat' dir='ltr'><strong>tractarit,</strong></span> <span class='ocrx_word' id='word_1_684' title='bbox 1384 4267 1510 4340; x_wconf 91' lang='lat' dir='ltr'><strong>primum</strong></span> <span class='ocrx_word' id='word_1_685' title='bbox 1526 4267 1641 4341; x_wconf 91' lang='lat' dir='ltr'><strong>quidem</strong></span> <span class='ocrx_word' id='word_1_686' title='bbox 1654 4267 1770 4324; x_wconf 84' lang='lat' dir='ltr'><strong>divinas</strong></span> <span class='ocrx_word' id='word_1_687' title='bbox 1783 4265 1893 4324; x_wconf 86' lang='lat' dir='ltr'><strong>auctori·</strong></span> 
     </span>
     <span class='ocr_line' id='line_1_54' title="bbox 145 4353 1893 4430; baseline -0.001 -18"><span class='ocrx_word' id='word_1_688' title='bbox 145 4374 196 4413; x_wconf 89' lang='lat' dir='ltr'><strong>suo</strong></span> <span class='ocrx_word' id='word_1_689' title='bbox 210 4358 288 4414; x_wconf 90' lang='lat' dir='ltr'><strong>tertii</strong></span> <span class='ocrx_word' id='word_1_690' title='bbox 301 4357 368 4415; x_wconf 91' lang='lat' dir='ltr'><strong>libri</strong></span> <span class='ocrx_word' id='word_1_691' title='bbox 379 4357 471 4413; x_wconf 87' lang='lat' dir='ltr'><strong>instar</strong></span> <span class='ocrx_word' id='word_1_692' title='bbox 479 4355 617 4413; x_wconf 86' lang='lat' dir='ltr'><strong>annexuit</strong></span> <span class='ocrx_word' id='word_1_693' title='bbox 628 4357 754 4425; x_wconf 74' lang='lat' dir='ltr'><strong>illatrant.</strong></span> <span class='ocrx_word' id='word_1_694' title='bbox 766 4355 814 4411; x_wconf 88' lang='lat' dir='ltr'><strong>lib.</strong></span> <span class='ocrx_word' id='word_1_695' title='bbox 825 4358 851 4421; x_wconf 75' lang='lat'><strong>2,</strong></span> <span class='ocrx_word' id='word_1_696' title='bbox 864 4369 924 4424; x_wconf 91' lang='lat' dir='ltr'><strong>cap.</strong></span> <span class='ocrx_word' id='word_1_697' title='bbox 939 4353 992 4423; x_wconf 88' lang='grc'>33).</span> <span class='ocrx_word' id='word_1_698' title='bbox 1048 4363 1120 4415; x_wconf 77' lang='lat' dir='ltr'><strong>tates</strong></span> <span class='ocrx_word' id='word_1_699' title='bbox 1133 4358 1293 4430; x_wconf 83' lang='lat' dir='ltr'><strong>proterens,</strong></span> <span class='ocrx_word' id='word_1_700' title='bbox 1309 4357 1376 4412; x_wconf 87' lang='lat' dir='ltr'><strong>dein</strong></span> <span class='ocrx_word' id='word_1_701' title='bbox 1391 4362 1506 4429; x_wconf 89' lang='lat' dir='ltr'><strong>gestans</strong></span> <span class='ocrx_word' id='word_1_702' title='bbox 1521 4372 1636 4428; x_wconf 89' lang='lat' dir='ltr'><strong>quoque</strong></span> <span class='ocrx_word' id='word_1_703' title='bbox 1650 4356 1681 4411; x_wconf 92' lang='lat' dir='ltr'><strong>in</strong></span> <span class='ocrx_word' id='word_1_704' title='bbox 1694 4357 1833 4413; x_wconf 88' lang='lat' dir='ltr'><strong>manibus</strong></span> <span class='ocrx_word' id='word_1_705' title='bbox 1845 4353 1893 4427; x_wconf 73' lang='lat' dir='ltr'><strong>api</strong></span> 
     </span>
     <span class='ocr_line' id='line_1_55' title="bbox 147 4443 1893 4520; baseline -0.002 -18"><span class='ocrx_word' id='word_1_706' title='bbox 147 4447 181 4502; x_wconf 94' lang='lat' dir='ltr'><strong>Id</strong></span> <span class='ocrx_word' id='word_1_707' title='bbox 196 4447 332 4520; x_wconf 90' lang='lat' dir='ltr'><strong>temporis</strong></span> <span class='ocrx_word' id='word_1_708' title='bbox 344 4445 515 4519; x_wconf 86' lang='lat' dir='ltr'><strong>Carthagine</strong></span> <span class='ocrx_word' id='word_1_709' title='bbox 530 4445 633 4518; x_wconf 88' lang='lat' dir='ltr'><strong>agebat</strong></span> <span class='ocrx_word' id='word_1_710' title='bbox 647 4444 826 4501; x_wconf 85' lang='lat' dir='ltr'><strong>tlarcelliuus</strong></span> <span class='ocrx_word' id='word_1_711' title='bbox 839 4443 886 4515; x_wconf 82' lang='lat' dir='ltr'><strong>(lie</strong></span> <span class='ocrx_word' id='word_1_712' title='bbox 899 4446 995 4499; x_wconf 87' lang='lat' dir='ltr'><strong>Pecca-</strong></span> <span class='ocrx_word' id='word_1_713' title='bbox 1048 4447 1149 4502; x_wconf 91' lang='lat' dir='ltr'><strong>stolam</strong></span> <span class='ocrx_word' id='word_1_714' title='bbox 1161 4445 1362 4518; x_wconf 88' lang='lat' dir='ltr'><strong>gloriosissimi</strong></span> <span class='ocrx_word' id='word_1_715' title='bbox 1376 4445 1510 4518; x_wconf 80' lang='lat' dir='ltr'><strong>martyris</strong></span> <span class='ocrx_word' id='word_1_716' title='bbox 1525 4445 1660 4518; x_wconf 83' lang='lat' dir='ltr'><strong>Cypriani</strong></span> <span class='ocrx_word' id='word_1_717' title='bbox 1675 4462 1742 4518; x_wconf 78' lang='lat' dir='ltr'><strong>quse</strong></span> <span class='ocrx_word' id='word_1_718' title='bbox 1754 4450 1800 4501; x_wconf 83' lang='lat' dir='ltr'><strong>est</strong></span> <span class='ocrx_word' id='word_1_719' title='bbox 1814 4445 1846 4500; x_wconf 92' lang='lat' dir='ltr'><strong>ad</strong></span> <span class='ocrx_word' id='word_1_720' title='bbox 1856 4443 1893 4499; x_wconf 84' lang='lat' dir='ltr'><strong>Fi·</strong></span> 
     </span>
     <span class='ocr_line' id='line_1_56' title="bbox 145 4530 1893 4608; baseline -0.007 -6"><span class='ocrx_word' id='word_1_721' title='bbox 145 4541 235 4592; x_wconf 88' lang='lat' dir='ltr'><strong>torum</strong></span> <span class='ocrx_word' id='word_1_722' title='bbox 247 4539 363 4602; x_wconf 71' lang='lat' dir='ltr'><strong>nimias,</strong></span> <span class='ocrx_word' id='word_1_723' title='bbox 380 4537 428 4592; x_wconf 74' lang='lat' dir='ltr'><strong>lt&#39;b·</strong></span> <span class='ocrx_word' id='word_1_724' title='bbox 446 4539 472 4600; x_wconf 67' lang='grc'><strong>3,</strong></span> <span class='ocrx_word' id='word_1_725' title='bbox 487 4552 516 4591; x_wconf 94' lang='lat' dir='ltr'><strong>n.</strong></span> <span class='ocrx_word' id='word_1_726' title='bbox 536 4536 592 4608; x_wconf 79' lang='grc'><strong>10)</strong></span> <span class='ocrx_word' id='word_1_727' title='bbox 613 4533 701 4606; x_wconf 79' lang='lat' dir='ltr'><strong>Atqui</strong></span> <span class='ocrx_word' id='word_1_728' title='bbox 720 4531 851 4603; x_wconf 81' lang='lat' dir='ltr'><strong>Pelagius</strong></span> <span class='ocrx_word' id='word_1_729' title='bbox 866 4530 995 4586; x_wconf 74' lang='lat' dir='ltr'><strong>Ecclesia</strong></span> <span class='ocrx_word' id='word_1_730' title='bbox 1048 4537 1127 4597; x_wconf 87' lang='lat' dir='ltr'><strong>dum,</strong></span> <span class='ocrx_word' id='word_1_731' title='bbox 1143 4539 1171 4590; x_wconf 88' lang='lat' dir='ltr'><strong>et</strong></span> <span class='ocrx_word' id='word_1_732' title='bbox 1191 4536 1226 4591; x_wconf 94' lang='lat' dir='ltr'><strong>de</strong></span> <span class='ocrx_word' id='word_1_733' title='bbox 1246 4535 1300 4591; x_wconf 90' lang='lat' dir='ltr'><strong>hac</strong></span> <span class='ocrx_word' id='word_1_734' title='bbox 1314 4551 1345 4589; x_wconf 90' lang='lat' dir='ltr'><strong>re</strong></span> <span class='ocrx_word' id='word_1_735' title='bbox 1359 4536 1446 4591; x_wconf 85' lang='lat' dir='ltr'><strong>verba</strong></span> <span class='ocrx_word' id='word_1_736' title='bbox 1461 4536 1522 4607; x_wconf 87' lang='lat' dir='ltr'><strong>ejus</strong></span> <span class='ocrx_word' id='word_1_737' title='bbox 1535 4533 1659 4589; x_wconf 91' lang='lat' dir='ltr'><strong>recitans</strong></span> <span class='ocrx_word' id='word_1_738' title='bbox 1679 4539 1770 4607; x_wconf 89' lang='lat' dir='ltr'><strong>atque</strong></span> <span class='ocrx_word' id='word_1_739' title='bbox 1792 4539 1893 4607; x_wconf 80' lang='lat' dir='ltr'><strong>pertra-</strong></span> 
     </span>
     <span class='ocr_line' id='line_1_57' title="bbox 143 4619 1895 4696; baseline -0.003 -17"><span class='ocrx_word' id='word_1_740' title='bbox 143 4623 232 4680; x_wconf 89' lang='lat' dir='ltr'><strong>fidem</strong></span> <span class='ocrx_word' id='word_1_741' title='bbox 246 4639 305 4679; x_wconf 91' lang='lat' dir='ltr'><strong>non</strong></span> <span class='ocrx_word' id='word_1_742' title='bbox 318 4639 353 4679; x_wconf 88' lang='lat' dir='ltr'><strong>ex</strong></span> <span class='ocrx_word' id='word_1_743' title='bbox 367 4641 419 4681; x_wconf 89' lang='lat' dir='ltr'><strong>sua</strong></span> <span class='ocrx_word' id='word_1_744' title='bbox 432 4638 558 4696; x_wconf 90' lang='lat' dir='ltr'><strong>persona</strong></span> <span class='ocrx_word' id='word_1_745' title='bbox 576 4620 774 4694; x_wconf 87' lang='lat' dir='ltr'><strong>impugnabat,</strong></span> <span class='ocrx_word' id='word_1_746' title='bbox 788 4620 838 4676; x_wconf 88' lang='lat' dir='ltr'><strong>sed</strong></span> <span class='ocrx_word' id='word_1_747' title='bbox 851 4619 995 4691; x_wconf 70' lang='lat' dir='ltr'><strong>&#39;tanquam</strong></span> <span class='ocrx_word' id='word_1_748' title='bbox 1047 4629 1138 4689; x_wconf 85' lang='lat' dir='ltr'><strong>stans,</strong></span> <span class='ocrx_word' id='word_1_749' title='bbox 1169 4629 1202 4680; x_wconf 90' lang='lat' dir='ltr'><strong>ut</strong></span> <span class='ocrx_word' id='word_1_750' title='bbox 1230 4638 1310 4679; x_wconf 88' lang='lat' dir='ltr'><strong>error</strong></span> <span class='ocrx_word' id='word_1_751' title='bbox 1336 4623 1463 4679; x_wconf 84' lang='lat' dir='ltr'><strong>nefarius</strong></span> <span class='ocrx_word' id='word_1_752' title='bbox 1485 4623 1521 4679; x_wconf 89' lang='lat' dir='ltr'><strong>de</strong></span> <span class='ocrx_word' id='word_1_753' title='bbox 1549 4622 1743 4696; x_wconf 88' lang='lat' dir='ltr'><strong>quorumdam</strong></span> <span class='ocrx_word' id='word_1_754' title='bbox 1770 4621 1895 4679; x_wconf 85' lang='lat' dir='ltr'><strong>cordibus</strong></span> 
     </span>
     <span class='ocr_line' id='line_1_58' title="bbox 144 4709 1895 4784; baseline -0.003 -17"><span class='ocrx_word' id='word_1_755' title='bbox 144 4711 236 4768; x_wconf 89' lang='lat' dir='ltr'><strong>aliena</strong></span> <span class='ocrx_word' id='word_1_756' title='bbox 260 4713 373 4784; x_wconf 84' lang='lat' dir='ltr'><strong>objecta</strong></span> <span class='ocrx_word' id='word_1_757' title='bbox 396 4715 523 4770; x_wconf 83' lang='lat' dir='ltr'><strong>reterens</strong></span> <span class='ocrx_word' id='word_1_758' title='bbox 547 4728 555 4768; x_wconf 77' lang='grc' dir='ltr'>ι</span> <span class='ocrx_word' id='word_1_759' title='bbox 580 4712 681 4769; x_wconf 84' lang='lat' dir='ltr'><strong>eadem</strong></span> <span class='ocrx_word' id='word_1_760' title='bbox 704 4716 811 4772; x_wconf 91' lang='lat' dir='ltr'><strong>tamen,</strong></span> <span class='ocrx_word' id='word_1_761' title='bbox 835 4710 886 4766; x_wconf 90' lang='lat' dir='ltr'><strong>ubi</strong></span> <span class='ocrx_word' id='word_1_762' title='bbox 906 4710 994 4766; x_wconf 86' lang='lat' dir='ltr'><strong>semel</strong></span> <span class='ocrx_word' id='word_1_763' title='bbox 1048 4713 1226 4782; x_wconf 76' lang='lat' dir='ltr'><strong>arilerratur3</strong></span> <span class='ocrx_word' id='word_1_764' title='bbox 1248 4713 1282 4768; x_wconf 90' lang='lat' dir='ltr'><strong>ad</strong></span> <span class='ocrx_word' id='word_1_765' title='bbox 1307 4716 1466 4768; x_wconf 85' lang='lat' dir='ltr'><strong>extremum</strong></span> <span class='ocrx_word' id='word_1_766' title='bbox 1490 4711 1556 4784; x_wconf 92' lang='lat' dir='ltr'><strong>pius</strong></span> <span class='ocrx_word' id='word_1_767' title='bbox 1579 4711 1705 4767; x_wconf 81' lang='lat' dir='ltr'><strong>Antiates</strong></span> <span class='ocrx_word' id='word_1_768' title='bbox 1721 4711 1831 4768; x_wconf 90' lang='lat' dir='ltr'><strong>claudit</strong></span> <span class='ocrx_word' id='word_1_769' title='bbox 1849 4709 1895 4766; x_wconf 75' lang='lat' dir='ltr'><strong>die</strong></span> 
     </span>
     <span class='ocr_line' id='line_1_59' title="bbox 146 4797 1896 4873; baseline 0.002 -19"><span class='ocrx_word' id='word_1_770' title='bbox 146 4800 286 4855; x_wconf 72' lang='lat' dir='ltr'><strong>haerescos</strong></span> <span class='ocrx_word' id='word_1_771' title='bbox 300 4817 360 4856; x_wconf 82' lang='lat' dir='ltr'><strong>sure</strong></span> <span class='ocrx_word' id='word_1_772' title='bbox 374 4801 489 4872; x_wconf 87' lang='lat' dir='ltr'><strong>siguum</strong></span> <span class='ocrx_word' id='word_1_773' title='bbox 504 4801 629 4870; x_wconf 89' lang='lat' dir='ltr'><strong>sustulit,</strong></span> <span class='ocrx_word' id='word_1_774' title='bbox 642 4797 869 4873; x_wconf 88' lang='lat' dir='ltr'><strong>pertinacissima</strong></span> <span class='ocrx_word' id='word_1_775' title='bbox 884 4798 994 4854; x_wconf 88' lang='lat' dir='ltr'><strong>animo·</strong></span> <span class='ocrx_word' id='word_1_776' title='bbox 1048 4800 1229 4873; x_wconf 90' lang='lat' dir='ltr'><strong>putationem</strong></span> <span class='ocrx_word' id='word_1_777' title='bbox 1243 4801 1274 4856; x_wconf 93' lang='lat' dir='ltr'><strong>in</strong></span> <span class='ocrx_word' id='word_1_778' title='bbox 1290 4801 1352 4857; x_wconf 78' lang='lat' dir='ltr'><strong>hac</strong></span> <span class='ocrx_word' id='word_1_779' title='bbox 1365 4801 1450 4857; x_wconf 82' lang='lat' dir='ltr'><strong>rerba</strong></span> <span class='ocrx_word' id='word_1_780' title='bbox 1467 4813 1473 4856; x_wconf 91' lang='lat'>:</span> <span class='ocrx_word' id='word_1_781' title='bbox 1491 4803 1670 4871; x_wconf 84' lang='lat' dir='ltr'><strong>impetremus</strong></span> <span class='ocrx_word' id='word_1_782' title='bbox 1682 4816 1755 4871; x_wconf 84' lang='lat' dir='ltr'><strong>erpa,</strong></span> <span class='ocrx_word' id='word_1_783' title='bbox 1772 4802 1800 4857; x_wconf 84' lang='lat' dir='ltr'><strong>ai</strong></span> <span class='ocrx_word' id='word_1_784' title='bbox 1807 4813 1896 4872; x_wconf 72' lang='lat' dir='ltr'><strong>passa·</strong></span> 
     </span>
     <span class='ocr_line' id='line_1_60' title="bbox 144 4884 1897 4962; baseline -0.001 -18"><span class='ocrx_word' id='word_1_785' title='bbox 144 4888 226 4944; x_wconf 84' lang='lat' dir='ltr'><strong>silete</strong></span> <span class='ocrx_word' id='word_1_786' title='bbox 241 4887 506 4959; x_wconf 72' lang='lat' dir='ltr'><strong>defenditsstetract.</strong></span> <span class='ocrx_word' id='word_1_787' title='bbox 518 4892 567 4947; x_wconf 85' lang='lat' dir='ltr'><strong>lib.</strong></span> <span class='ocrx_word' id='word_1_788' title='bbox 581 4894 609 4956; x_wconf 76' lang='lat'><strong>2,</strong></span> <span class='ocrx_word' id='word_1_789' title='bbox 621 4906 681 4960; x_wconf 88' lang='lat' dir='ltr'><strong>cap.</strong></span> <span class='ocrx_word' id='word_1_790' title='bbox 696 4890 752 4962; x_wconf 87' lang='grc'>33).</span> <span class='ocrx_word' id='word_1_791' title='bbox 764 4888 839 4954; x_wconf 83' lang='lat' dir='ltr'><strong>Quin</strong></span> <span class='ocrx_word' id='word_1_792' title='bbox 850 4887 936 4944; x_wconf 88' lang='lat' dir='ltr'><strong>etiam</strong></span> <span class='ocrx_word' id='word_1_793' title='bbox 947 4888 996 4944; x_wconf 83' lang='lat' dir='ltr'><strong>llo</strong></span> <span class='ocrx_word' id='word_1_794' title='bbox 1048 4905 1117 4957; x_wconf 79' lang='lat' dir='ltr'><strong>mres,</strong></span> <span class='ocrx_word' id='word_1_795' title='bbox 1130 4906 1148 4944; x_wconf 90' lang='lat' dir='ltr'><strong>a</strong></span> <span class='ocrx_word' id='word_1_796' title='bbox 1161 4884 1301 4958; x_wconf 77' lang='lat' dir='ltr'><strong>tratribus</strong></span> <span class='ocrx_word' id='word_1_797' title='bbox 1315 4892 1427 4956; x_wconf 88' lang='lat' dir='ltr'><strong>nostris,</strong></span> <span class='ocrx_word' id='word_1_798' title='bbox 1438 4905 1472 4945; x_wconf 91' lang='lat' dir='ltr'><strong>ne</strong></span> <span class='ocrx_word' id='word_1_799' title='bbox 1484 4905 1532 4945; x_wconf 86' lang='lat' dir='ltr'><strong>nos</strong></span> <span class='ocrx_word' id='word_1_800' title='bbox 1546 4891 1658 4959; x_wconf 83' lang='lat' dir='ltr'><strong>insuper</strong></span> <span class='ocrx_word' id='word_1_801' title='bbox 1671 4889 1812 4960; x_wconf 85' lang='lat' dir='ltr'><strong>appellent</strong></span> <span class='ocrx_word' id='word_1_802' title='bbox 1824 4889 1897 4943; x_wconf 68' lang='lat' dir='ltr'><strong>hate</strong></span> 
     </span>
     <span class='ocr_line' id='line_1_61' title="bbox 145 4977 1897 5051; baseline -0.002 -16"><span class='ocrx_word' id='word_1_803' title='bbox 145 4994 213 5049; x_wconf 80' lang='lat' dir='ltr'><strong>run,</strong></span> <span class='ocrx_word' id='word_1_804' title='bbox 228 4987 286 5050; x_wconf 88' lang='lat' dir='ltr'><strong>qua</strong></span> <span class='ocrx_word' id='word_1_805' title='bbox 299 4977 331 5033; x_wconf 93' lang='lat' dir='ltr'><strong>in</strong></span> <span class='ocrx_word' id='word_1_806' title='bbox 344 4978 417 5034; x_wconf 92' lang='lat' dir='ltr'><strong>urbe</strong></span> <span class='ocrx_word' id='word_1_807' title='bbox 430 4980 514 5035; x_wconf 90' lang='lat' dir='ltr'><strong>multi</strong></span> <span class='ocrx_word' id='word_1_808' title='bbox 530 4980 589 5051; x_wconf 77' lang='lat' dir='ltr'><strong>iam</strong></span> <span class='ocrx_word' id='word_1_809' title='bbox 603 4980 694 5051; x_wconf 87' lang='lat' dir='ltr'><strong>probe</strong></span> <span class='ocrx_word' id='word_1_810' title='bbox 708 4981 847 5034; x_wconf 77' lang='lat' dir='ltr'><strong>noverant</strong></span> <span class='ocrx_word' id='word_1_811' title='bbox 862 4994 935 5050; x_wconf 90' lang='lat' dir='ltr'><strong>quos</strong></span> <span class='ocrx_word' id='word_1_812' title='bbox 945 4993 994 5049; x_wconf 86' lang='lat' dir='ltr'><strong>ge·</strong></span> <span class='ocrx_word' id='word_1_813' title='bbox 1049 4982 1129 5044; x_wconf 84' lang='lat' dir='ltr'><strong>tiros;</strong></span> <span class='ocrx_word' id='word_1_814' title='bbox 1145 4979 1219 5048; x_wconf 84' lang='lat' dir='ltr'><strong>qaod</strong></span> <span class='ocrx_word' id='word_1_815' title='bbox 1231 4994 1274 5034; x_wconf 90' lang='lat' dir='ltr'><strong>eos</strong></span> <span class='ocrx_word' id='word_1_816' title='bbox 1290 4980 1358 5034; x_wconf 85' lang='lat' dir='ltr'><strong>tolia</strong></span> <span class='ocrx_word' id='word_1_817' title='bbox 1372 4980 1543 5049; x_wconf 85' lang='lat' dir='ltr'><strong>disputantes</strong></span> <span class='ocrx_word' id='word_1_818' title='bbox 1557 4993 1605 5033; x_wconf 89' lang='lat' dir='ltr'><strong>nos</strong></span> <span class='ocrx_word' id='word_1_819' title='bbox 1618 4978 1760 5048; x_wconf 89' lang='lat' dir='ltr'><strong>appellare</strong></span> <span class='ocrx_word' id='word_1_820' title='bbox 1771 4979 1897 5048; x_wconf 66' lang='lat' dir='ltr'><strong>mammet</strong></span> 
     </span>
     <span class='ocr_line' id='line_1_62' title="bbox 145 5065 1898 5139; baseline -0.002 -14"><span class='ocrx_word' id='word_1_821' title='bbox 145 5065 995 5139; x_wconf 83' lang='lat' dir='ltr'><strong>reratanimosensus,illumrelutisubhocpalliopropriam</strong></span> <span class='ocrx_word' id='word_1_822' title='bbox 1048 5068 1179 5135; x_wconf 72' lang='lat' dir='ltr'><strong>forsitan,</strong></span> <span class='ocrx_word' id='word_1_823' title='bbox 1196 5070 1222 5123; x_wconf 88' lang='lat' dir='ltr'><strong>si</strong></span> <span class='ocrx_word' id='word_1_824' title='bbox 1245 5068 1369 5137; x_wconf 83' lang='lat' dir='ltr'><strong>uelimus,</strong></span> <span class='ocrx_word' id='word_1_825' title='bbox 1384 5084 1432 5123; x_wconf 88' lang='lat' dir='ltr'><strong>nec</strong></span> <span class='ocrx_word' id='word_1_826' title='bbox 1451 5073 1540 5124; x_wconf 87' lang='lat' dir='ltr'><strong>tamen</strong></span> <span class='ocrx_word' id='word_1_827' title='bbox 1563 5066 1747 5138; x_wconf 82' lang='lat' dir='ltr'><strong>appellamus.</strong></span> <span class='ocrx_word' id='word_1_828' title='bbox 1768 5067 1898 5124; x_wconf 79' lang='lat' dir='ltr'><strong>Sustineat</strong></span> 
     </span>
     <span class='ocr_line' id='line_1_63' title="bbox 144 5154 1899 5229; baseline -0.002 -17"><span class='ocrx_word' id='word_1_829' title='bbox 144 5161 271 5213; x_wconf 89' lang='lat' dir='ltr'><strong>mentem</strong></span> <span class='ocrx_word' id='word_1_830' title='bbox 282 5154 430 5211; x_wconf 89' lang='lat' dir='ltr'><strong>insinuare</strong></span> <span class='ocrx_word' id='word_1_831' title='bbox 441 5171 497 5210; x_wconf 93' lang='lat' dir='ltr'><strong>nou</strong></span> <span class='ocrx_word' id='word_1_832' title='bbox 510 5155 734 5229; x_wconf 82' lang='lat' dir='ltr'><strong>dubitabant(lle</strong></span> <span class='ocrx_word' id='word_1_833' title='bbox 741 5158 862 5212; x_wconf 88' lang='lat' dir='ltr'><strong>Peccata.</strong></span> <span class='ocrx_word' id='word_1_834' title='bbox 872 5157 954 5225; x_wconf 75' lang='lat' dir='ltr'><strong>erip,</strong></span> <span class='ocrx_word' id='word_1_835' title='bbox 965 5171 994 5210; x_wconf 87' lang='lat' dir='ltr'><strong>n.</strong></span> <span class='ocrx_word' id='word_1_836' title='bbox 1048 5170 1091 5211; x_wconf 89' lang='lat' dir='ltr'><strong>eos</strong></span> <span class='ocrx_word' id='word_1_837' title='bbox 1107 5160 1194 5211; x_wconf 88' lang='lat' dir='ltr'><strong>mater</strong></span> <span class='ocrx_word' id='word_1_838' title='bbox 1210 5159 1269 5227; x_wconf 87' lang='lat' dir='ltr'><strong>piis</strong></span> <span class='ocrx_word' id='word_1_839' title='bbox 1284 5157 1432 5213; x_wconf 80' lang='lat' dir='ltr'><strong>uisceribns</strong></span> <span class='ocrx_word' id='word_1_840' title='bbox 1446 5156 1595 5226; x_wconf 85' lang='lat' dir='ltr'><strong>sanandos,</strong></span> <span class='ocrx_word' id='word_1_841' title='bbox 1607 5161 1698 5227; x_wconf 89' lang='lat' dir='ltr'><strong>portet</strong></span> <span class='ocrx_word' id='word_1_842' title='bbox 1709 5154 1853 5222; x_wconf 72' lang='lat' dir='ltr'><strong>amenum,</strong></span> <span class='ocrx_word' id='word_1_843' title='bbox 1869 5167 1899 5208; x_wconf 84' lang='lat' dir='ltr'><strong>ae</strong></span> 
     </span>
     <span class='ocr_line' id='line_1_64' title="bbox 143 5243 1897 5318; baseline -0.003 -17"><span class='ocrx_word' id='word_1_844' title='bbox 143 5247 203 5318; x_wconf 77' lang='lat' dir='ltr'><strong>at).</strong></span> <span class='ocrx_word' id='word_1_845' title='bbox 217 5243 410 5302; x_wconf 89' lang='lat' dir='ltr'><strong>Nihilominus</strong></span> <span class='ocrx_word' id='word_1_846' title='bbox 418 5248 515 5299; x_wconf 78' lang='lat' dir='ltr'><strong>tamm</strong></span> <span class='ocrx_word' id='word_1_847' title='bbox 522 5245 708 5316; x_wconf 90' lang='lat' dir='ltr'><strong>Augustinus,</strong></span> <span class='ocrx_word' id='word_1_848' title='bbox 717 5244 812 5301; x_wconf 87' lang='lat' dir='ltr'><strong>adhuc</strong></span> <span class='ocrx_word' id='word_1_849' title='bbox 821 5243 997 5300; x_wconf 89' lang='lat' dir='ltr'><strong>moderatius</strong></span> <span class='ocrx_word' id='word_1_850' title='bbox 1047 5247 1165 5315; x_wconf 81' lang='lat' dir='ltr'><strong>planpat</strong></span> <span class='ocrx_word' id='word_1_851' title='bbox 1179 5250 1309 5302; x_wconf 75' lang='lat' dir='ltr'><strong>mutuos.</strong></span> <span class='ocrx_word' id='word_1_852' title='bbox 1325 5248 1445 5302; x_wconf 85' lang='lat' dir='ltr'><strong>Nimium</strong></span> <span class='ocrx_word' id='word_1_853' title='bbox 1460 5249 1500 5301; x_wconf 90' lang='lat' dir='ltr'><strong>est</strong></span> <span class='ocrx_word' id='word_1_854' title='bbox 1514 5261 1567 5316; x_wconf 89' lang='lat' dir='ltr'><strong>qno</strong></span> <span class='ocrx_word' id='word_1_855' title='bbox 1580 5245 1816 5315; x_wconf 82' lang='lat' dir='ltr'><strong>propredinntnr;</strong></span> <span class='ocrx_word' id='word_1_856' title='bbox 1830 5243 1897 5298; x_wconf 87' lang='lat' dir='ltr'><strong>mul·</strong></span> 
     </span>
     <span class='ocr_line' id='line_1_65' title="bbox 145 5330 1896 5407; baseline 0.001 -19"><span class='ocrx_word' id='word_1_857' title='bbox 145 5351 212 5391; x_wconf 90' lang='lat' dir='ltr'><strong>cum</strong></span> <span class='ocrx_word' id='word_1_858' title='bbox 222 5335 272 5391; x_wconf 90' lang='lat' dir='ltr'><strong>illo</strong></span> <span class='ocrx_word' id='word_1_859' title='bbox 282 5333 427 5407; x_wconf 88' lang='lat' dir='ltr'><strong>agendum</strong></span> <span class='ocrx_word' id='word_1_860' title='bbox 436 5338 551 5405; x_wconf 88' lang='lat' dir='ltr'><strong>putans,</strong></span> <span class='ocrx_word' id='word_1_861' title='bbox 559 5333 689 5389; x_wconf 89' lang='lat' dir='ltr'><strong>eamdem</strong></span> <span class='ocrx_word' id='word_1_862' title='bbox 696 5333 814 5391; x_wconf 89' lang='lat' dir='ltr'><strong>omnino</strong></span> <span class='ocrx_word' id='word_1_863' title='bbox 821 5339 911 5390; x_wconf 89' lang='lat' dir='ltr'><strong>artem</strong></span> <span class='ocrx_word' id='word_1_864' title='bbox 917 5349 949 5388; x_wconf 90' lang='lat' dir='ltr'><strong>ac</strong></span> <span class='ocrx_word' id='word_1_865' title='bbox 956 5348 997 5389; x_wconf 89' lang='lat' dir='ltr'><strong>ra·</strong></span> <span class='ocrx_word' id='word_1_866' title='bbox 1050 5339 1107 5390; x_wconf 84' lang='lat' dir='ltr'><strong>tam</strong></span> <span class='ocrx_word' id='word_1_867' title='bbox 1121 5339 1171 5402; x_wconf 89' lang='lat' dir='ltr'><strong>est,</strong></span> <span class='ocrx_word' id='word_1_868' title='bbox 1185 5338 1234 5390; x_wconf 85' lang='lat' dir='ltr'><strong>nin</strong></span> <span class='ocrx_word' id='word_1_869' title='bbox 1248 5334 1391 5403; x_wconf 75' lang='lat' dir='ltr'><strong>serendum</strong></span> <span class='ocrx_word' id='word_1_870' title='bbox 1402 5339 1451 5402; x_wconf 86' lang='lat' dir='ltr'><strong>est,</strong></span> <span class='ocrx_word' id='word_1_871' title='bbox 1460 5335 1717 5406; x_wconf 79' lang='lat' dir='ltr'><strong>maqnapatientie</strong></span> <span class='ocrx_word' id='word_1_872' title='bbox 1724 5330 1896 5401; x_wconf 63' lang='lat' dir='ltr'><strong>adhaesuri</strong></span> 
     </span>
     <span class='ocr_line' id='line_1_66' title="bbox 145 5420 1898 5496; baseline -0.001 -18"><span class='ocrx_word' id='word_1_873' title='bbox 145 5422 265 5487; x_wconf 86' lang='lat' dir='ltr'><strong>tionem,</strong></span> <span class='ocrx_word' id='word_1_874' title='bbox 275 5439 333 5495; x_wconf 90' lang='lat' dir='ltr'><strong>qua</strong></span> <span class='ocrx_word' id='word_1_875' title='bbox 342 5423 390 5479; x_wconf 92' lang='lat' dir='ltr'><strong>illa</strong></span> <span class='ocrx_word' id='word_1_876' title='bbox 401 5425 508 5479; x_wconf 91' lang='lat' dir='ltr'><strong>abusus</strong></span> <span class='ocrx_word' id='word_1_877' title='bbox 519 5422 622 5489; x_wconf 87' lang='lat' dir='ltr'><strong>fuerat,</strong></span> <span class='ocrx_word' id='word_1_878' title='bbox 633 5421 664 5477; x_wconf 93' lang='lat' dir='ltr'><strong>in</strong></span> <span class='ocrx_word' id='word_1_879' title='bbox 675 5438 709 5479; x_wconf 90' lang='lat' dir='ltr'><strong>eo</strong></span> <span class='ocrx_word' id='word_1_880' title='bbox 719 5422 874 5479; x_wconf 83' lang='lat' dir='ltr'><strong>refellendo</strong></span> <span class='ocrx_word' id='word_1_881' title='bbox 885 5426 997 5477; x_wconf 89' lang='lat' dir='ltr'><strong>secutus</strong></span> <span class='ocrx_word' id='word_1_882' title='bbox 1050 5425 1108 5481; x_wconf 89' lang='lat' dir='ltr'><strong>Non</strong></span> <span class='ocrx_word' id='word_1_883' title='bbox 1123 5424 1276 5480; x_wconf 84' lang='lat' dir='ltr'><strong>abutantur</strong></span> <span class='ocrx_word' id='word_1_884' title='bbox 1290 5425 1340 5480; x_wconf 84' lang='lat' dir='ltr'><strong>hac</strong></span> <span class='ocrx_word' id='word_1_885' title='bbox 1353 5427 1490 5496; x_wconf 79' lang='lat' dir='ltr'><strong>patientie</strong></span> <span class='ocrx_word' id='word_1_886' title='bbox 1505 5425 1638 5487; x_wconf 74' lang='lat' dir='ltr'><strong>Ecclesia,</strong></span> <span class='ocrx_word' id='word_1_887' title='bbox 1653 5425 1841 5493; x_wconf 69' lang='lat' dir='ltr'><strong>remigantem,</strong></span> <span class='ocrx_word' id='word_1_888' title='bbox 1855 5420 1898 5475; x_wconf 87' lang='lat' dir='ltr'><strong>lo-</strong></span> 
     </span>
     <span class='ocr_line' id='line_1_67' title="bbox 146 5510 1899 5584; baseline -0.002 -17"><span class='ocrx_word' id='word_1_889' title='bbox 146 5516 206 5567; x_wconf 83' lang='lat' dir='ltr'><strong>cst:</strong></span> <span class='ocrx_word' id='word_1_890' title='bbox 221 5511 281 5568; x_wconf 91' lang='lat' dir='ltr'><strong>imo</strong></span> <span class='ocrx_word' id='word_1_891' title='bbox 295 5529 361 5569; x_wconf 89' lang='lat' dir='ltr'><strong>cum</strong></span> <span class='ocrx_word' id='word_1_892' title='bbox 376 5511 508 5584; x_wconf 89' lang='lat' dir='ltr'><strong>Pelagius</strong></span> <span class='ocrx_word' id='word_1_893' title='bbox 523 5511 559 5566; x_wconf 92' lang='lat' dir='ltr'><strong>ob</strong></span> <span class='ocrx_word' id='word_1_894' title='bbox 575 5510 753 5567; x_wconf 88' lang='lat' dir='ltr'><strong>sanctitatem</strong></span> <span class='ocrx_word' id='word_1_895' title='bbox 767 5527 881 5568; x_wconf 88' lang='lat' dir='ltr'><strong>morum</strong></span> <span class='ocrx_word' id='word_1_896' title='bbox 891 5511 996 5582; x_wconf 80' lang='lat' dir='ltr'><strong>praedi·</strong></span> <span class='ocrx_word' id='word_1_897' title='bbox 1052 5527 1118 5570; x_wconf 83' lang='lat' dir='ltr'><strong>nam</strong></span> <span class='ocrx_word' id='word_1_898' title='bbox 1137 5516 1188 5568; x_wconf 86' lang='lat' dir='ltr'><strong>est.</strong></span> <span class='ocrx_word' id='word_1_899' title='bbox 1212 5515 1246 5568; x_wconf 86' lang='lat' dir='ltr'><strong>Ut</strong></span> <span class='ocrx_word' id='word_1_900' title='bbox 1260 5514 1342 5568; x_wconf 89' lang='lat' dir='ltr'><strong>amici</strong></span> <span class='ocrx_word' id='word_1_901' title='bbox 1354 5513 1540 5581; x_wconf 73' lang='lat' dir='ltr'><strong>salutamur,</strong></span> <span class='ocrx_word' id='word_1_902' title='bbox 1559 5527 1613 5568; x_wconf 80' lang='lat' dir='ltr'><strong>narr</strong></span> <span class='ocrx_word' id='word_1_903' title='bbox 1634 5516 1665 5566; x_wconf 90' lang='lat' dir='ltr'><strong>nt</strong></span> <span class='ocrx_word' id='word_1_904' title='bbox 1686 5513 1795 5568; x_wconf 88' lang='lat' dir='ltr'><strong>inimici</strong></span> <span class='ocrx_word' id='word_1_905' title='bbox 1815 5512 1899 5578; x_wconf 79' lang='lat' dir='ltr'><strong>lilipu-</strong></span> 
     </span>
    </p>
   </div>
   <div class='ocr_carea' id='block_1_14' title="bbox 0 0 1960 6112">
    <p class='ocr_par' dir='ltr' id='par_1_16' title="bbox 0 0 1960 6112">
     <span class='ocr_line' id='line_1_68' title="bbox 0 0 1960 6112; baseline 0 0"><span class='ocrx_word' id='word_1_906' title='bbox 0 0 1960 6112; x_wconf 95' lang='lat' dir='ltr'><strong> </strong></span> 
     </span>
    </p>
   </div>
  </div>
 </body>
</html>
