3884 6112
90 259 158 315 ttae

86 376 170 433 saluti
185 380 213 432 et
238 371 398 429 salubritati
421 370 489 426 saus
509 375 562 438 est,
589 375 737 427 coercente
760 387 934 444 unoquoque

88 461 359 538 concupiscentiam,
375 476 410 514 na
427 476 456 515 se
474 459 630 531 profundat
643 460 686 515 rel
699 459 730 515 in
745 476 779 515 ea
792 461 855 531 ipsa
869 476 934 532 quae

87 558 192 627 praesto
208 555 276 607 sunt
288 565 375 621 parca
385 551 413 604 et
426 548 571 604 uilissIma.
586 550 627 604 lta
642 564 699 604 nou
709 550 803 604 solum
816 566 834 604 a
846 549 935 604 cerui-

89 644 141 697 bus
156 645 184 695 et
196 639 264 694 vino
280 638 422 712 abstinent
435 653 488 708 pro
499 636 670 692 sufficientia
684 636 891 693 domandarum
904 637 936 693 li·

87 727 231 793 bidinum,
247 726 296 780 sed
311 725 346 780 ab
360 724 395 779 iis
410 724 496 779 etiarn
512 741 576 795 qum
592 727 669 779 tanto
684 724 852 780 concitatius
867 741 935 780 ven·

87 815 185 872 tricet
204 812 327 886 gutturis
352 816 506 885 provocant
530 812 700 884 appetitum,
725 817 831 885 quanto
855 814 937 885 quasi

87 904 240 961 mundiora
256 902 401 958 nonnullis
414 902 565 956 videntur:
582 918 639 972 quo
654 902 771 957 nemius
785 903 857 957 solet
870 906 934 957 tur·

88 1010 124 1067 pe
134 993 307 1050 desiderium
318 991 526 1062 exquisitorum
537 991 676 1058 ciborum,
687 990 762 1062 quod
771 1008 789 1045 a
801 991 935 1046 carnibus

89 1083 214 1138 alienum
230 1086 281 1148 est,
299 1081 417 1136 ridicule
432 1080 611 1152 turpiterque
626 1080 748 1135 delendi.
766 1081 838 1136 Sane
853 1080 936 1152 quid-

1 1228 2 1231 ,
89 1172 158 1245 quid
173 1170 334 1225 necessario
347 1168 434 1224 victui
447 1168 587 1223 redundet
602 1168 680 1240 (nam
694 1169 835 1225 redundat
847 1169 937 1239 pluri-

87 1277 168 1317 mum
180 1259 356 1330 exoperibus
371 1273 521 1324 manuum,
533 1262 562 1312 et
573 1258 722 1328 epularum
737 1258 937 1328 restrictione),

87 1354 167 1405 tanta
182 1365 250 1404 cura
264 1347 413 1419 egentibus
425 1345 615 1414 distribuitur,
632 1351 739 1417 quanta
753 1362 813 1401 non
822 1347 857 1401 ab
870 1347 938 1417 ipsis

88 1438 138 1510 qui
153 1437 328 1494 distribuunt
341 1441 538 1506 comparatum
549 1440 599 1490 est.
617 1435 701 1490 Nullo
718 1435 803 1490 modo
815 1451 939 1508 namque

87 1528 230 1595 satagunt,
246 1527 278 1578 ut
291 1523 353 1577 haec
363 1522 416 1576 sibi
427 1521 582 1589 abundent,
597 1522 646 1577 sed
657 1521 738 1576 omni
750 1523 835 1577 modo
850 1528 941 1594 agunt

87 1617 187 1668 utnon
198 1611 275 1683 apud
285 1611 550 1683 seremaneatquod
563 1610 762 1679 abundaverit,
771 1611 940 1684 usqueadeo

88 1706 121 1758 ut
136 1705 267 1756 oneratas
286 1700 373 1754 etiam
392 1715 476 1754 nares
490 1699 520 1754 in
535 1715 568 1754 ea
586 1700 649 1754 loca
666 1699 791 1767 mittent,
810 1716 874 1772 quae
895 1700 939 1755 iu-

88 1806 158 1861 opes
173 1789 311 1844 Incolunt.
337 1789 398 1843 Non
424 1804 496 1859 opus
516 1791 558 1843 est
580 1789 664 1859 plura
690 1788 724 1844 de
747 1804 777 1842 re
792 1788 941 1844 notissima

86 1879 190 1936 dicere.

124 1970 168 2022 68.
194 1968 260 2021 Ilaec
281 1968 324 2020 est
347 1964 434 2019 etiarn
457 1963 515 2019 vita
539 1963 712 2019 laminarum
738 1965 796 2019 Deo
821 1963 941 2019 sollicite

87 2059 222 2127 casteque
242 2052 438 2120 servientium,
460 2069 525 2125 quae
543 2052 714 2107 habitaculis
733 2057 889 2125 segregatas
910 2068 941 2107 ac

88 2147 207 2199 remotae
222 2160 237 2197 a
251 2142 320 2196 viris
334 2157 421 2213 quam
436 2141 602 2211 longissime
618 2141 707 2209 decet,
723 2141 772 2212 pia
783 2145 896 2196 tautum
910 2141 942 2196 il·

88 2233 125 2288 lis
141 2232 278 2288 charitate
286 2231 449 2301 junguntur
459 2233 487 2284 et
500 2229 662 2302 imitatione
673 2230 803 2285 virtutis:
820 2231 855 2285 ad
872 2246 941 2301 quus

85 2323 227 2394 juranum
241 2319 338 2373 nullus
353 2332 480 2371 accessus
495 2322 547 2385 est,
561 2332 655 2388 neque
671 2317 799 2389 ipsorum
812 2318 942 2388 quamvis

89 2407 324 2481 gravissimorum
337 2409 365 2460 et
378 2404 645 2475 probatissimorum
657 2421 768 2473 senum,
784 2406 840 2460 nisi
852 2423 941 2477 usque

88 2498 125 2554 ad
142 2495 315 2550 vestibulum
339 2492 498 2548 necessaria
516 2493 663 2563 praebendi
687 2493 791 2565 quibus
810 2494 943 2567 indigent

89 2584 191 2658 gratia.
208 2582 342 2638 lanificio
362 2597 488 2653 namque
502 2597 604 2652 corpus
623 2586 756 2637 exercent
774 2587 861 2655 atque
877 2600 942 2638 sus-

88 2677 210 2740 tentant,
225 2675 375 2742 vestesque
394 2670 471 2740 ipsas
491 2669 627 2724 iratribus
640 2671 767 2736 tradunt,
783 2672 819 2726 ab
842 2671 877 2726 iis
896 2672 941 2726 in·

89 2763 182 2818 vicem
197 2760 274 2833 qnod
297 2758 383 2814 victui
398 2775 469 2830 opus
485 2762 527 2813 est
548 2762 735 2814 resumentes.
759 2761 816 2814 llos
835 2776 941 2830 mores,

92 2852 166 2909 hauc
183 2850 281 2919 ritem,
295 2848 372 2901 bunc
387 2847 527 2911 ordinem,
540 2847 594 2901 hoc
608 2840 773 2902 institutum
788 2848 811 2902 si
826 2849 942 2904 laudare

90 2940 189 3010 relim,
204 2953 297 3009 neque
313 2936 398 3007 digne
407 2937 498 3000 valeo,
511 2940 540 2990 et
552 2950 653 2990 vereor
664 2951 700 2990 ne
707 2936 835 3006 judicare
846 2937 944 2992 videar

90 3045 142 3103 per
169 3028 294 3098 scipsum
327 3025 526 3080 tautummodo
554 3024 717 3094 expositum
741 3026 854 3095 placere
883 3041 942 3080 uon

90 3128 184 3185 posse,
201 3113 226 3166 si
247 3129 332 3184 super
353 3113 510 3167 narratoris
532 3113 745 3184 simplicitatem
766 3116 941 3171 cothurnum

91 3200 178 3256 etiam
193 3200 345 3256 laudatoris
355 3201 518 3256 addendum
528 3207 676 3271 putavero.
692 3204 765 3267 Haec,
782 3203 942 3271 Manichaei,

91 3289 301 3360 reprehendite,
318 3288 342 3342 si
366 3289 495 3359 potestis.
519 3289 610 3344 Nolite
629 3289 712 3344 caecis
733 3291 901 3347 hominibus
916 3295 944 3347 et

92 3377 251 3434 discernere
266 3377 397 3433 invalidis
413 3382 555 3433 ostentare
569 3382 664 3433 nostra
680 3379 798 3436 zizania.

248 3467 361 3522 CAPUT
375 3467 474 3522 XXXII.
491 3495 526 3508 -
540 3467 702 3524 Curionum
718 3469 787 3523 taus.

127 3559 171 3613 69.
195 3557 291 3628 Neque
307 3561 405 3612 teman
424 3556 464 3612 ita
482 3572 543 3611 sese
557 3560 678 3628 auguste
693 3557 801 3613 habent
815 3554 947 3612 Ecclesiae

94 3645 240 3701 catholicae
255 3661 350 3701 mores
365 3646 478 3717 optimI,
496 3650 527 3700 ut
544 3662 644 3702 eorum
663 3650 776 3701 tantum
789 3646 858 3713 rita,
874 3661 946 3717 quos

93 3734 322 3800 commemoravi,
339 3734 460 3790 arbitrer
480 3751 541 3790 esse
563 3735 731 3790 laudandos.
754 3735 846 3800 Quam
868 3735 946 3788 enim

96 3823 200 3877 multos
215 3823 362 3894 episcopos
379 3823 503 3894 optimos
521 3823 606 3889 viros,
632 3823 884 3894 sanctissimosque
897 3839 946 3877 co-

97 3910 193 3981 gnovi,
209 3925 296 3980 qaum
306 3910 413 3964 multos
426 3911 617 3980 presbyteros,
632 3926 720 3981 quam
732 3912 839 3965 multos
855 3911 947 3965 diaco·

97 4013 160 4068 nos,
176 4002 205 4053 et
218 3998 409 4068 cujuscemodi
425 3998 568 4053 ministros
580 3999 743 4054 divinorum
754 3999 948 4054 Sacramenta·

98 4103 174 4154 rum,
191 4103 314 4159 quorum
328 4086 419 4142 virtus
428 4104 460 4142 eo
470 4087 541 4143 mihi
551 4088 710 4143 mirabilior
719 4092 747 4143 et
760 4088 867 4159 majore
878 4103 949 4159 prae-

98 4176 241 4232 dicatione
257 4175 374 4248 dignior
394 4175 515 4246 ridetur,
534 4193 591 4249 quo
612 4176 757 4232 difficilius
777 4180 819 4231 est
835 4192 898 4231 eam
918 4176 948 4231 in

85 4290 88 4294 ·
100 4265 253 4338 multiplici
272 4264 424 4319 hominum
444 4280 559 4337 genere,
574 4270 602 4321 et
614 4265 645 4320 in
662 4266 715 4321 ista
729 4266 786 4321 vita
799 4265 948 4321 turbulen-

99 4354 170 4410 tiore
180 4353 306 4409 servare!
325 4355 387 4408 Non
402 4354 479 4409 enim
493 4354 600 4409 sanatis
611 4354 703 4426 magis
717 4370 803 4426 quam
818 4353 951 4409 sanandis

99 4443 265 4499 hominibus
278 4447 415 4515 praesunt.
432 4443 621 4515 Perpetieuda
635 4448 703 4498 sunt
712 4443 779 4498 vitia
790 4443 952 4499 multitudi-

99 4533 144 4587 nis
160 4538 190 4588 ut
208 4536 354 4603 curentur,
370 4537 398 4588 et
417 4533 497 4605 prius
510 4532 658 4588 toleranda
670 4548 757 4604 quam
772 4533 896 4588 sedanda
909 4536 952 4586 est

99 4621 271 4692 pestilentia.
288 4622 494 4678 Difficillimum
509 4625 552 4676 est
564 4620 611 4676 hic
623 4625 720 4676 tenere
730 4621 870 4692 optimum
885 4621 951 4676 vna

100 4709 230 4775 modum,
266 4714 295 4763 at
321 4710 450 4766 animum
482 4715 616 4783 pacatum
644 4716 730 4782 atqua
753 4711 950 4782 tranquillum.

101 4797 224 4869 Quippe,
241 4797 410 4854 utbreviter
427 4800 577 4871 explicem,
591 4800 622 4854 hi
635 4803 725 4871 agunt
737 4798 788 4855 ubi
802 4800 894 4855 virere
908 4799 951 4854 di·

100 4888 198 4954 scitur,
212 4886 253 4940 illi
266 4886 315 4940 ubi
328 4887 440 4943 vivitur.
659 4921 663 4926 ·

103 4977 216 5034 CAPUT
235 4975 348 5031 XXXIII.
368 5006 402 5015 -
423 4977 510 5032 Aliud
528 4992 616 5045 aenas
629 4980 659 5032 in
677 4979 790 5034 ciuitate
812 4977 894 5031 simut
909 4978 951 5032 ui-

325 5066 455 5120 amrium.
467 5067 576 5135 Jejunia
589 5066 727 5122 triduana.

136 5160 181 5212 ro.
199 5157 256 5211 Neo
274 5154 338 5210 ideo
352 5156 449 5208 tamen
471 5155 611 5210 laudabile
631 5154 848 5210 christianorum
863 5168 953 5225 genus

103 5244 336 5317 contempserIm,
354 5257 453 5297 eorum
476 5242 583 5298 scilicet
602 5243 652 5315 qui
674 5243 704 5297 in
724 5241 885 5298 civitatibus
904 5240 952 5295 de·

105 5338 187 5406 gunt,
203 5352 219 5389 a
233 5333 345 5406 vulgari
355 5331 412 5386 vita
421 5331 613 5386 remotissimi.
628 5331 691 5387 Vidi
701 5348 754 5403 ego
766 5330 954 5387 diuersorium

103 5428 267 5478 sanctorum
283 5420 444 5488 llediolani,
466 5436 523 5476 non
538 5437 696 5493 paucorum
713 5420 876 5489 hominum,
894 5417 954 5492 qui·

102 5514 156 5569 bus
170 5529 247 5568 unus
270 5514 420 5584 presbyter
440 5514 564 5583 preerat
585 5510 629 5565 vir
643 5509 768 5582 optimus
781 5514 811 5565 et
824 5505 954 5565 doctissi-

495 251 543 307 lile
560 248 719 308 NONIBUS
736 249 919 308 EGCLESIAE
937 248 1160 316 GATHOLICAE,
1180 246 1208 304 S.
1229 243 1425 305 auausrtnt
1790 246 1834 299 rm

991 388 1065 428 mus.
1088 373 1190 427 Romae
1204 367 1291 424 etium
1308 367 1395 439 plura
1412 364 1567 438 cognovi,
1589 364 1625 420 in
1640 364 1749 437 qnihm
1761 360 1836 440 nugat

990 461 1131 534 gravitate
1143 464 1228 530 atque
1236 456 1389 530 prudentIa
1399 459 1431 512 et
1442 455 1555 511 divina
1566 454 1697 511 scientia
1704 459 1837 528 prepeti*

989 555 1043 618 tes,
1063 548 1175 604 caeteris
1195 562 1292 603 secum
1314 544 1525 603 habitantibus
1542 549 1699 617 praesunt,
1718 545 1837 603 cauam

990 639 1138 701 charitate,
1163 636 1312 692 sanctitate
1326 640 1355 691 et
1376 635 1521 691 libertate
1548 633 1743 689 virentibus:
1763 637 1837 708 neips'

991 728 1108 799 quidem
1132 726 1266 797 utiquam
1283 723 1396 780 onerosi
1411 727 1496 791 sunt,
1517 722 1578 778 sed
1595 721 1731 779 Orientis
1744 734 1837 783 morea

991 815 1073 873 Pauli
1089 814 1211 887 apostoli
1226 812 1392 869 auctoritate
1402 813 1556 868 manibus
1572 811 1640 867 suis
1653 828 1687 866 se
1701 814 1834 884 tranngnu

992 903 1106 976 Jejuuia
1120 903 1206 958 etiam
1217 917 1334 974 prorsus
1348 900 1545 956 incredibilia
1562 899 1681 954 multos
1694 901 1836 956 exarmet

992 993 1058 1062 dici,
1074 1008 1132 1047 uon
1156 990 1283 1063 quotidie
1298 991 1385 1045 samm
1403 989 1462 1045 sub
1482 993 1618 1044 noctem
1639 987 1836 1045 reficiendam·

992 1099 1058 1154 pus,
1075 1081 1152 1153 quod
1164 1084 1207 1135 est
1218 1094 1425 1151 usquequaque
1441 1076 1704 1143 usitatissimum,
1720 1077 1767 1133 sed
1777 1080 1836 1133 coni

993 1187 1084 1226 nuum
1111 1169 1239 1225 triduum
1259 1169 1303 1223 rel
1327 1166 1454 1239 amplius
1477 1165 1662 1238 saepissime
1684 1164 1746 1220 sine
1763 1166 1836 1223 ubera

994 1264 1066 1330 potu
1078 1258 1192 1313 ducere.
1204 1258 1300 1328 Neque
1314 1256 1368 1310 hoc
1382 1255 1413 1311 in
1429 1253 1505 1309 vlris
1522 1259 1664 1321 tantum,
1683 1254 1734 1309 sed
1744 1254 1836 1310 ebeni

993 1346 1109 1402 feminis
1122 1363 1129 1414 ;
1140 1345 1244 1417 quibus
1253 1344 1322 1399 item
1333 1343 1435 1398 multIs
1450 1342 1557 1398 uiduis
1569 1347 1602 1397 et
1614 1341 1835 1414 virginibuaar

995 1434 1201 1502 habitantibus,
1217 1438 1246 1488 et
1264 1435 1330 1489 lana
1345 1449 1378 1488 ac
1396 1433 1459 1488 tela
1484 1432 1610 1488 rictum
1640 1432 1835 1504 qaraeritantbas,

994 1528 1123 1598 presunt
1145 1524 1266 1594 singule
1294 1521 1473 1593 gravissimae
1499 1520 1783 1592 probatissimaque
1802 1537 1835 1575 aa

994 1618 1108 1670 tantum
1117 1612 1148 1667 in
1158 1610 1340 1667 instituendis
1349 1610 1640 1686 componendisque
1653 1610 1837 1677 moribus¹,sel

996 1703 1082 1758 etiam
1096 1700 1270 1757 Instruendis
1284 1698 1429 1754 mentibus
1443 1699 1559 1771 peritae
1571 1715 1608 1754 ac
1621 1703 1747 1771 paratas.

1031 1796 1076 1848 Il.
1095 1794 1189 1862 litque
1207 1788 1283 1845 iuter
1303 1788 1365 1844 haec
1382 1803 1473 1843 nemo
1490 1791 1631 1860 urgetur
1647 1788 1683 1843 in
1697 1802 1837 1860 asperaqu

995 1881 1071 1936 ferre
1085 1895 1142 1934 non
1166 1882 1267 1950 potest,
1288 1876 1361 1933 nulli
1379 1876 1465 1948 quod
1478 1881 1611 1933 recusat
1630 1877 1836 1950 imperitoque

995 1968 1060 2025 ideo
1074 1968 1309 2023 condemnatura
1329 1965 1451 2033 ceteris,
1463 1966 1556 2037 quod
1572 1966 1607 2021 in
1624 1966 1673 2023 eis
1687 1983 1718 2021 se
1731 1965 1837 2021 Imiteuti

996 2058 1102 2113 fatetur
1130 2056 1315 2112 Invalidum:
1341 2053 1555 2110 meminerunt
1585 2055 1675 2110 entm
1700 2059 1838 2127 quantopere

997 2145 1151 2218 scripturis
1166 2145 1300 2200 omnibus
1315 2143 1530 2198 commendata
1547 2144 1589 2198 sit
1604 2145 1757 2212 charitas;
1771 2141 1840 2197 neui-

998 2240 1114 2302 nerunt,
1137 2235 1234 2290 Omnia
1251 2233 1353 2289 munda
1381 2233 1499 2288 mundis
1530 2233 1606 2304 (Tit.
1629 2251 1654 2303 r,
1682 2234 1840 2304 t5);etltu

998 2325 1071 2396 quod
1089 2327 1176 2379 intrat
1196 2325 1226 2378 in
1248 2338 1277 2378 os
1302 2325 1422 2377 oestrum
1448 2337 1501 2377 aas
1530 2322 1722 2393 coinquinat,
1742 2317 1840 2389 aad&

996 2417 1055 2470 erit
1069 2413 1179 2485 (aaran.
1200 2429 1246 2480 xv,
1266 2411 1318 2481 lt).
1336 2413 1437 2482 ltaque
1453 2427 1523 2466 non
1540 2411 1712 2483 reticendis
1726 2409 1841 2483 gmenin

998 2503 1128 2559 ciborum
1152 2500 1233 2573 quasi
1258 2499 1387 2570 pollutis,
1409 2499 1460 2555 sed
1485 2500 1753 2570 concupiscentie
1771 2498 1841 2570 perta·

997 2591 1155 2658 mandoe,et
1163 2587 1308 2644 dilectioni
1317 2588 1439 2642 fratrum
1448 2587 1633 2644 retinendae
1643 2585 1841 2661 invigilatonris

997 2679 1147 2735 industria.
1170 2678 1467 2734 lleminernnt1Esca
1489 2681 1606 2746 uentri,
1630 2685 1661 2734 et
1683 2682 1771 2734 centa
1784 2679 1841 2737 unit

997 2772 1067 2824 Deus
1081 2773 1171 2823 autem
1185 2772 1209 2822 et
1231 2767 1300 2821 huuc
1315 2769 1340 2820 et
1354 2765 1418 2820 raas
1433 2765 1570 2822 destruet
1586 2769 1614 2837 (l
1633 2769 1700 2826 Gor.
1719 2785 1755 2836 rr,
1771 2766 1842 2835 liget

998 2857 1067 2913 alibi
1086 2859 1178 2925 Neque
1199 2858 1224 2911 si
1244 2854 1518 2920 manducaverimus,
1543 2855 1775 2921 abundabtmur;
1787 2866 1842 2921 aaa*

997 2948 1023 3001 si
1035 2960 1089 3000 non
1103 2944 1368 3009 manducaverimus,
1384 2942 1530 3010 egebimus
1548 2945 1608 3012 (ld.
1621 2963 1688 3011 vm,
1705 2948 1751 3015 8);
1765 2948 1788 2999 et
1797 2939 1841 2997 illul

998 3033 1187 3106 praecaeteris,
1200 3035 1303 3088 Bonum
1316 3035 1365 3094 est,
1376 3032 1496 3100 fratres,
1509 3048 1571 3087 non
1582 3034 1760 3089 manducare
1770 3044 1839 3093 witti

997 3139 1082 3193 neque
1095 3123 1184 3178 bibere
1192 3125 1295 3188 uinum,
1311 3135 1394 3189 neque
1406 3121 1437 3174 tn
1450 3135 1510 3189 quo
1527 3124 1632 3187 frater
1644 3128 1712 3179 tuus
1722 3120 1839 3193 caedite.

999 3212 1049 3267 Nic
1063 3211 1142 3266 enim
1157 3209 1282 3265 ostendit
1301 3224 1388 3280 quam
1402 3207 1460 3263 siut
1475 3209 1519 3264 ad
1534 3209 1639 3266 finem
1656 3208 1839 3268 cnanuuslu

1000 3301 1096 3356 omnia
1111 3298 1269 3371 dirIgenda.
1285 3299 1367 3353 Alius
1378 3300 1451 3352 enim
1462 3299 1562 3354 credit
1573 3299 1840 3358 manduconem:

999 3391 1049 3459 qui
1068 3393 1158 3443 autem
1182 3390 1306 3457 Infirmus
1330 3391 1378 3455 est,
1402 3387 1472 3454 abac,
1498 3386 1622 3459 inquIt,
1645 3391 1792 3446 manuum
1808 3385 1840 3449 (Μ’

999 3477 1156 3544 manducat,
1170 3492 1224 3531 non
1242 3475 1450 3530 manducantem
1464 3490 1527 3531 non
1546 3486 1696 3548 spernat:
1713 3485 1738 3535 et
1755 3479 1794 3548 qui
1807 3487 1840 3527 ua
1881 3542 1883 3549 Ι

999 3567 1147 3623 manducat
1164 3565 1371 3620 manducantem
1384 3580 1438 3618 non
1449 3564 1568 3633 judicet
1582 3584 1591 3634 ;
1619 3571 1699 3624 Deus
1719 3570 1783 3624 enirn
1792 3563 1840 3619 ih

1001 3659 1123 3712 assumit.
1142 3658 1182 3710 Iu
1195 3657 1258 3723 quis
1278 3668 1316 3722 es,
1334 3655 1383 3722 qai
1395 3652 1509 3721 judices
1526 3656 1665 3713 mianum
1678 3651 1839 3714 seruarat&
1881 3686 1883 3704 .

1000 3747 1112 3801 Domirao
1131 3749 1186 3799 stat
1204 3748 1252 3798 aut
1266 3742 1356 3798 cadit:
1372 3742 1457 3796 stabit
1473 3747 1598 3812 autem3
1623 3751 1725 3816 patens
1744 3751 1778 3800 ast
1796 3742 1841 3795 nte

1000 3838 1070 3890 Deus
1085 3839 1203 3889 statuere
1217 3847 1285 3887 eum.
1311 3832 1343 3885 Et
1355 3829 1442 3901 paulo
1455 3836 1549 3901 post:
1567 3834 1634 3900 Qua·
1650 3835 1797 3894 munducat,
1807 3831 1839 3882 u

1001 3924 1074 3978 mino
1086 3921 1244 3989 manducat,
1259 3925 1285 3974 et
1295 3921 1400 3986 gratias
1412 3920 1474 3987 ogit
1492 3920 1554 3975 Deo
1570 3938 1578 3976 :
1597 3929 1627 3976 ct
1643 3927 1697 3993 qui
1705 3939 1756 3978 nora
1764 3915 1841 3976 m

1002 4016 1056 4075 cat,
1070 4012 1182 4066 Domim
1194 4025 1248 4064 non
1259 4008 1416 4073 manducat,
1430 4011 1456 4061 et
1469 4013 1591 4075 gratioe
1603 4015 1670 4079 agit
1685 4015 1746 4068 Deo.
1761 4010 1788 4064 bt
1798 4008 1842 4060 tter

1003 4096 1307 4171 inconsequentibus:
1323 4099 1419 4164 ltaque
1438 4100 1650 4169 unusquisque
1670 4106 1787 4156 nostram
1800 4104 1843 4162 Fr

1003 4205 1031 4245 se
1051 4192 1184 4243 rationem
1197 4186 1302 4241 reddet.
1321 4187 1379 4241 Non
1394 4199 1456 4253 ergo
1477 4188 1612 4256 amplius
1629 4179 1844 4259 jndicanusac‘f

1004 4295 1078 4343 cem,·
1093 4278 1140 4333 sed
1161 4279 1209 4333 loc
1228 4277 1355 4346 judicate
1371 4276 1470 4342 magis,
1488 4290 1526 4330 ne
1544 4282 1673 4346 ponetis
1688 4271 1845 4349 offendisti·

1003 4370 1090 4436 fratri
1108 4368 1150 4422 uel
1163 4365 1332 4421 scandatum.
1349 4365 1408 4420 Scio
1432 4367 1457 4417 et
1482 4363 1603 4436 confido
1620 4368 1655 4422 in
1677 4361 1846 4424 nomimant
1871 4414 1876 4443 ¹

1005 4458 1072 4527 quia
1081 4456 1300 4510 nitilcommune
1308 4467 1358 4522 per
1369 4454 1470 4521 ipsum,
1479 4455 1542 4507 nist
1550 4455 1581 4508 ei
1592 4458 1649 4526 qui
1661 4443 1847 4519 miscuata&
1872 4446 1877 4483 ἵ

1004 4560 1140 4602 commune
1155 4559 1220 4611 esse,
1236 4544 1279 4599 itti
1293 4557 1429 4598 commune
1446 4547 1498 4596 est.
1516 4544 1668 4601 Potuitne
1682 4545 1775 4618 magis
1786 4546 1848 4598 osus
1870 4552 1875 4563 ·

1006 4636 1085 4702 dere,
1106 4648 1165 4688 uon
1187 4632 1218 4686 in
1242 4631 1311 4702 ipsis
1334 4630 1419 4684 rebus
1440 4629 1552 4700 quibus
1584 4636 1752 4700 vescimur,
1774 4627 1849 4687 sedi
1871 4660 1876 4691 ι

1006 4723 1104 4778 aniano
1119 4737 1180 4777 esse
1196 4721 1254 4794 vim
1268 4719 1433 4792 quamdam,
1447 4733 1517 4789 quae
1530 4721 1568 4775 ad
1587 4738 1666 4779 eum
1680 4724 1775 4779 valeat
1786 4730 1849 4776 ruat*
1871 4696 1876 4799 ξ

1007 4811 1145 4878 landum;
1167 4814 1196 4864 et
1221 4813 1373 4880 propterea
1395 4806 1430 4861 iis
1445 4805 1537 4863 etiam
1564 4811 1624 4881 qui
1648 4812 1689 4867 ad
1704 4813 1768 4867 haec
1785 4811 1850 4863 eone

1008 4899 1132 4956 mneuda
1148 4902 1216 4953 sunt
1229 4896 1337 4965 idonei,
1350 4900 1484 4966 certoque
1501 4897 1605 4954 scium
1621 4917 1686 4956 non
1700 4918 1733 4957 se
1745 4888 1851 4973 pollute
1870 4892 1873 4897 ’

1008 4989 1077 5061 quid
1097 4987 1228 5043 ciborum
1246 4986 1306 5040 siue
1321 4984 1399 5056 turpi
1414 4983 1580 5055 cupiditate
1598 4990 1765 5046 altitudine
1779 4981 1851 5044 manti

1009 5075 1225 5147 assumpserim,
1234 5074 1402 5130 charitatem
1412 5076 1512 5128 tamen
1522 5090 1592 5131 esse
1605 5070 1853 5136 intuendamttitt

1010 5167 1079 5240 quid
1092 5168 1246 5238 sequatur:
1266 5166 1336 5222 Nam
1355 5165 1380 5217 si
1389 5166 1505 5234 prepter
1519 5179 1619 5222 escum
1639 5172 1736 5237 frater
1752 5175 1808 5223 tenu
1818 5175 1854 5218 err
1875 5190 1879 5225 ε

1010 5255 1221 5396 tristqtrqq)jam
1234 5268 1288 5308 non
1299 5252 1444 5309 secandum
1458 5253 1639 5313 charitatem
1655 5259 1784 5314 ambulas
1797 5257 1855 5322 ,bat

1009 5345 1066 5397 xrv,
1100 5355 1113 5369 ·
1164 5366 1170 5381 .

1042 5454 1050 5487 ¹
1068 5453 1097 5501 lu
1112 5451 1174 5500 bles.
1190 5448 1320 5513 plerisque
1334 5448 1392 5500 herc
1405 5447 1522 5500 desunt:
1538 5448 1578 5502 ln
1592 5453 1775 5508 inridendis
1785 5457 1858 5512 Μ’

1011 5515 1154 5577 nendtsquc
1167 5511 1292 5564 mortam.
