3884 6112
691 385 1197 521 ADMONITIO

520 600 571 659 ule
607 601 879 674 saouartmaus
908 605 1212 669 comessatorum
1245 609 1380 670 alanta.

846 778 1034 793 w

91 908 164 974 011oe
179 923 264 962 eausa
278 905 345 961 iecit
359 909 391 961 nt
406 904 552 977 scriptoris
568 905 707 978 cujusque
720 905 778 962 vita
796 906 958 962 emittendis
973 908 1003 963 in
1019 909 1166 979 publicum
1185 910 1246 982 ejus
1268 911 1350 966 libris
1365 912 1488 968 solemni
1511 929 1591 968 more
1610 914 1819 987 prefigeretur,

63 997 162 1052 eadem
178 996 264 1051 etiam
280 994 388 1066 primos
400 994 428 1050 S.
445 994 597 1066 Augustini
612 1012 733 1066 operum
749 995 870 1051 editores
884 996 961 1051 haud
977 995 1063 1051 dubie
1075 997 1164 1052 movit
1176 1003 1207 1052 nt
1220 998 1419 1055 Confessiones
1431 1000 1521 1072 ipsius
1532 1001 1629 1056 statim
1638 1007 1704 1073 post
1718 1004 1820 1060 Retra-

63 1085 221 1140 :tntionum
235 1084 335 1151 libros,
351 1083 401 1153 qui
413 1088 491 1138 recto
507 1083 608 1138 ordine
625 1083 728 1138 debent
738 1083 911 1155 precedere,
922 1085 952 1139 in
967 1088 1044 1138 tomo
1060 1085 1154 1156 primo
1168 1087 1348 1143 collocarent.
1363 1088 1470 1158 Nempe
1486 1088 1607 1144 interest
1619 1090 1776 1160 plurimum
1789 1096 1822 1147 ut

63 1174 183 1229 auctoris
197 1173 327 1244 genium,
342 1171 445 1236 studia,
468 1187 573 1233 mores,
594 1171 773 1242 probitatem,
789 1173 887 1239 iidem,
916 1173 1042 1245 aliasque
1066 1176 1146 1229 dotes
1164 1181 1329 1247 perspectas
1352 1177 1456 1231 habeat
1472 1178 1522 1249 qui
1543 1179 1604 1249 ejus
1628 1180 1734 1250 scripta
1753 1198 1819 1236 cum

63 1263 205 1335 rolnptatc
218 1265 245 1316 et
259 1277 326 1316 curn
340 1260 469 1330 proiectu
483 1261 629 1332 perlegere
638 1259 669 1313 in
684 1259 941 1316 animaminducit.
953 1261 1040 1333 Atqui
1055 1262 1085 1316 in
1100 1261 1332 1317 Confessionibus
1348 1264 1407 1317 suis
1420 1265 1597 1335 Augustinus
1610 1269 1702 1321 totum
1717 1266 1819 1337 seipse

63 1351 199 1424 expressit
212 1365 353 1422 perquam
368 1353 516 1404 accurate:
532 1347 640 1419 quippe
655 1348 705 1420 qui
720 1348 750 1403 in
764 1348 798 1403 iis
813 1365 870 1404 non
887 1365 920 1403 ea
935 1349 1026 1404 solum
1040 1350 1113 1404 iacta
1128 1366 1193 1422 quae
1207 1351 1360 1405 hominum
1375 1352 1467 1407 oculis
1490 1352 1617 1424 subjecta
1631 1368 1691 1407 esse
1710 1354 1819 1424 potuis·

68 1545 89 1584 n
104 1528 151 1585 his
166 1527 245 1584 enim
265 1527 348 1582 sicuti
376 1530 514 1581 anteactae
530 1525 595 1580 vitm
610 1525 654 1580 sel
668 1525 813 1580 levissima
827 1530 930 1591 errata,
949 1525 989 1581 sie
1003 1526 1089 1581 etiam
1110 1532 1226 1599 accepta
1239 1544 1256 1582 a
1271 1529 1329 1583 Deo
1353 1529 1493 1584 beneticia
1512 1528 1575 1585 fuse
1591 1533 1797 1584 commemorat
1812 1545 1819 1595 ;

63 1622 200 1674 eternum
214 1616 335 1688 posteris
350 1615 501 1670 relicturus
513 1614 571 1670 sive
586 1613 762 1685 paenitentis,
775 1614 834 1670 sire
846 1613 921 1687 grati
932 1614 1021 1669 animi
1036 1619 1268 1683 monumentum,
1284 1617 1455 1687 preclarum
1468 1617 1556 1673 etiarn
1565 1617 1642 1672 illius
1657 1633 1819 1688 quamcun-

63 1710 167 1761 .tanter
180 1722 249 1776 erga
263 1721 317 1759 nos
325 1704 439 1759 exhibet
450 1704 535 1772 Deus,
550 1709 579 1758 et
590 1703 710 1773 justitiae
721 1707 750 1757 et
762 1702 898 1758 bonitatis
912 1702 1087 1774 exemplum.
1103 1706 1196 1775 Atque
1210 1705 1267 1759 hoc
1282 1704 1312 1759 in
1328 1705 1430 1776 primis
1438 1706 1578 1773 studebat,
1595 1705 1702 1761 scilicet
1717 1704 1818 1776 (ipsius

63 1794 150 1849 *erbis
160 1810 224 1849 rem
235 1799 267 1848 ut
282 1792 464 1863 explicemus)
480 1796 505 1846 et
520 1792 553 1847 de
562 1793 644 1846 molis
659 1795 684 1846 et
697 1791 730 1846 cte
741 1791 878 1847 tonitruis
896 1795 979 1847 mum
991 1792 1104 1847 loudore
1112 1793 1220 1862 juetam
1235 1799 1261 1848 et
1276 1794 1383 1860 bouum,
1397 1799 1478 1865 atque
1489 1797 1518 1849 in
1527 1811 1586 1850 ram
1598 1797 1718 1850 excitare
1725 1794 1818 1849 hermu-

63 1899 119 1938 rum
139 1884 301 1938 intellectum
314 1887 340 1936 et
354 1881 489 1951 offertum.
509 1881 540 1934 Id
558 1896 625 1935 vero
639 1880 691 1934 hac
706 1880 819 1935 ratione
835 1880 998 1952 exequitur.

90 1973 126 2028 ln
143 1971 237 2044 primo
249 1969 491 2039 libro,praemissa
507 1969 557 2024 Dei
571 1969 761 2035 invocatione,
779 1968 877 2024 recolit
890 1968 956 2024 sitae
974 1985 1034 2024 sum
1044 1969 1202 2041 primordia
1212 1971 1247 2026 ad
1256 1986 1365 2026 annum
1377 1971 1510 2044 quintum
1520 1972 1673 2028 decimum.
1686 1970 1816 2026 Infantia.

63 2064 174 2116 seccato
189 2058 317 2131 agnoscit
331 2063 358 2113 et
371 2057 502 2129 pueritiae
514 2074 521 2126 3
535 2061 621 2128 atquc
636 2056 689 2111 hac
699 2059 781 2111 aetate
795 2055 930 2112 inlusum
945 2061 974 2113 et
985 2057 1108 2130 puerilia
1118 2075 1240 2132 quaeque
1249 2060 1458 2116 oblectamenta
1472 2065 1500 2117 ct
1513 2060 1592 2128 vitia,
1603 2077 1690 2134 quam
1700 2061 1731 2115 in
1741 2060 1816 2116 litte·

63 2164 155 2204 sarum
174 2147 268 2203 studia
282 2144 485 2218 procliviorem
502 2160 531 2198 se
546 2144 632 2198 fnisse
647 2143 812 2202 coniitetur.

89 2238 124 2293 ln
139 2236 275 2306 secundo,
289 2234 326 2289 ad
341 2237 455 2289 aetatem
470 2233 557 2287 aliam
571 2232 765 2305 progreditur,
781 2233 967 2307 primumque
979 2234 1178 2291 adolescentiae
1193 2253 1263 2303 sum,
1285 2237 1314 2293 id
1329 2241 1383 2306 est,
1400 2241 1510 2293 sextum
1528 2237 1672 2293 decimum
1686 2236 1749 2291 vitre
1760 2252 1815 2291 an·
1870 2277 1874 2286 .

63 2340 138 2412 rum,
153 2339 240 2396 quem
260 2322 290 2377 in
311 2327 432 2393 paterna
457 2321 554 2390 domo,
582 2320 684 2375 studiis
707 2319 887 2392 intermissis,
908 2328 1123 2395 consumpserat
1141 2323 1226 2396 genio
1250 2341 1283 2379 ac
1307 2324 1477 2380 libidinibns
1501 2323 1663 2393 indulgens,
1679 2324 1712 2378 ad
1731 2338 1815 2377 men·
1912 2351 1914 2355 .

63 2419 119 2470 hm
133 2415 247 2471 revecat
261 2427 327 2466 cnm
342 2409 422 2481 gravi
436 2410 546 2478 dolore,
560 2425 674 2464 severus
693 2409 848 2466 admodum
864 2409 894 2464 in
905 2409 1089 2482 dijudicando
1102 2412 1179 2468 iurto
1195 2428 1253 2467 ase
1265 2417 1334 2468 tnnc
1347 2411 1485 2484 temporis
1500 2428 1567 2466 eom
1589 2411 1732 2467 sodalibus
1747 2427 1815 2483 per-

63 2505 183 2575 petrato.
791 2537 793 2542 -

88 2590 207 2646 Terrius
220 2588 337 2644 liberde
349 2588 431 2643 annis
442 2591 484 2644 est
499 2588 589 2643 aetatis
599 2587 676 2643 illius
692 2587 952 2660 decimoseptimo,
967 2586 1077 2643 decimo
1097 2592 1194 2643 octavo
1209 2593 1238 2644 et
1251 2587 1361 2644 decimo
1379 2604 1456 2642 nono
1472 2588 1620 2643 transactis
1634 2587 1814 2659 Carthagine,

63 2678 104 2735 rbi
114 2678 185 2734 dum
197 2675 331 2732 litterarii
341 2675 429 2731 studii
443 2676 619 2731 curriculum
634 2676 802 2746 absolveret,
821 2691 851 2731 se
865 2676 1014 2732 libidinosi
1027 2677 1132 2731 amoris
1146 2677 1248 2748 laqueo
1259 2675 1414 2742 irretitum,
1427 2691 1537 2731 necnon
1548 2676 1580 2729 in
1590 2676 1812 2731 Manichaeorum

63 2766 190 2823 isresim
205 2765 371 2837 prolapsum
386 2763 473 2819 luisse
488 2763 631 2818 meminit.
647 2763 790 2819 Adversus
800 2765 906 2819 hortum
920 2779 1031 2837 errores
1045 2768 1074 2819 et
1086 2763 1208 2835 ineptias
1227 2763 1341 2820 disserit
1355 2763 1525 2818 luculenter.
1549 2762 1644 2817 histris
1660 2763 1813 2834 lacrymas,

63 2860 81 2910 et
95 2868 267 2925 responsum
284 2852 319 2907 de
333 2850 384 2906 lllii
399 2850 596 2921 resipiscentia
611 2850 748 2906 divinitus
763 2854 910 2922 acceptum
926 2851 1024 2906 reiert.

92 2944 128 2999 ln
140 2945 244 3014 quarto
257 2940 330 2995 libro
345 2954 412 2993 enm
422 2938 513 3010 pudet
522 2955 553 2993 se
568 2938 610 2993 illi
619 2943 702 2994 sectae
712 2939 1201 3010 addictumfuissepernosennium,
1211 2943 1298 3011 atque
1309 2938 1379 2994 alios
1388 2954 1483 2993 secum
1498 2937 1528 2992 in
1541 2937 1675 2992 eumdem
1683 2953 1812 2994 errorem

63 3030 246 3095 ›attraxisse;
263 3027 366 3084 deinde
384 3027 509 3082 amicum
523 3026 725 3082 charissimum
740 3027 794 3082 sibi
808 3028 917 3083 interea
932 3033 1025 3084 morte
1044 3032 1228 3100 prereptum,
1243 3026 1384 3082 acerbiori
1403 3042 1491 3098 quam
1505 3041 1622 3097 aequum
1633 3031 1707 3081 esset
1722 3027 1813 3082 animi

63 3120 153 3177 ielore
168 3117 255 3173 luisse
269 3121 466 3189 prosecutum.
486 3116 574 3187 Cujus
590 3116 746 3183 occasione,
762 3116 796 3171 de
813 3133 885 3171 rana
899 3120 927 3171 et
941 3117 975 3171 de
989 3115 1081 3171 solida
1094 3114 1220 3171 amicitia
1230 3132 1288 3170 non
1303 3131 1393 3186 panca
1408 3114 1485 3170 dicit.
1500 3113 1673 3170 llantionem
1689 3115 1813 3188 denique

63 3208 124 3265 tecit
136 3207 278 3262 librorum
294 3205 328 3261 de
343 3204 465 3260 Pulchro
480 3207 589 3276 atApto
601 3221 618 3259 a
628 3221 656 3258 so
664 3221 740 3259 anno
751 3206 844 3260 aetalia
853 3204 991 3277 vigesimo
999 3208 1076 3260 sexto
1088 3209 1138 3260 aut
1151 3204 1287 3276 vigesimo
1303 3204 1424 3275 septimo
1438 3203 1683 3275 conscriptorum:
1701 3220 1813 3260 necnon

63 3314 144 3372 qnam
159 3295 236 3351 facili
253 3293 368 3366 negotio
383 3292 544 3348 liberalium
561 3292 667 3348 artium
681 3293 769 3348 libros
782 3299 868 3366 atque
878 3293 1036 3349 Aristotelis
1047 3293 1219 3366 Categorias,
1235 3310 1310 3349 anno
1321 3293 1412 3349 estatis
1421 3293 1511 3349 ferme
1525 3293 1675 3364 vigesimo,
1690 3309 1741 3365 per
1753 3310 1814 3349 sese

65 3383 241 3440 atellexerit.

87 3473 123 3528 ln
138 3472 214 3527 libro
235 3471 336 3543 quinto
349 3486 457 3525 annum
473 3467 566 3524 oetatis
580 3485 640 3524 suae
654 3467 771 3523 exhibet
785 3467 953 3540 vigesimum
965 3486 1085 3539 nonum,
1096 3485 1154 3541 quo
1165 3468 1272 3525 scilicet
1285 3474 1432 3540 comperta
1447 3468 1540 3524 Fausti
1553 3467 1706 3523 manichaei
1721 3467 1814 3539 impe·

63 3561 130 3627 itia,
147 3559 329 3632 propositum
342 3559 372 3614 in
387 3559 437 3614 illa
451 3561 526 3614 secta
539 3556 709 3630 proficiendi
723 3556 845 3628 abjecit;
861 3574 918 3630 quo
933 3559 1019 3615 etiam
1035 3561 1136 3625 Roma,
1156 3557 1207 3613 ubi
1219 3562 1287 3612 tuuc
1308 3557 1481 3612 rhetoricam
1495 3556 1694 3627 profitebatur,
1709 3557 1812 3611 missus

63 3649 248 3705 tediolannm
267 3652 299 3704 ut
312 3647 441 3703 eamdem
462 3651 553 3702 artam
577 3647 702 3714 doceret,
729 3646 815 3718 coepit
835 3646 933 3702 audito
953 3645 1104 3701 Ambrosio
1126 3645 1302 3718 resipiscere,
1330 3649 1359 3701 et
1378 3645 1413 3701 de
1430 3645 1637 3700 llanichceismo
1653 3645 1813 3700 abdicando

62 3752 170 3793 tecnon
185 3737 220 3792 da
234 3736 391 3808 repetendo
405 3736 643 3791 catechumenatu
656 3735 820 3791 decernere.

85 3826 120 3881 ln
132 3824 208 3881 libro
223 3830 311 3894 sexto,
324 3840 391 3879 cum
402 3824 463 3895 jam
482 3823 608 3880 donnica
621 3823 712 3894 ipsius
725 3827 816 3878 mater
830 3822 1021 3879 Mediolanum
1033 3823 1202 3890 advenisset,
1219 3822 1338 3894 ipseque
1352 3838 1461 3877 annum
1477 3821 1569 3877 aetatis
1584 3825 1684 3894 ageret
1697 3820 1812 3893 trigesi-

63 3928 153 3981 nnm;
167 3913 311 3969 Ambrosii
326 3911 513 3967 concionibus
533 3910 707 3978 admonitus,
735 3910 878 3966 catholice
901 3910 1038 3967 doctrinas
1056 3910 1217 3978 vamtatem,
1240 3927 1326 3982 quam
1346 3910 1491 3966 llanichcei
1508 3910 1577 3966 falso
1594 3910 1811 3972 insimulabant,

63 4001 150 4074 nugis
164 4003 313 4073 magisque
329 3998 520 4071 intelligebat.
541 3998 636 4071 Alypii
649 3997 734 4052 amici
753 3998 797 4053 sui
810 4014 905 4053 mores
920 3998 1113 4070 prosequitur.
1127 3999 1159 4054 ln
1173 3998 1283 4054 diversa
1308 3998 1484 4071 rapiebatur,
1513 3998 1581 4052 darm
1610 3998 1645 4053 de
1671 3997 1730 4052 vita
1755 4013 1814 4050 me-

64 4091 110 4147 ius
123 4090 303 4145 instituenda
315 4089 504 4155 deliberaret;
521 4087 621 4142 mortis
636 4102 750 4159 quoqne
766 4103 798 4140 ac
818 4087 921 4157 judieii
946 4090 1024 4142 metu
1037 4088 1195 4158 perculsus,
1211 4088 1248 4143 ed
1270 4088 1335 4143 ritoe
1349 4086 1564 4143 conversionem
1579 4087 1609 4141 in
1637 4087 1697 4141 dies
1717 4102 1813 4141 aceen-

63 4177 185 4235 labatur.

87 4267 122 4322 ln
136 4265 261 4338 septimo
281 4266 354 4322 libro
369 4265 519 4321 exordium
533 4280 592 4319 sum
605 4264 774 4335 juventutis,
788 4263 818 4318 id
830 4267 873 4319 ast
884 4278 994 4318 annum
1007 4262 1100 4318 aetatis
1119 4263 1300 4335 trigesimum
1317 4263 1456 4336 primum,
1474 4264 1510 4318 ob
1531 4263 1636 4319 mentis
1650 4264 1747 4318 oculos
1764 4277 1811 4317 re·

63 4355 143 4412 lucit.
161 4355 263 4410 Narrat
275 4371 305 4410 se
324 4355 374 4411 illa
388 4359 471 4410 astate
483 4352 662 4410 densioribus
675 4352 767 4407 adhuc
778 4350 951 4423 ignorantiae
970 4351 1095 4406 tenebris
1108 4351 1268 4408 insolutum
1281 4356 1366 4425 atque
1388 4357 1533 4408 errantem
1546 4351 1622 4405 circa
1648 4351 1698 4406 Dei
1723 4354 1806 4404 natu-

63 4460 126 4512 am,
143 4459 256 4499 necnon
273 4444 347 4499 circa
358 4444 498 4516 originem
511 4442 589 4509 mali,
611 4441 640 4496 in
656 4442 736 4512 cujus
750 4439 937 4512 inquisitione
955 4455 985 4493 se
1001 4438 1110 4494 mirum
1132 4439 1163 4495 in
1176 4442 1296 4497 modum
1310 4444 1444 4514 angebat,
1462 4439 1626 4513 pervenisse
1641 4437 1759 4493 tandem
1774 4438 1810 4493 ad

63 4532 249 4605 agnitionem
261 4532 310 4587 liei
325 4532 480 4600 sinceram;
495 4531 626 4603 quamvis
637 4529 769 4585 nondum
779 4529 867 4602 digne
881 4527 917 4583 de
927 4527 1050 4583 [lumino
1065 4528 1177 4584 Christo
1192 4530 1325 4586 sentiret.

87 4620 175 4679 Liber
187 4624 303 4677 octavus
317 4620 382 4676 vitae
396 4620 488 4692 ipsius
501 4624 613 4691 partem
628 4618 742 4689 attingit
753 4616 980 4685 celeberrimam,
994 4631 1103 4670 annum
1116 4616 1247 4672 uidelicet
1262 4618 1354 4673 aetatis
1368 4616 1546 4688 trigesimum
1561 4615 1732 4683 secundum,
1750 4630 1808 4687 qao

63 4724 237 4782 tempaeum
251 4708 472 4780 simplicianum
487 4707 675 4762 consuluisset
688 4706 722 4761 ab
738 4722 831 4778 eoque
844 4705 989 4761 didicisset
1002 4704 1137 4761 Victorini
1150 4706 1378 4770 conversionem,
1393 4721 1459 4760 cum
1472 4704 1589 4760 Antonii
1606 4704 1732 4776 AEgyptii
1746 4720 1810 4760 mo·

63 4797 246 4856 archivium
261 4814 295 4853 ex
310 4796 461 4851 Pontitiani
478 4795 615 4850 relatione
630 4795 818 4865 cognovisset,
837 4797 903 4865 post
924 4792 1123 4848 vehementem
1138 4794 1242 4849 luctam
1267 4809 1381 4848 carnem
1394 4793 1471 4849 inter
1486 4798 1514 4848 et
1526 4793 1667 4860 animum,
1682 4792 1810 4849 codicem

63 4887 184 4961 tpustoli
197 4886 304 4941 eoelesti
319 4885 482 4940 admonitus
497 4885 612 4940 oraculo
624 4883 764 4954 inspexit;
780 4897 902 4955 moxque
917 4897 950 4936 ex
964 4880 1041 4935 illius
1053 4882 1175 4938 lectione
1189 4883 1224 4937 ad
1234 4883 1384 4937 meliorem
1394 4881 1506 4954 frugem
1519 4885 1579 4937 toto
1593 4882 1689 4937 animo
1704 4881 1810 4936 immu-

63 4980 129 5032 atns
142 4973 208 5043 tuit,
223 4975 366 5046 pleneque
381 4974 418 5029 ad
433 4975 523 5029 Deum
540 4989 702 5027 conversus.

85 5065 121 5122 ln
136 5063 211 5118 libro
225 5078 302 5118 nono
316 5063 385 5118 dicit
399 5063 434 5118 de
446 5066 529 5134 capto
544 5077 601 5117 ase
616 5060 734 5116 consilio
748 5060 900 5116 rhetoricas
911 5058 1119 5130 professionem
1133 5057 1296 5130 abjiciendi,
1310 5075 1369 5114 non
1378 5063 1475 5115 tamen
1486 5063 1642 5132 antequam
1654 5056 1809 5114 vindemia-

63 5150 127 5209 inm
142 5150 292 5218 seriarum,
309 5149 387 5221 qnod
400 5149 530 5220 proxime
545 5148 681 5217 instabat,
694 5152 810 5218 tempus
823 5148 991 5205 advenisset.
1007 5150 1079 5205 Tum
1094 5148 1128 5204 de
1142 5164 1194 5203 suo
1210 5147 1413 5205 inverecundi
1427 5149 1512 5205 amici
1526 5149 1623 5205 villam
1640 5161 1762 5210 secessu,
1774 5144 1809 5200 de

63 5255 102 5296 ao
116 5239 300 5312 baptismate,
315 5254 347 5293 ae
361 5238 396 5293 de
410 5238 546 5293 ltonnicoe
563 5236 662 5292 matris
675 5236 827 5292 virtutibus
842 5240 928 5308 atque
943 5237 1034 5302 obitu,
1054 5238 1115 5310 qui,
1129 5237 1273 5309 baptizato
1287 5237 1361 5310 ipso,
1377 5238 1477 5295 incidit
1490 5239 1521 5294 in
1537 5237 1672 5293 eumdem
1699 5235 1808 5288 huncce

63 5344 173 5399 annum,
189 5328 281 5383 aetatis
295 5327 427 5382 videlieet
440 5326 593 5398 Augustini
604 5325 785 5397 trigesimum
801 5325 933 5382 tertium.

87 5419 120 5472 ln
136 5417 212 5472 libro
228 5417 340 5471 decimo
355 5420 497 5473 serutatur
520 5415 664 5487 deinceps,
691 5431 722 5469 ac
741 5415 836 5486 palam
851 5417 1036 5480 contestatur,
1054 5430 1111 5467 nou
1128 5415 1220 5484 qualis
1237 5420 1331 5481 antea,
1344 5416 1394 5470 sed
1410 5415 1501 5488 qualis
1516 5418 1583 5467 tunc
1606 5414 1688 5464 esset.
1707 5410 1806 5475 Deuca,
