3884 6112
141 249 193 302 807
737 234 1009 295 tuturussluu‘uu
1029 235 1057 292 S.
1085 235 1288 294 Attullsulu’l.
1852 242 1893 295 tte

138 384 254 427 cernere
266 367 349 441 potui
361 367 422 422 sine
436 370 476 432 tc,
490 369 519 420 et
532 364 605 420 nihil
626 378 725 419 eorum
748 376 809 416 esse
829 364 856 415 te
877 358 986 414 inveni.

137 460 194 515 Nec
206 472 259 530 ego
274 458 334 529 ipse
353 456 484 510 inventor
497 453 548 526 qui
559 452 707 525 peragravi
722 449 830 515 omnia,
845 451 873 503 et
887 448 988 503 distin-

138 564 225 620 guere
240 553 269 602 et
279 563 330 619 pro
346 546 404 600 suis
418 559 540 616 quaeque
556 541 743 607 dignitatibus
754 538 895 594 aestimare
905 552 988 592 cona·

137 642 183 692 tus
199 634 490 705 sum;excipiensalia
505 630 704 686 nuntiantibus
715 627 855 694 sensibus,
867 625 988 680 etinter-

137 741 242 797 rogans
256 724 312 778 alia
324 737 435 777 mecum
449 720 605 774 commixta
617 717 750 783 sentiens,
767 716 901 788 ipsosque
915 731 986 769 ιιιιιι-

137 814 191 869 tios
201 813 464 883 dignoscensatque
479 811 676 870 dinumerans,
689 806 808 877 jamque
826 804 857 859 iu
872 818 986 858 memo·

137 904 187 959 rioe
201 899 283 957 ‘latis
298 901 465 973 opibusalia
477 903 663 971 pertractans,
680 896 736 951 alia
752 894 917 962 recondens,
931 893 988 948 alia

137 1007 250 1046 eruens.
267 992 323 1045 Nec
336 1006 389 1061 ego
404 990 464 1060 ipse
477 988 614 1044 cumbae
626 1001 753 1058 agerem,
769 983 853 1040 idest
866 981 908 1036 vis
924 997 987 1037 mea

137 1078 237 1153 quaid
253 1079 384 1151 agebam,
400 1094 452 1134 nec
462 1078 525 1149 ipsa
539 1093 601 1131 eras
617 1079 659 1144 tu,
682 1073 750 1146 quia
765 1072 813 1128 lux
832 1088 863 1127 cs
877 1075 904 1126 ιιι
921 1086 987 1142 per-

138 1185 255 1225 manens
279 1169 420 1241 quamde
444 1167 578 1221 omnibus
604 1163 786 1219 consulebam
815 1177 851 1215 an
881 1165 985 1225 esseut,

137 1260 206 1332 quid
221 1263 325 1324 essent,
351 1257 452 1329 quanti
480 1253 630 1327 pendenda
654 1257 762 1307 esseut:
780 1253 808 1306 ct
834 1248 986 1303 audiebam

137 1348 286 1402 docentem
301 1362 332 1399 ae
343 1345 504 1415 jubentem.
520 1344 552 1397 Et
566 1358 641 1413 saepe
658 1339 734 1395 istud
759 1338 846 1403 lacio;
863 1337 918 1391 lioc
941 1352 986 1390 me

136 1437 268 1502 delectat,
291 1438 320 1488 et
342 1435 378 1488 ab
402 1431 560 1487 actionibus
584 1427 759 1485 necessitatis
778 1430 918 1497 quantum
940 1440 986 1479 re·

136 1524 225 1578 laxari
239 1538 365 1593 possum,
376 1522 411 1577 ud
426 1520 509 1575 istam
524 1520 697 1590 rolitptatcm
707 1514 828 1585 refugio.
845 1515 941 1585 Neque
956 1513 986 1569 iu

136 1613 182 1668 his
195 1612 336 1674 omnibus.
360 1627 424 1683 quae
439 1624 573 1681 percurro
589 1608 740 1662 consulens
753 1609 792 1671 te,
808 1603 924 1659 invenio
939 1609 985 1659 tu·

135 1706 197 1757 tum
213 1703 307 1757 locum
331 1701 435 1755 animae
460 1714 531 1753 meae
547 1696 602 1751 uisi
619 1696 648 1750 in
672 1700 710 1761 te,
732 1709 789 1765 quo
813 1693 986 1764 colliguntur

135 1806 234 1861 sparsa
248 1805 322 1855 mea,
336 1804 413 1843 neca
427 1792 455 1842 te
469 1785 627 1858 quidquam
644 1782 759 1838 recedat
773 1798 807 1836 ex
818 1797 874 1837 me.
888 1783 920 1836 Et
936 1781 986 1836 ali-

136 1878 250 1950 quando
261 1876 429 1932 intromittis
440 1891 486 1930 me
497 1873 526 1929 in
537 1873 669 1929 allectum
681 1871 805 1926 multum
815 1870 984 1925 inusitatum

135 1965 276 2021 introrsus
291 1965 324 2020 ad
339 1964 435 2021 nescio
455 1980 541 2036 quarn
557 1961 748 2027 dulcedinem,
773 1976 838 2032 quae
861 1959 885 2013 si
899 1960 985 2032 perli-

135 2053 225 2109 ciatur
240 2054 269 2108 in
285 2069 341 2122 me,
357 2054 453 2108 nescio
467 2052 536 2124 quid
550 2051 604 2106 erit
618 2050 694 2123 qnod
708 2049 764 2103 vita
778 2049 832 2104 ista
846 2064 905 2103 non
920 2048 983 2104 erit.

135 2142 189 2198 Sed
204 2142 298 2198 recido
314 2141 345 2196 in
363 2143 425 2196 baec
445 2140 614 2195 aemmnosis
636 2137 821 2210 ponderibus,
842 2142 871 2193 et
891 2153 984 2192 resor-

135 2232 205 2288 beor
219 2231 319 2301 solitis,
336 2235 365 2286 et
386 2237 493 2297 teneor,
510 2234 539 2285 el
559 2230 683 2284 multum
706 2229 771 2294 ileo,
794 2227 844 2282 sed
859 2228 983 2282 multum

1044 358 1175 426 Domine,
1189 358 1236 414 cui
1246 357 1426 414 reconciliari
1439 357 1563 430 superbe
1579 357 1770 431 querebant,
1787 358 1898 415 immor-

1042 448 1107 502 talis
1120 452 1150 502 et
1163 448 1224 502 sine
1238 452 1367 520 peceato.
1398 446 1536 502 Hediator
1548 452 1651 503 autem
1667 446 1750 503 inter
1774 448 1901 505 Deumet

1042 536 1173 592 homines
1188 537 1210 607 (l
1227 540 1295 592 lim
1318 553 1348 604 u,
1373 538 1413 605 5),
1427 536 1580 609 oportebat
1594 540 1628 592 ut
1656 536 1784 592 haberet
1800 536 1901 610 aliquid

1042 626 1134 681 simile
1150 626 1216 693 ileo,
1233 625 1343 698 aliquid
1357 625 1451 681 simile
1464 625 1635 681 hominibus
1650 641 1659 681 t
1675 640 1715 681 ne
1730 624 1762 681 in
1784 630 1903 699 utruque

1042 714 1208 770 hominibus
1223 714 1334 782 similis,
1347 715 1434 785 longe
1447 718 1521 769 esset
1539 730 1556 768 a
1571 714 1631 771 uso
1645 731 1654 784 3
1671 717 1725 771 ant
1737 715 1770 770 in
1784 720 1903 788 taboque

1044 801 1103 857 [leo
1117 801 1228 869 similis,
1245 803 1329 873 longe
1344 809 1418 856 esset
1431 801 1468 857 ab
1478 801 1663 872 hominibus,
1679 806 1773 875 atqua
1792 802 1835 857 ita
1848 818 1903 857 rue·

1042 889 1137 946 diator
1151 907 1210 945 nen
1221 893 1306 945 esset.
1326 891 1420 946 Fallax
1435 890 1531 962 itaque
1544 890 1594 946 ille
1604 890 1772 961 mediator,
1787 906 1903 964 qnopcr

1043 977 1457 1050 secretajadiciatuasuperbia
1463 983 1625 1034 mereretur
1631 978 1836 1042 illudi,unum
1845 994 1903 1036 cun

1042 1064 1209 1120 hominibus
1231 1066 1327 1135 habet,
1343 1066 1372 1122 id
1389 1070 1433 1121 est
1446 1072 1595 1140 peecatum
1609 1084 1616 1123 ε
1632 1066 1721 1124 aliud
1740 1066 1837 1123 videri
1851 1070 1902 1125 rull

1042 1152 1147 1208 habere
1157 1170 1222 1209 carn
1237 1155 1305 1222 lieo,
1324 1158 1357 1210 ut
1371 1155 1438 1228 quia
1453 1157 1547 1211 carnis
1561 1155 1750 1213 mortalitate
1764 1172 1828 1212 non
1838 1157 1901 1229 tegi

1043 1248 1099 1308 tur,
1116 1257 1168 1313 pro
1184 1244 1338 1298 immortali
1353 1260 1382 1298 aa
1405 1249 1538 1300 ostentet
1555 1244 1612 1302 Sed
1629 1245 1705 1318 quia
1727 1245 1898 1318 stipendium

1042 1330 1150 1402 peceati
1165 1347 1242 1385 mers
1255 1339 1307 1399 est,
1322 1332 1467 1387 nechabet
1476 1348 1715 1390 commonacum
1724 1334 1896 1401 hominibus,

1042 1421 1119 1475 uude
1134 1420 1218 1475 simul
1239 1420 1390 1476 damnetur
1405 1422 1435 1476 in
1449 1426 1582 1479 mortem.

1356 1511 1468 1566 cartu
1481 1512 1576 1567 l'llll.

1276 1599 1401 1655 Christus
1414 1615 1493 1654 uerus
1507 1599 1657 1656 mediatur.

1077 1688 1121 1741 68.
1138 1687 1229 1741 l'erax
1244 1691 1339 1741 autern
1356 1688 1498 1743 mediator
1512 1704 1599 1760 quem
1614 1693 1735 1745 secreta
1749 1693 1804 1745 tua
1821 1689 1893 1745 mise

1041 1775 1164 1831 ricordia
1186 1775 1388 1832 demonstrasti
1413 1778 1581 1841 humilibus,
1598 1782 1629 1834 et
1651 1777 1765 1834 misisti
1793 1783 1827 1835 ut
1843 1780 1894 1851 ejus

1041 1872 1172 1943 exemplo
1186 1872 1271 1927 etiam
1285 1872 1375 1945 ipsam
1386 1872 1754 1943 discerenthamilitatem,
1765 1877 1895 1933 mediator

1040 1959 1089 2015 ille
1102 1961 1150 2016 [lei
1166 1965 1194 2016 ct
1208 1961 1360 2017 bominum
1375 1962 1462 2018 horno
1477 1963 1605 2018 Christus
1616 1965 1715 2033 lesus,
1740 1963 1820 2021 inter
1831 1982 1894 2022 mor·

1040 2051 1316 2123 talespeccatorcssset
1331 2050 1641 2123 immortalemjustum
1654 2053 1814 2125 apparuit;
1826 2070 1892 2110 mor·

1040 2137 1104 2193 talis
1120 2156 1185 2194 curn
1200 2139 1378 2207 hominibus,
1401 2141 1496 2209 justus
1518 2156 1584 2196 cum
1606 2142 1680 2196 Deo.
1709 2142 1750 2198 t‘t
1765 2143 1893 2214 quonian

1039 2226 1215 2297 stipendium
1227 2227 1346 2298 justitior
1364 2229 1423 2283 vita
1434 2233 1463 2283 el
1478 2244 1531 2301 par
1541 2234 1595 2298 est,
1611 2246 1669 2301 per
1674 2230 1827 2302 justitiam
1838 2247 1894 2287 cen

135 2325 243 2377 teneor.
258 2321 379 2376 lantum
391 2319 606 2375 consuetudinis
622 2318 732 2373 sarcina
743 2317 879 2386 degravat
891 2319 915 2372 ²!
935 2316 984 2372 llic
1036 2316 1165 2387 junctam
1176 2317 1233 2371 lieo
1248 2320 1397 2372 evacuaret
1411 2322 1533 2373 mortem
1545 2318 1782 2390 justilleatorum
1800 2320 1891 2393 impie

136 2426 195 2465 csso
220 2412 310 2477 raico,
337 2424 388 2465 nec
413 2409 495 2475 rolo;
516 2407 573 2462 illie
605 2407 675 2468 roto,
696 2421 748 2461 nec
771 2407 868 2474 t'nlt·0;
896 2405 985 2460 miser

135 2499 298 2571 utrobique.

464 2568 577 2625 CAPUT
592 2567 655 2622 tlt

420 2659 532 2728 Triplex
548 2656 696 2727 cupiditas.

170 2751 214 2804 66.
228 2748 351 2819 ideoque
362 2746 539 2802 considerari
549 2748 889 2818 languorespeccatorum
901 2758 981 2797 meo-

134 2852 199 2891 rum
212 2836 241 2891 in
256 2834 412 2907 cupiditate
427 2835 532 2904 triplici
546 2854 554 2903 ;
569 2834 839 2889 etdexteramtuam
853 2832 984 2887 invocari

135 2924 171 2979 ad
186 2925 306 2980 salutem
324 2940 428 2978 meam.
443 2923 506 2977 Vidi
521 2922 598 2977 euim
609 2921 790 2992 splendorem
800 2925 883 2975 tirum
901 2919 983 2975 eorde

135 3013 242 3078 saucio,
257 3017 287 3067 et
301 3028 485 3083 repercussus
500 3011 557 3066 dixi
573 3027 579 3066 :
596 3010 665 3076 Quis
686 3010 755 3065 illuc
776 3009 891 3081 potest?
912 3009 982 3063 Pro·

131 3101 224 3172 jectus
239 3117 302 3155 sum
319 3100 419 3156 atacie
432 3101 580 3155 oculorum
598 3105 713 3153 tuorum
730 3099 813 3163 [Paul.
836 3114 902 3159 xxx,
917 3100 979 3168 ιι).

134 3188 176 3242 Τιι
192 3205 222 3242 cs
237 3187 345 3241 Veritas
355 3204 441 3258 super
453 3187 550 3242 omnia
564 3188 720 3259 praesidens
736 3204 742 3242 :
759 3193 788 3242 at
798 3203 851 3257 ego
858 3204 910 3260 per
922 3204 984 3243 ava-

134 3275 230 3330 ritiam
246 3291 339 3330 meam
354 3292 412 3331 non
427 3278 557 3331 amittere
572 3281 599 3331 te
615 3276 701 3342 uolui,
718 3276 767 3331 scd
788 3276 863 3331 volni
888 3280 983 3331 tecum

135 3363 281 3434 possidere
296 3363 495 3426 mendacium
511 3363 582 3418 sicut
598 3379 682 3417 ucmo
697 3364 757 3417 vult
770 3363 810 3417 ita
824 3362 927 3418 salsum
942 3364 984 3419 di·

134 3467 209 3517 cere,
230 3454 262 3507 ut
272 3450 378 3507 nesciat
391 3451 451 3523 ipsc
466 3450 535 3522 quid
554 3467 653 3505 rerum
667 3451 714 3506 sit.
732 3451 831 3522 ltaque
846 3451 929 3506 amisi
942 3455 981 3518 te,

135 3541 204 3614 quia
218 3558 277 3597 nen
291 3541 418 3613 dignaris
437 3556 501 3595 cum
517 3540 666 3595 mendacio
680 3539 832 3612 possideri.

454 3648 566 3703 CAPUT
582 3647 662 3704 xttl.

135 3738 265 3793 Nonnulli
279 3737 317 3790 ud
327 3737 457 3791 damastes
472 3742 602 3807 turaquum
618 3736 750 3792 reduendi
771 3737 809 3791 ud
829 3741 913 3793 Deum
927 3754 983 3792 atc-

312 3825 431 3879 diutorcs
456 3826 602 3891 infeliciter
624 3833 804 3880 recurrerunt.

171 3914 215 3965 tii.
230 3911 320 3975 Quem
333 3912 491 3967 invenirem
506 3913 555 3984 qui
569 3930 614 3967 mc
626 3914 822 3968 reconciliaret
835 3915 984 3969 tibilltm·

135 3997 273 4053 blendum
290 3999 384 4053 ⁸milii
402 4000 457 4054 fuit
472 4001 505 4054 ad
522 4001 669 4071 Angelos?
684 4003 744 4066 Qua
759 4004 864 4073 prece?
879 4003 983 4074 quibus

136 4088 319 4143 sacramentis
332 4090 347 4143 ‘l
361 4088 439 4144 blulti
455 4095 588 4144 conantes
605 4090 639 4145 ad
655 4094 682 4143 le
698 4090 802 4159 redire,
824 4107 916 4163 neque
932 4109 983 4163 per

135 4178 244 4249 seipsos
258 4178 394 4243 valenles,
410 4178 484 4232 sicut
496 4179 592 4244 audio,
608 4182 789 4235 tentamrunt
803 4181 874 4246 lime,
890 4186 920 4236 et
934 4181 982 4236 iu-

134 4265 305 4323 cideruntin
321 4266 493 4322 desiderium
507 4267 842 4333 curiosarumvisionum,
859 4275 886 4324 et
903 4269 982 4340 digni

134 4355 222 4411 ltaliiti
240 4362 307 4411 situl
321 4357 512 4413 illusionibus.
530 4357 600 4411 Elati
616 4358 692 4413 enim
709 4362 736 4412 te
750 4358 918 4430 qiiarebant
932 4360 982 4414 do-

135 4445 233 4499 ctrinm
246 4445 679 4517 fastu,ererentespotiusquam
694 4447 846 4502 tundentes
856 4452 980 4520 pectora,

135 4538 164 4587 et
178 4535 356 4590 adduxerunt
370 4537 424 4591 sibi
436 4551 487 4608 per
504 4534 721 4590 similitudinem
744 4537 837 4590 cordis
855 4537 899 4591 sui
913 4553 980 4591 con·

136 4622 274 4691 spirantes
283 4630 311 4678 et
323 4625 413 4681 socias
428 4624 568 4697 sapertun
588 4638 647 4678 suae
661 4627 814 4694 potestates
838 4625 911 4679 aeris
926 4626 981 4680 liu-

132 4709 180 4780 jus
193 4709 301 4779 (Epire.
319 4729 348 4778 ιι,
359 4713 399 4784 ι),
414 4730 431 4768 a
445 4714 550 4787 quibus
565 4728 616 4784 per
630 4712 771 4783 potentias
793 4713 917 4783 magicas
931 4714 980 4769 dc·

135 4797 306 4869 ciperentur‚
322 4808 481 4872 quaerentes
497 4803 684 4858 mediatorem
706 4817 858 4873 perquem
875 4818 981 4874 purga·

135 4892 245 4953 rentur,
262 4892 290 4941 et
301 4904 360 4943 uon
376 4896 446 4946 crat.
463 4892 595 4947 Diabolus
610 4891 687 4947 enim
699 4895 760 4946 erat
773 4891 981 4963 transfigurans

134 4991 164 5031 se
178 4974 207 5030 in
228 4976 370 5045 Angelum
393 4977 464 5032 lucis
485 4979 520 5049 (ll
542 4980 614 5045 Coa,
631 4996 669 5043 xi,
701 4978 796 5049 illut
809 4979 933 5033 multum
946 4979 980 5034 il·

134 5061 203 5118 lexit
213 5062 366 5133 superbam
381 5079 505 5131 earnem,
522 5067 596 5138 quod
611 5084 714 5122 carneo
729 5066 914 5139 corporeipsc
924 5084 982 5122 non

135 5156 217 5207 esset.
234 5150 403 5207 Erantenim
412 5152 632 5212 illimorlalcsct
642 5161 804 5228 peccateres
816 5161 863 5224 3tu
872 5161 980 5225 autem,

166 5262 172 5295 ¹
192 5260 265 5317 ιον..
276 5261 305 5311 la
319 5259 451 5310 mainerio
462 5259 541 5311 etatis
554 5261 654 5326 opilius.

1038 2420 1104 2460 rum
1114 2406 1135 2472 ¹,
1150 2421 1236 2477 quani
1247 2421 1312 2461 cum
1326 2405 1382 2461 illis
1395 2405 1483 2461 voluit
1496 2406 1603 2463 habore
1618 2424 1827 2466 communem.
1843 2409 1895 2466 llic*

1038 2493 1250 2548 demonstratus
1264 2498 1307 2549 est
1320 2494 1443 2568 antiquis
1452 2495 1567 2563 mactis,
1579 2500 1611 2551 ut
1619 2496 1663 2552 ita
1675 2496 1736 2570 ipsi
1751 2515 1805 2571 par
1816 2498 1892 2555 fidu

1039 2582 1143 2637 futurae
1159 2581 1385 2654 passionisque,
1407 2583 1479 2638 sicut
1493 2600 1610 2656 uesper
1625 2584 1722 2641 tidem
1738 2587 1894 2658 praeterita,

1040 2669 1110 2725 salvi
1124 2671 1237 2728 tierent.
1255 2673 1285 2726 ln
1300 2675 1439 2744 quantum
1454 2672 1530 2727 enim
1543 2673 1646 2740 homo,
1663 2674 1696 2730 in
1710 2678 1829 2731 tantm
1843 2692 1894 2731 me-

1039 2758 1151 2827 diator;
1168 2758 1197 2813 in
1214 2764 1459 2830 quautamautem
1473 2761 1601 2827 verbum,
1619 2777 1681 2818 non
1696 2762 1895 2837 medius,quia

1040 2847 1157 2922 aqualis
1173 2847 1242 2916 Deo,
1259 2850 1371 2904 etiteus
1383 2849 1459 2922 apud
1475 2851 1566 2906 Deum
1594 2854 1626 2906 et
1640 2850 1735 2907 simul
1759 2868 1826 2909 cum
1838 2852 1893 2925 Spi-

1040 2937 1099 2993 ritu
1113 2935 1233 2992 sancto⁸
1246 2953 1322 2993 tinus
1337 2939 1422 2994 Deus.

1074 3029 1122 3082 uu.
1140 3026 1288 3092 Quomodo
1303 3043 1355 3081 nos
1370 3027 1480 3096 amasti,
1498 3029 1581 3083 Pater
1592 3028 1683 3098 bone,
1702 3031 1760 3103 qui
1775 3031 1891 3089 liliolus

1039 3114 1124 3170 unico
1140 3130 1197 3169 uon
1216 3116 1380 3187 pepercisti,
1396 3117 1444 3172 scd
1458 3116 1608 3187 pronubis
1628 3118 1735 3190 impiis
1760 3119 1891 3177 tradidisti

1039 3204 1123 3259 euml
1141 3203 1228 3271 (Rom.
1242 3220 1300 3270 ιἰιι,
1316 3203 1375 3274 ιι.)
1389 3204 1536 3270 Quomodo
1544 3221 1597 3260 nos
1609 3207 1721 3263 amasti
1730 3224 1787 3280 pro
1796 3208 1890 3283 qtribm

1038 3293 1086 3348 ille
1100 3309 1158 3350 nou
1183 3291 1313 3365 rapinam
1330 3293 1483 3349 arbitratus
1496 3310 1557 3349 esse
1576 3295 1703 3366 aequalis
1728 3297 1795 3366 tibi,
1812 3298 1890 3355 ιιιιιιι

1039 3387 1082 3438 est
1098 3382 1231 3438 subditus
1241 3397 1333 3454 usque
1345 3397 1378 3436 ae
1393 3387 1516 3437 mortem
1530 3382 1623 3437 crucis
1638 3386 1784 3457 (Philipp.
1812 3402 1840 3453 u,
1853 3386 1889 3453 til:

1038 3486 1113 3524 unus
1127 3470 1175 3524 ille
1188 3470 1217 3525 iu
1227 3469 1348 3524 ntortuis
1361 3470 1495 3542 tiberlPs.
1509 3487 1631 3540 nxxxru,
1645 3472 1888 3546 6·8),potestatent

1039 3558 1147 3614 habens
1163 3557 1291 3630 ponendi
1301 3557 1428 3613 animam
1440 3575 1521 3613 suam
1536 3563 1565 3613 et
1583 3564 1770 3631 potestatem
1795 3562 1887 3619 babens

1038 3647 1144 3703 iterum
1160 3646 1292 3702 sumendi
1320 3663 1382 3702 eum
1406 3649 1497 3716 (loun.
1526 3663 1554 3714 x,
1573 3650 1633 3717 l833
1664 3664 1724 3720 pro
1751 3652 1833 3707 nobis
1845 3647 1886 3705 tibi

1037 3736 1127 3792 uictor
1141 3740 1170 3791 et
1184 3736 1308 3803 uictima,
1322 3741 1351 3791 et
1364 3737 1428 3792 ideo
1444 3736 1532 3791 victor
1544 3736 1614 3808 quia
1630 3736 1831 3812 victima;pro
1843 3754 1883 3795 ne

1039 3824 1083 3878 bis
1096 3823 1146 3878 tibi
1163 3824 1293 3879 sacerdos
1308 3827 1337 3879 et
1350 3822 1529 3889 sacrificium,
1547 3829 1576 3880 et
1589 3823 1657 3880 ideo
1674 3829 1813 3885 sacerdos
1829 3826 1884 3901 quia

1039 3912 1211 3967 sacrillcium
1225 3929 1232 3975 ;
1248 3911 1354 3967 faciens
1367 3913 1420 3968 tibi
1435 3929 1487 3967 uos
1502 3912 1638 3969 deservis
1652 3916 1745 3981 filios,
1763 3918 1798 3973 de
1815 3922 1884 3972 tene

1039 4001 1154 4069 scendo,
1170 4001 1253 4056 uobis
1267 4001 1435 4058 sert‘icndol
1452 4002 1551 4058 Merito
1578 4002 1652 4058 mihi
1666 4020 1738 4076 spes
1761 4005 1883 4062 reddata

1036 4090 1085 4145 illo
1100 4094 1151 4156 est,
1166 4090 1244 4159 quod
1254 4089 1366 4145 sanabis
1379 4106 1478 4146 omnes
1493 4091 1648 4162 languores
1656 4108 1753 4163 meos,
1765 4110 1817 4167 par
1824 4106 1881 4151 eun

1039 4179 1088 4251 qui
1103 4178 1182 4234 sedet
1198 4179 1233 4235 ad
1249 4179 1391 4235 dexteram
1405 4182 1523 4233 tuamet
1536 4184 1565 4233 te
1580 4178 1756 4251 interpellat
1768 4198 1821 4255 pru
1839 4197 1882 4235 no·

1038 4269 1082 4324 bis
1095 4270 1178 4337 (Rom.
1199 4285 1256 4333 ιιιι,
1273 4270 1315 4337 34)
1328 4285 1335 4336 3
1350 4267 1478 4340 alioquin
1490 4267 1686 4339 desperarem.
1720 4270 1802 4327 llulti
1816 4268 1882 4326 enin
1932 4282 1934 4313 ι

1037 4357 1178 4427 etmagni
1192 4362 1260 4411 sunt
1281 4357 1368 4411 iidem
1392 4357 1547 4428 languores
1565 4356 1636 4425 mci,
1659 4358 1749 4415 multi
1772 4363 1838 4415 suut
1859 4362 1882 4412 et

1036 4443 1134 4514 magui
1145 4463 1153 4511 ;
1166 4444 1215 4498 scd
1228 4444 1400 4515 ampliorcst
1412 4445 1553 4501 medicina
1566 4449 1627 4501 tna.
1641 4446 1796 4503 Potuimus
1808 4450 1881 4521 puta·

1036 4548 1067 4587 re
1080 4532 1204 4587 Verbum
1218 4537 1301 4588 tuum
1316 4537 1459 4588 remotum
1468 4548 1529 4588 esse
1542 4549 1560 4587 a
1572 4534 1783 4605 conjunctione
1797 4534 1882 4591 homi·

1036 4620 1092 4690 nis,
1114 4624 1142 4675 el
1157 4620 1306 4693 desperaro
1319 4621 1353 4679 dc
1369 4621 1462 4688 nobis,
1477 4622 1531 4677 uisi
1546 4637 1613 4677 caro
1629 4621 1716 4679 lieret
1730 4630 1760 4680 ct
1780 4624 1881 4683 babita-

1036 4713 1080 4763 ret
1093 4708 1122 4762 in
1134 4707 1227 4763 uobis.
1932 4708 1934 4779 f

1070 4799 1115 4853 70.
1133 4797 1310 4853 Conterritus
1324 4798 1445 4871 peccatis
1456 4798 1527 4853 meis
1541 4802 1569 4855 ct
1581 4800 1656 4856 mole
1673 4800 1802 4858 miseriae
1819 4816 1882 4859 mea
1932 4796 1934 4803 ’

1037 4886 1245 4958 agitaveramin
1259 4886 1343 4942 eorde
1354 4886 1565 4960 meditatusque
1578 4888 1691 4945 luerem
1703 4890 1882 4963 lugaminse

1037 4974 1189 5032 titudinem
1202 4992 1209 5042 ;
1225 4975 1272 5030 sod
1287 4975 1462 5046 prohibuisti
1473 4992 1532 5046 me,
1547 4981 1576 5032 et
1589 4978 1834 5046 coufirmastime,
1844 4979 1881 5034 di·

1037 5079 1103 5118 ceus
1118 5080 1125 5119 :
1143 5064 1204 5118 ideo
1216 5079 1268 5133 pro
1283 5064 1406 5119 omnibus
1420 5064 1544 5122 Christus
1562 5071 1686 5122 mortuus
1716 5073 1767 5137 est,
1791 5072 1823 5123 ut
1841 5067 1882 5137 qui

1035 5155 1139 5221 eliserat,
1149 5153 1211 5221 ium
1224 5152 1340 5208 nonsibi
1348 5155 1454 5218 vireat,
1468 5153 1516 5209 sed
1526 5155 1551 5208 ei
1564 5156 1671 5225 quipro
1685 5157 1757 5227 ipsis
1769 5160 1881 5211 mortuus

1036 5242 1121 5310 estlll
1142 5243 1201 5299 Cor.
1223 5257 1250 5309 r,
1273 5242 1326 5313 ιιι).
1351 5241 1430 5312 Ecce,
1445 5241 1575 5313 Domine,
1587 5242 1666 5314 jacto
1694 5244 1727 5300 in
1751 5249 1882 5300 tecurau

165 5323 176 5358 ²
191 5323 220 5373 lu
237 5323 299 5373 bles.
311 5322 444 5379 omuibus,
457 5322 531 5373 nullo
544 5323 597 5373 lere
607 5330 731 5437 excepto:
750 5329 863 5378 Tantum
874 5341 981 5380 cousue-
1068 5332 1076 5364 ¹
1091 5329 1201 5393 benign.
1216 5329 1289 5402 lla...
1296 5326 1533 5393 juattfiroaderum
1556 5331 1716 5396 turpiorum.
1739 5332 1815 5384 corb
1831 5330 1881 5387 its.

134 5384 236 5437 tudinis
244 5385 350 5437 saraim
367 5385 450 5448 dieue
463 5388 508 5435 est.
526 5386 564 5434 ltu
578 5387 655 5436 ettam
692 5390 734 5438 ud.

1031 5392 1102 5456 susti
1135 5401 1246 5443 olorum
1259 5405 1380 5457 prorum.

164 5448 175 5481 ³
187 5447 229 5497 Sic
241 5449 312 5505 bles„
323 5452 432 5512 excepto
440 5447 549 5512 Lyreusi
558 5447 603 5511 qui
613 5448 692 5499 habel
702 5450 865 5504 circundatus.
876 5452 909 5505 lt
917 5453 979 5505 bad.
1067 5455 1078 5489 ¹
1128 5455 1177 5504 iter
1190 5454 1306 5504 lassat:
1322 5456 1396 5507 litae.
1406 5455 1447 5505 lta
1459 5455 1537 5507 etiam
1549 5468 1646 5508 annea
1659 5455 1815 5509 Serbonieis
1822 5456 1878 5507 llas·

133 5507 191 5560 Am.
208 5510 250 5560 Er.
265 5512 344 5572 lov..
358 5523 397 5563 aa
408 5510 533 5562 cundum.

1066 5518 1077 5551 ³
1088 5518 1150 5567 tiss.
1159 5516 1276 5581 plerique
1283 5530 1337 5567 uon
1347 5518 1508 5568 babentbtec
1515 5520 1603 5580 rerba,
1610 5520 1880 5583 conspecturum.

1815 5622 1827 5653 ί
