3884 6112
591 330 698 388 LIBER
723 330 939 389 [inbecillus.
1596 339 1649 393 alt

71 453 193 525 ipiterne
221 452 327 508 omnia.
349 452 485 525 Alioquin
505 453 568 525 jem
589 457 703 525 tempus
718 460 747 509 et

71 546 154 596 tnon
169 557 236 596 sera
251 541 405 608 aeternitas,
419 558 473 596 nec
493 558 562 597 vera
577 541 746 598 immortali·

72 631 111 697 ri,
126 632 199 686 Deus
213 646 304 697 mens,
320 634 348 684 et
361 631 468 702 gratias
483 646 548 701 ago.
564 631 646 698 Nori,
661 631 747 686 conil-

71 719 192 786 lomine3
214 734 385 789 mecumque
415 717 495 772 novit
517 723 545 772 et
566 718 709 774 benedicit
721 723 748 773 te

71 813 174 880 [gratus
190 823 247 862 non
274 810 318 862 est
341 811 426 862 certe
450 806 575 861 veritati.
599 806 747 874 Novimus,

71 896 189 964 orimus,
205 895 379 968 quoniemin
389 901 531 967 quantum
541 893 683 966 quidquid
691 911 749 950 non

71 989 108 1051 et,
119 990 148 1040 et
161 989 204 1040 est
217 984 294 1055 quod
308 1000 367 1039 non
379 987 449 1050 eret,
466 983 497 1038 in
507 986 618 1038 tantum
628 983 751 1039 moritur

71 1074 131 1129 uon
148 1089 216 1143 ergo
240 1073 399 1144 quidquam
414 1071 499 1127 Verbi
513 1072 556 1127 tui
569 1072 646 1126 cedit
663 1077 750 1144 atque

71 1162 174 1217 ioniam
188 1177 253 1216 vere
267 1161 430 1216 immortale
439 1165 526 1232 atque
541 1164 681 1216 aeternum
696 1165 748 1216 est.

71 1249 120 1304 rbo
141 1247 193 1302 tibi
217 1252 372 1315 coaeterno,
396 1247 482 1302 simul
505 1250 534 1303 et
550 1247 749 1320 sempiteme¹

71 1355 82 1393 i
96 1354 161 1409 quae
176 1336 256 1403 dicis,
269 1339 297 1391 et
311 1336 344 1391 fit
358 1335 500 1408 quidquid
509 1335 750 1403 dicisutliat3nec

71 1444 89 1482 n
104 1426 236 1491 dicendo,
250 1423 627 1480 iecis:nectamenetsimul
638 1428 750 1480 etsem-

71 1521 101 1572 nt
115 1516 213 1570 omnia
228 1530 293 1586 que
308 1513 429 1568 dicendo
441 1513 521 1568 lacis.

234 1602 348 1657 CAPUT
367 1601 426 1656 Vll.

71 1694 95 1748 ei
109 1694 199 1763 ipsum
211 1694 250 1746 eet
257 1691 426 1760 principium
440 1704 493 1760 quo
503 1688 631 1744 docemur
648 1705 750 1744 ornirem

251 1780 401 1834 veritatem.

78 1884 184 1941 queso,
204 1866 323 1922 Domine
339 1868 414 1921 lleus
425 1867 528 1921 meus?
538 1866 752 1937 Utcumque-ri-

71 1957 198 2028 ¹uomodo
213 1956 243 2012 id
256 1957 375 2028 eloquar
390 1957 502 2014 nescio:
518 1955 576 2010 nisi
585 1956 653 2028 quia
667 1971 753 2010 omne

70 2046 170 2118 incipit
184 2051 213 2100 et
234 2062 294 2100 esse
319 2044 432 2112 desinit,
448 2049 515 2100 tunc
530 2061 590 2100 csse
608 2043 711 2114 incipit
725 2046 753 2097 et

71 2137 176 2202 lesinit,
195 2136 310 2208 quando
326 2135 457 2191 debuisse
471 2134 599 2206 incipere
613 2135 659 2189 rel
677 2132 753 2188 desi-

71 2225 263 2282 emanatione
278 2224 472 2295 cognoscitur,
498 2223 549 2279 ubi
574 2239 627 2278 nec
653 2221 754 2293 incipit

71 2331 78 2369 c
92 2312 209 2369 desinit.
224 2313 320 2383 lpsum
330 2316 373 2366 cst
386 2312 509 2366 Verbum
524 2316 617 2379 tuum,
633 2309 711 2382 quod
726 2313 755 2363 et

70 2419 80 2456 ι
96 2418 125 2458 es
141 2401 226 2474 quia²
236 2405 264 2454 et
278 2399 405 2471 loquitur
421 2399 503 2455 nobis
518 2401 608 2470 (loen.
625 2416 684 2468 rm,
697 2401 753 2464 25),

71 2491 159 2564 agelio
172 2505 225 2561 per
239 2505 354 2543 carnem
369 2488 409 2543 ait
420 2509 428 2556 3
441 2493 469 2542 et
483 2488 537 2544 hoc
546 2487 674 2543 insonuit
685 2486 755 2542 foris

70 2579 192 2645 minum,
203 2580 234 2630 ut
249 2575 422 2642 crederetur,
436 2575 550 2630 etintns
565 2577 754 2647 quereretur,

71 2671 124 2722 rtur
138 2665 169 2720 in
184 2671 290 2720 eterna
304 2663 432 2731 veritate,
452 2662 503 2719 ubi
517 2678 617 2717 omnes
631 2661 755 2733 discipu·

72 2759 102 2810 et
121 2755 198 2809 solus
219 2753 354 2824 magister
375 2752 467 2807 docet.
489 2749 531 2805 lbi
555 2749 641 2804 audio
656 2764 755 2804 vocem

71 2844 137 2911 eine,
150 2843 292 2897 dicentem
302 2845 311 2876 ³
322 2840 404 2908 mihi,
416 2838 554 2912 qnoniam
566 2837 614 2893 ille
629 2837 756 2910 loquitur

73 2932 155 2988 docet
173 2948 234 2986 nos.
252 2929 307 2995 Qui
325 2933 421 2984 autem
432 2928 656 2990 nondocetnos,
669 2926 756 2981 etiam

71 3039 84 3089 ·,
98 3037 158 3076 ιιοιι
174 3020 254 3074 nohis
270 3018 407 3090 loquitur.
426 3015 495 3082 Quis
518 3031 606 3087 porro
629 3031 684 3070 nos
705 3013 757 3069 do·

71 3110 153 3165 abilis
168 3107 290 3163 veritas?
304 3106 376 3172 Quia
390 3109 419 3161 et
428 3121 480 3178 per
489 3107 648 3159 creaturam
663 3106 757 3158 muta-

71 3218 76 3254 ι
91 3198 292 3262 admonemur,
317 3196 351 3251 ad
366 3193 516 3250 veritatem
532 3191 663 3247 stabilem
678 3189 758 3245 duci·

81 3303 144 3341 vere
155 3285 290 3341 discimus
300 3300 366 3339 cum
376 3287 484 3337 stamus
496 3285 524 3336 et
536 3279 669 3335 eudimus
679 3296 758 3349 eum,

71 3374 229 3447 gaudemus
247 3376 365 3444 propter
379 3387 478 3425 rocem
497 3367 595 3442 sponsi
607 3369 700 3440 (doen.
716 3385 758 3435 ιιι,

71 3469 133 3519 ntes
149 3480 200 3517 nos
215 3462 290 3517 unde
306 3477 417 3515 sumus.
442 3460 475 3514 Et
495 3458 558 3514 ideo
579 3448 758 3529 Principium

71 3555 201 3618 neneret,
218 3567 283 3606 cum
296 3565 456 3605 erraremus
471 3564 529 3602 non
549 3550 695 3618 essetque
712 3562 760 3601 re·

71 3643 136 3699 dum
150 3645 244 3695 antem
260 3639 386 3695 redimus
396 3636 432 3692 nb
442 3651 549 3700 errore,
561 3632 758 3706 cognoscendo

71 3729 171 3797 limus3
191 3731 334 3784 utentem
358 3740 574 3796 cognoscamus,
591 3722 673 3777 docet
695 3736 758 3788 nos,

71 3818 170 3892 :ipium
184 3820 237 3886 est,
252 3820 281 3871 et
291 3814 421 3887 loquitur
435 3812 528 3868 nobis.

244 3922 357 3978 CAPUT
376 3921 419 3975 lx.

71 4012 188 4069 >uomodo
205 4011 322 4068 Verbum
335 4011 384 4065 Dei
394 4010 522 4077 loquatur
532 4005 619 4061 cordi.

71 4117 112 4157 roc
124 4098 281 4170 Principio,
298 4099 384 4166 llcus,
399 4094 491 4151 iecisti
501 4094 760 4158 celumetterrem,

71 4207 123 4257 no,
139 4190 169 4245 in
184 4188 255 4244 Filio
271 4193 329 4253 tuo,
346 4185 375 4240 in
394 4184 503 4240 Virtute
518 4187 578 4249 tua,
593 4181 625 4236 in
639 4180 761 4252 Sapien-

92 4279 215 4334 Veritete
231 4281 289 4344 tue,
316 4274 388 4330 miro
412 4272 497 4328 modo
518 4270 626 4335 diceus,
647 4267 763 4325 etmiro

72 4383 132 4423 ens.
160 4367 228 4432 Quis
251 4362 498 4435 comprehendet?
514 4358 578 4432 quis
597 4356 764 4413 enarrabit?

71 4455 138 4512 illud
159 4455 237 4527 quod
258 4453 410 4508 interlucet
430 4448 513 4517 mihi,
534 4451 563 4504 et
579 4445 702 4519 percutit
715 4461 764 4500 cor

71 4557 90 4597 e
104 4542 239 4608 lesione;
256 4545 286 4595 et
298 4539 477 4606 inhorresco,
498 4541 527 4592 et
539 4531 709 4592 inardesco?
722 4534 766 4589 ln·

71 4646 91 4686 n
109 4634 248 4702 quantum
261 4628 405 4685 dissimilis
421 4627 447 4682 ei
461 4642 544 4694 sum;
566 4624 714 4680 inardesco
734 4623 765 4677 in

71 4718 168 4774 similis
178 4718 205 4774 ei
217 4735 291 4774 sum.
305 4715 450 4788 Sapientia
464 4715 527 4787 ipsa
541 4719 592 4781 est,
602 4730 667 4785 quie
678 4712 766 4767 inter·

71 4807 86 4876 l,
100 4808 263 4864 discindens
279 4807 411 4862 nubilum
425 4820 535 4872 meum,
549 4802 627 4875 qnod
640 4818 686 4857 me
702 4816 767 4856 rur·

71 4913 116 4964 die
124 4914 184 4964 bles.
197 4906 767 4975 alencleteempilerreodtctsdloxetiamplu·

71 4989 141 5040 isque
152 4990 213 5025 cum
228 4977 291 5024 Am.
314 4974 421 5027 hebent.
436 4975 462 5023 et
475 4970 557 5021 sirncl
569 4973 594 5021 et
607 4971 768 5032 sempiterne

77 5038 157 5088 simul
164 5036 443 5101 elsempilernc.juxta
454 5034 499 5083 Er.
508 5033 574 5081 Ven.
583 5031 677 5095 Lugd,
687 5031 768 5081 simul

71 5112 122 5152 ren
135 5100 235 5150 omisso
247 5099 329 5163 priori
341 5102 375 5156 et,
383 5098 460 5161 juxte
474 5095 573 5145 Somm.
592 5094 661 5143 iiior.
684 5093 717 5141 bl.

71 5162 213 5255 diffidant
223 5166 249 5213 et
264 5163 394 5270 loquitur.
405 5159 514 5231 illies..
527 5159 590 5228 qula
599 5158 622 5204 et
638 5156 768 5226 loquitur,

71 5238 140 5274 um.
156 5229 196 5275 otc
207 5223 252 5274 tol
267 5224 295 5273 lc
307 5235 412 5272 eumen.
428 5219 471 5269 Sic
483 5221 577 5283 legisse
592 5217 769 5279 Augustinum

71 5286 180 5336 ·aliieex
192 5286 267 5345 locis,
278 5289 309 5334 ut
319 5297 353 5334 ex
364 5297 422 5346 cap.
433 5284 463 5332 28
474 5282 593 5344 lib.seq.,
604 5283 630 5328 et
641 5292 673 5327 ex
684 5279 768 5327 Trect.

71 5354 181 5461 il'egrtretb.
206 5409 248 5460 Er.
262 5409 329 5458 Ven.
352 5405 435 5471 bugd.
447 5406 545 5456 Somm.
561 5402 630 5452 Flor.
645 5405 672 5452 et
682 5399 769 5452 Rond.

71 5472 345 5596 &Lepreeegpplppgd'
354 5532 454 5582 Semm.
466 5533 493 5581 et
502 5527 589 5580 Rond.
600 5530 682 5578 cumi
697 5526 770 5583 lise..

801 472 849 509 sus
864 454 993 525 cooperit
1007 453 1187 510 deiicientem
1201 454 1235 510 ab
1247 471 1290 524 ea,
1305 456 1531 528 calligineatque
1545 473 1649 529 aggere

800 559 952 614 poenarum
974 557 1127 610 meernm3
1149 544 1286 615 qnoniam
1314 543 1354 598 sic
1378 544 1539 600 infirmatus
1561 546 1650 600 estin

801 636 927 702 egestate
943 631 1025 703 rigor
1049 648 1131 687 meus
1147 632 1228 703 (Psal.
1245 648 1310 697 xxx,
1326 633 1382 703 ll),
1397 636 1429 688 ut
1444 650 1503 688 non
1517 634 1649 688 sulleram

800 720 909 774 bonum
933 736 1042 783 meum,
1069 721 1160 776 donec
1183 724 1226 789 tn,
1241 720 1371 787 Domine,
1386 720 1437 791 qui
1452 721 1594 792 propitius
1608 722 1650 776 ia·

801 812 863 864 ctus
873 824 903 863 es
912 808 1046 863 omnibns
1056 808 1257 880 iniquitatibus
1269 808 1351 871 meis,
1364 809 1543 864 etiamsenes
1551 825 1652 864 omnes

802 894 955 966 languores
961 912 1055 964 meos;
1067 897 1136 968 quia
1143 901 1171 951 et
1179 897 1303 952 redimes
1319 897 1353 952 de
1369 897 1550 969 corruptione
1563 898 1651 952 vitem

804 1000 909 1053 meam,
927 988 956 1039 et
969 983 1119 1039 coronabis
1145 999 1191 1038 me
1206 983 1237 1038 in
1251 984 1434 1039 miseratione
1449 992 1478 1040 et
1491 984 1651 1040 misericor-

803 1071 860 1138 dia,
876 1076 904 1126 et
918 1071 1033 1127 satiabis
1052 1070 1182 1127 inbonis
1197 1071 1371 1127 desiderium
1383 1089 1480 1128 meum
1492 1090 1499 1140 ;
1515 1074 1652 1145 quoniam

804 1160 989 1215 renovabitur
999 1160 1135 1231 juventus
1159 1176 1224 1215 mea
1246 1160 1319 1215 sicut
1332 1162 1436 1233 aquile
1452 1162 1540 1231 (Psoi.
1564 1179 1610 1232 cu,
1626 1165 1653 1217 ³-

805 1252 840 1319 5).
857 1251 912 1322 Spe
927 1250 1005 1305 enim
1018 1250 1088 1304 salvi
1108 1249 1175 1304 fecti
1189 1266 1298 1317 sumus,
1319 1254 1348 1305 et
1368 1251 1509 1323 promissa
1529 1256 1579 1307 tua
1603 1268 1655 1323 per

804 1337 974 1410 patientiam
987 1340 1182 1410 exspectamus
1197 1337 1284 1407 (Rom.
1296 1352 1355 1404 viu,
1375 1340 1422 1408 24,
1437 1341 1492 1409 25).
1506 1339 1613 1394 Audiat
1626 1345 1654 1394 te

805 1428 882 1482 intus
894 1426 1136 1483 sermocinantem
1150 1424 1199 1496 qui
1210 1427 1323 1497 potesl;
1338 1439 1391 1495 ego
1406 1424 1528 1480 tidenter
1542 1441 1576 1479 ex
1590 1442 1654 1481 ore-

805 1515 869 1570 culo
884 1519 934 1569 tuo
949 1514 1077 1570 clamabo
1092 1530 1099 1568 :
1118 1515 1206 1580 Qum
1220 1515 1396 1582 magnificate
1416 1519 1479 1568 suut
1500 1519 1655 1584 operatua,

805 1605 924 1671 Domine,
944 1605 1035 1659 omnia
1057 1603 1239 1672 inSapimtic
1252 1604 1345 1670 fecisti
1366 1603 1449 1671 (Pscl.
1471 1618 1528 1668 cm,
1544 1604 1604 1672 illl
1629 1609 1657 1658 et

805 1692 855 1747 illa
868 1691 1056 1764 Principium,
1079 1695 1108 1746 et
1130 1690 1161 1746 in
1184 1706 1218 1746 eo
1239 1689 1383 1761 Principio
1404 1691 1496 1746 iecisti
1510 1692 1613 1746 coelum
1628 1696 1657 1745 et

807 1786 922 1836 terrem.

1151 1868 1264 1923 CAPUT
1282 1868 1313 1922 X.

807 1976 989 2032 obtrectantes
1004 1973 1072 2044 quid
1085 1975 1186 2040 faceret
1199 1976 1269 2028 Deus
1283 1976 1429 2042 antequem
1451 1975 1544 2028 celem
1565 1977 1591 2028 et
1605 1979 1657 2030 ter·

1126 2077 1188 2116 ram
1203 2061 1336 2117 conderet.

844 2172 887 2225 ie.
900 2170 1001 2224 Nonne
1014 2183 1077 2223 ecce
1091 2166 1171 2240 pleni
1184 2170 1251 2222 sunt
1268 2168 1416 2222 vetustatis
1438 2184 1497 2223 sure
1512 2167 1563 2239 qui
1576 2167 1658 2222 nobis

807 2258 924 2314 dicunt:
940 2255 1014 2322 Quid
1028 2255 1149 2310 iaciebat
1174 2257 1249 2310 llens
1263 2260 1418 2329 antequem
1434 2256 1541 2312 feceret
1555 2256 1658 2312 coelum

809 2350 838 2402 et
851 2344 1021 2400 terrem‘lSi
1035 2343 1113 2398 enim
1123 2343 1252 2410 vacabat,
1267 2343 1414 2415 inquiunt,
1430 2348 1459 2399 et
1477 2360 1536 2399 non
1555 2358 1659 2416 opera·

808 2433 894 2490 batur
905 2431 1026 2505 aliquid,
1041 2448 1093 2488 cur
1103 2448 1164 2487 nou
1178 2432 1218 2486 sic
1232 2448 1346 2505 semper
1360 2437 1389 2488 et
1399 2432 1545 2505 deinceps,
1560 2448 1660 2505 qnem-

810 2521 966 2577 edmodnm
979 2525 1056 2577 retro
1072 2536 1186 2592 semper
1199 2520 1319 2575 cessavit
1339 2521 1374 2575 ab
1396 2521 1510 2592 opere?
1532 2520 1562 2576 Si
1581 2520 1659 2576 enirn

808 2610 885 2666 ullus
900 2614 995 2666 motus
1008 2609 1040 2664 in
1053 2611 1110 2664 Deo
1122 2625 1212 2664 novus
1227 2608 1342 2679 exstitit,
1354 2613 1383 2663 et
1396 2610 1528 2664 voluntas
1541 2625 1616 2663 nora
1629 2613 1660 2663 ut

809 2703 970 2755 creaturam
984 2698 1121 2754 conderet
1136 2713 1224 2770 quam
1237 2701 1460 2769 nunquemente
1475 2697 1658 2761 condiderat;

810 2788 955 2860 quomodo
967 2787 1029 2859 jam
1042 2802 1110 2841 vera
1124 2785 1278 2851 eternitas,
1291 2785 1440 2841 ubioritur
1451 2786 1584 2840 volentes
1594 2801 1659 2858 que

811 2893 869 2933 non
881 2877 963 2931 erati
976 2876 1073 2946 Neque
1088 2873 1166 2929 enim
1181 2875 1312 2928 voluntas
1329 2872 1379 2928 [lei
1394 2877 1524 2928 creatura
1537 2877 1590 2940 est,
1611 2871 1661 2927 sed

810 2969 877 3021 ante
891 2967 1065 3030 ereaturam
1078 2961 1215 3034 quianon
1229 2966 1375 3017 crearetur
1385 2961 1506 3034 aliquid,
1519 2961 1576 3016 nisi
1585 2976 1661 3016 crea·

810 3055 881 3110 toris
893 3054 1023 3109 volentes
1037 3051 1220 3124 precederet.
1237 3051 1280 3106 nd
1294 3050 1386 3122 ipsam
1395 3066 1463 3122 ergo
1472 3049 1523 3106 Ilei
1533 3050 1678 3129 substan-5

810 3144 881 3200 tiam
894 3141 1019 3215 pertinet
1031 3141 1164 3196 voluntas
1178 3141 1252 3212 eJus.
1270 3140 1352 3205 Quod
1366 3139 1391 3194 si
1406 3144 1539 3195 exortum
1554 3144 1598 3194 est
1612 3139 1662 3193 ali-

811 3232 881 3305 quid
897 3233 926 3286 in
942 3229 1159 3287 Deisubstantia
1168 3229 1247 3302 q'uod
1261 3229 1341 3300 prius
1353 3245 1412 3283 non
1422 3233 1482 3284 eret
1494 3245 1501 3296 ;
1512 3243 1661 3283 nonrera-

812 3321 881 3377 citer
895 3320 999 3376 dicitur
1012 3323 1121 3375 eterna
1133 3318 1183 3373 illa
1198 3317 1368 3372 substantia:
1385 3317 1408 3371 si
1423 3322 1519 3372 autem
1530 3317 1662 3371 voluntas

813 3410 864 3467 liei
874 3409 1033 3474 sempitena
1047 3413 1109 3464 erat
1122 3411 1155 3463 ut
1168 3410 1242 3461 esset
1259 3410 1404 3471 creatura3
1429 3420 1481 3459 cnr
1501 3420 1560 3458 nou
1585 3419 1660 3458 sem·

813 3501 924 3572 piterna
938 3502 1104 3554 etcraetura
1119 3499 1134 3554 i

1158 3591 1271 3646 CAPUT
1285 3590 1329 3644 lll.

813 3700 962 3772 objectioni
974 3696 1116 3769 respondet
1130 3697 1202 3766 qnod
1215 3697 1352 3752 eternitas
1367 3695 1416 3749 Dei
1431 3694 1516 3748 nescit
1529 3695 1660 3762 tempora.

851 3809 893 3864 le.
910 3805 965 3872 Qui
982 3804 1045 3860 hec
1059 3802 1169 3870 dicunt,
1193 3801 1323 3857 nondum
1347 3803 1374 3855 te
1388 3798 1565 3871 intelligunt,
1582 3814 1598 3852 o
1614 3797 1665 3853 Sa-

814 3895 923 3968 pientia
938 3893 999 3963 Dei,
1012 3893 1060 3948 lux
1075 3891 1237 3960 mentium,
1253 3890 1383 3945 nondum
1395 3887 1574 3959 intelligunt,
1590 3902 1664 3957 quo·

817 3983 901 4039 modo
916 3982 991 4038 liunt
1003 3996 1069 4053 que
1078 3996 1131 4052 per
1144 3982 1172 4034 te
1189 3982 1276 4050 etque
1290 3977 1360 4032 inte
1376 3975 1467 4032 litent:
1484 3980 1512 4031 et
1527 3978 1668 4030 conantur

816 4074 924 4127 eterna
938 4084 1053 4143 sepere;
1070 4068 1121 4123 sed
1133 4066 1228 4122 adhuc
1242 4067 1273 4121 in
1288 4064 1441 4138 preteritis
1457 4067 1485 4119 et
1501 4061 1606 4118 futuris
1621 4077 1667 4116 re·

817 4176 882 4215 rum
897 4158 1021 4214 motibus
1036 4171 1198 4212 cereorum
1213 4155 1322 4220 volitat,
1339 4157 1367 4209 et
1383 4153 1474 4208 adhuc
1490 4166 1596 4205 venum
1612 4153 1666 4205 est.

817 4246 886 4313 Quis
899 4244 1007 4302 tenebit
1029 4244 1110 4312 illud,
1126 4248 1156 4299 ct
1177 4242 1228 4298 liet
1242 4242 1314 4298 illud
1329 4245 1363 4297 ut
1387 4239 1539 4312 paululum
1562 4240 1625 4303 stet,
1641 4240 1669 4290 et

817 4335 968 4408 paululum
979 4332 1072 4406 rapiet
1087 4332 1272 4405 splendorem
1282 4345 1396 4402 semper
1410 4327 1511 4383 stantis
1525 4325 1669 4381 eternita-

818 4425 865 4495 tis,
880 4426 908 4479 et
919 4425 1066 4494 comperet
1078 4437 1144 4477 cum
1157 4420 1337 4494 temporibus
1351 4432 1501 4491 nunqnam
1514 4413 1667 4479 stantibus,

820 4512 954 4568 strideat
967 4528 1027 4567 esse
1041 4509 1297 4582 incomparabilem
1309 4528 1317 4575 3
1328 4511 1357 4562 et
1364 4506 1459 4561 videet
1469 4505 1589 4576 longum
1600 4506 1671 4558 tem·

819 4618 884 4674 pus,
899 4600 956 4655 nisi
979 4616 1015 4656 ex
1027 4599 1126 4655 multis
1139 4594 1380 4672 pretereuntibus
1404 4592 1540 4660 motibus,
1564 4590 1615 4665 qui
1629 4591 1671 4645 si-

820 4690 881 4746 mul
894 4688 1008 4746 extendi
1021 4705 1080 4745 non
1095 4691 1224 4761 possunt,
1244 4687 1364 4756 longum
1378 4699 1436 4737 non
1450 4680 1533 4748 lieri;
1548 4697 1605 4735 non
1619 4695 1674 4735 au·

820 4784 880 4835 tem
893 4778 1042 4852 preterire
1056 4777 1216 4850 quidquam
1239 4774 1270 4828 in
1295 4776 1414 4839 eterno,
1428 4770 1479 4825 sed
1494 4774 1588 4825 totum
1611 4784 1673 4824 esse

821 4882 966 4940 presens3
982 4866 1096 4923 nullum
1118 4881 1186 4919 rero
1202 4865 1314 4933 tempus
1328 4862 1421 4914 totum
1445 4874 1505 4913 esse
1526 4872 1672 4930 presens:

822 4961 850 5011 et
863 4957 956 5012 videat
966 4971 1050 5012 omne
1057 4951 1235 5027 preteritum
1244 4946 1408 5022 propellier
1421 4946 1529 5014 futuro,
1545 4950 1573 5001 et
1588 4960 1673 5001 omne

822 5047 953 5103 futurum
967 5062 1001 5101 ex
1014 5043 1160 5116 preterito
1175 5038 1331 5111 consequi;
1348 5042 1377 5093 et
1392 5052 1478 5092 omne
1493 5034 1673 5109 preteritum

823 5154 855 5191 ec
868 5135 998 5190 loturum
1013 5133 1091 5186 abeo
1107 5130 1185 5202 quod
1199 5143 1313 5202 semper
1327 5130 1371 5183 est
1383 5142 1525 5198 presens,
1541 5121 1631 5178 creari
1647 5127 1675 5175 et

824 5221 994 5279 excurreret
1009 5219 1077 5286 Quis
1095 5217 1202 5274 tenebit
1220 5233 1269 5273 cor
1289 5216 1427 5285 hominis,
1443 5219 1475 5269 ut
1499 5216 1565 5281 stet,
1586 5215 1615 5266 et
1634 5209 1677 5263 ri·

824 5313 889 5369 deat
903 5311 1049 5383 quomodo
1065 5311 1142 5362 stans
1156 5306 1244 5363 dictet
1258 5305 1355 5361 futura
1365 5307 1394 5359 et
1407 5299 1555 5376 preterita
1564 5302 1677 5369 tempo-

824 5417 866 5469 ra,
883 5416 936 5455 nec
949 5398 1046 5455 future
1058 5412 1112 5453 nec
1124 5395 1271 5469 preterita
1282 5393 1449 5451 eternitas?
1462 5386 1609 5459 Numquid
1619 5403 1678 5442 ma-

826 5505 879 5545 nns
893 5504 958 5544 mea
970 5487 1046 5544 velet
1059 5487 1124 5555 hoc,
1139 5490 1190 5542 aut
1210 5500 1314 5541 manus
1332 5482 1389 5538 oris
1408 5477 1466 5535 mei
1479 5492 1532 5549 per
1547 5475 1678 5548 loquelas

828 5578 888 5649 agit
900 5580 961 5633 tem
979 5576 1118 5649 grandem
1131 5577 1216 5632 rem‘l
