3884 6112
127 238 194 292 1267
671 231 719 287 DE
740 228 870 286 LIBERO
888 229 1068 309 subluere,
1089 230 1115 286 S¹
1138 227 1331 286 AUGUSTlNl
1829 234 1876 288 lm

125 376 185 417 nun
200 373 331 430 negares.
355 357 449 413 Oculis
475 358 549 411 banc
571 357 663 410 lucem
682 353 823 423 videmus,
851 353 974 408 formas·
1033 355 1101 410 beo.
1115 352 1237 409 ldanim
1252 353 1383 432 superior
1404 351 1575 425 disputatio
1592 348 1878 422 persensissemus

128 465 184 522 que
197 446 418 503 internoscimus
432 459 604 515 corporum;
633 442 720 514 idque
748 446 776 496 et
798 440 975 513 speciosissi-
1028 447 1146 513 tamque
1160 442 1244 497 laetus
1258 457 1388 498 assensus
1403 458 1444 498 es.
1459 440 1602 496 Virtutes
1611 437 1879 511 igiturquibusrectr

128 551 208 592 mum
224 535 309 590 estin
324 539 422 588 nostro
437 547 566 603 corpore,
582 530 658 586 unde
669 531 699 585 in
718 531 833 602 lastigie
848 528 976 602 quodem
1029 530 1144 599 vivitur,
1156 546 1262 601 magna
1275 531 1422 587 bonasunt
1436 545 1445 585 ι
1461 528 1584 601 species
1590 532 1701 584 autem
1713 529 1881 600 quorumlibet

130 625 277 696 dignitatis
299 624 360 678 haec
387 620 517 676 membra
536 620 629 674 locata
648 625 734 688 sunt;
751 619 830 674 etad
854 620 976 673 salutem
1030 633 1193 690 corporum,
1209 618 1268 703 sine
1286 635 1311 689 q·
1327 617 1388 671 ibus
1402 622 1481 674 reete
1496 617 1559 672 riri
1575 620 1692 688 potest,
1706 615 1880 673 minimabou

130 714 276 780 tuendam,
302 712 448 779 multaque
463 709 519 763 alia
541 707 606 763 vitae
626 707 777 763 commoda
800 707 887 762 refert
909 722 978 761 usus
1032 710 1099 761 sunt
1113 719 1120 760 τ
1136 706 1274 778 potentias
1288 723 1353 760 uero
1367 705 1457 762 animi
1468 704 1534 762 sine
1560 704 1773 777 quibusreete
1786 705 1882 762 virinus

131 804 292 859 oculorum:
305 799 393 854 oculis
407 803 504 852 tamen
518 797 649 868 plerique
663 797 801 868 pleraque
816 799 905 867 agunt
919 801 979 849 tur·
1032 794 1403 867 potestmediubonasuut.
1414 794 1585 851 Virtutibus
1599 809 1697 849 nemo
1716 792 1793 848 male
1804 795 1881 850 utitau

131 983 194 1034 turn
206 977 315 1032 bonum
330 974 402 1029 desit
418 974 447 1028 in
467 974 550 1043 lucie,
570 973 593 1028 si
608 973 683 1028 oculi
705 973 815 1028 desint:
841 989 906 1028 cum
929 988 980 1026 au·
1033 973 1095 1028 lum
1110 972 1193 1039 bene,
1208 971 1259 1026 sed
1273 971 1360 1027 etiam
1372 971 1446 1026 male
1461 970 1598 1043 quisque
1616 969 1664 1025 uti
1677 973 1787 1042 potest.
1803 969 1882 1025 Elida

94 1058 98 1063 ⁴
132 1071 191 1121 tem
215 1063 328 1134 adsunt,
343 1063 408 1134 quis
430 1063 483 1117 hos
498 1061 587 1131 dedit,
603 1061 660 1116 nisi
682 1062 826 1117 bonorum
850 1060 982 1115 omnium
1035 1060 1140 1116 virtute
1151 1075 1237 1116 nemo
1248 1061 1322 1116 male
1334 1061 1433 1128 utitur,
1446 1059 1517 1133 qnia
1533 1075 1617 1132 opus
1626 1058 1753 1114 virtutis
1766 1057 1883 1114 estboms

133 1151 254 1223 largitor
280 1152 376 1206 Deus?
401 1150 650 1215 Quemadmodum
666 1166 734 1221 ergo
757 1151 811 1205 ista
828 1149 934 1221 probas
952 1149 984 1203 in
1036 1166 1106 1206 usus
1120 1149 1251 1221 istorum,
1275 1149 1378 1222 quibus
1399 1149 1487 1204 stiam
1502 1165 1567 1204 non
1590 1149 1675 1207 bene
1690 1147 1739 1203 uti
1753 1163 1883 1218 pomanus

135 1255 266 1311 corpore,
279 1243 308 1293 et
328 1254 386 1293 non
406 1238 519 1293 intuens
540 1254 589 1293 eos
611 1238 662 1310 qui
685 1238 758 1292 male
781 1238 827 1292 his
852 1241 983 1304 utuntur,
1039 1236 1884 1303 Nemouutembeneutendomalentitnr.Quareabundautia

135 1329 235 1384 laudas
253 1327 336 1382 illum
351 1326 401 1399 qui
416 1327 476 1381 hec
491 1326 569 1381 dedit
580 1326 675 1380 bone:
691 1326 731 1381 sic
746 1325 866 1380 liberam
881 1326 985 1380 volun·
1039 1327 1621 1400 etmagnitndobonitatislleinonsolum
1631 1325 1884 1398 magna,sedetiaa

136 1421 224 1472 tutem
239 1415 300 1470 sine
316 1432 373 1487 qua
388 1430 472 1469 nemo
489 1418 585 1486 potest
600 1418 674 1469 recto
701 1413 805 1483 uvore,
826 1419 940 1486 oportet
958 1417 987 1469 et
1039 1416 1134 1472 medis
1148 1421 1177 1471 et
1190 1416 1310 1472 minima
1321 1417 1397 1472 bona
1411 1431 1472 1471 esse
1486 1415 1642 1488 praestitit.
1662 1416 1762 1486 Magis
1776 1414 1885 1470 laudanti

137 1505 257 1572 bonum,
273 1508 302 1558 et
315 1503 450 1558 divinitus
463 1503 573 1570 datum,
589 1507 616 1556 et
628 1502 725 1574 potius
740 1519 788 1557 eos
809 1503 987 1558 damnandos
1041 1510 1084 1561 est
1096 1506 1208 1562 bonitas
1219 1505 1282 1577 ejus
1295 1504 1325 1560 in
1339 1504 1452 1576 magnis
1477 1520 1572 1576 qnam
1592 1505 1627 1560 in
1643 1503 1772 1572 mediis,
1784 1507 1813 1558 et
1823 1502 1884 1574 magi

140 1593 191 1665 qni
205 1593 259 1647 hoc
279 1592 354 1647 bono
376 1592 451 1647 male
466 1596 596 1660 utuntur,
616 1607 703 1663 quam
718 1608 784 1646 eum
800 1592 850 1665 qni
877 1590 989 1647 dederit
1041 1594 1072 1649 in
1085 1593 1189 1649 mediis
1204 1608 1291 1666 quam
1305 1592 1336 1648 in
1346 1593 1475 1649 minimis
1488 1593 1594 1649 bonis:
1608 1593 1666 1649 sed
1679 1592 1781 1666 magis
1790 1591 1886 1647 incnn

141 1683 209 1737 dare
226 1698 282 1735 non
297 1681 429 1736 debuisse
445 1680 569 1735 fatearis.
1042 1683 1094 1738 bus
1107 1698 1194 1755 quam
1207 1683 1231 1737 si
1246 1698 1303 1738 non
1320 1681 1417 1737 omnis
1431 1682 1598 1738 tribuisset.

176 1772 220 1825 tu.
236 1772 270 1825 Ε.
287 1769 368 1824 Prius
382 1785 449 1841 ergo
471 1770 574 1824 vellem
589 1773 621 1824 ut
636 1768 706 1824 mibi
720 1769 856 1841 probares
872 1768 988 1840 aliquod
1079 1768 1126 1820 51.
1145 1764 1182 1819 E.
1196 1764 1355 1820 Assentior.
1370 1764 1424 1820 Sed
1434 1764 1506 1819 illud
1521 1780 1574 1819 me
1589 1769 1715 1835 movet,
1731 1762 1886 1838 quoniandr

141 1858 322 1913 bonumesse
341 1858 462 1913 Uberum
481 1858 669 1926 voluntatem,
686 1860 715 1913 et
730 1874 784 1930 ego
802 1858 989 1913 concederem
1044 1853 1133 1908 libera
1155 1854 1300 1908 voluntate
1315 1853 1434 1925 questio
1447 1858 1499 1921 est,
1528 1857 1562 1908 et
1578 1854 1728 1910 videmus
1742 1853 1887 1927 ipsambcm

143 1945 326 2001 Deumillum
342 1946 452 2001 dedisse
467 1946 559 2014 nobis,
581 1946 651 2018 quia
669 1946 806 2000 latenrer
822 1947 878 2000 Deo
893 1945 991 2000 omnia
1043 1942 1086 1998 uti
1104 1942 1271 1998 ceterisvel
1287 1957 1344 1998 non
1359 1943 1442 2010 bene,
1459 1943 1617 2015 quomodo
1650 1949 1686 2000 et
1704 1946 1771 2016 ipsa
1784 1943 1888 2000 interita

142 2036 218 2090 bona
228 2050 300 2090 esse.
316 2035 352 2090 Α.
368 2035 447 2089 Itane
458 2035 573 2089 tandem
585 2049 644 2088 nou
655 2033 771 2106 probavi
783 2033 836 2088 tibi
846 2038 924 2088 tanto
932 2049 991 2088 mo-
1044 2031 1148 2104 quibus
1158 2030 1452 2087 utimurnumeranda
1461 2032 1555 2088 sita.
1569 2032 1741 2098 Quomodo
1753 2034 1887 2107 omniaque

141 2123 241 2177 limine
256 2123 411 2195 superioris
424 2122 634 2194 disputationis,
655 2139 720 2178 cum
735 2138 852 2177 omnem
867 2124 991 2195 speciem
1046 2121 1079 2175 ed
1103 2120 1253 2175 scientiam
1273 2119 1481 2192 cognoscimus,
1496 2120 1619 2177 ratione
1643 2123 1855 2194 cognoscimus,
1872 2127 1890 2175 cl

142 2210 324 2283 formamque
338 2211 465 2282 corporis
480 2229 496 2265 a
510 2211 874 2267 summaomuiumrerum
888 2212 991 2278 lorma,
1045 2213 1143 2264 tamen
1164 2209 1251 2264 etiarn
1279 2210 1341 2280 ipsa
1367 2208 1440 2263 ratio
1466 2209 1517 2264 illa
1546 2217 1741 2267 numeratur
1778 2228 1836 2285 que
1861 2227 1890 2265 n·

143 2298 173 2352 id
194 2303 237 2354 est
259 2299 417 2368 averitate,
433 2299 586 2354 subsistere
607 2300 747 2370 fatereris,
763 2304 791 2355 et
807 2301 914 2356 bouum
931 2316 992 2355 esse
1046 2298 1123 2353 bone
1137 2297 1344 2370 cognoscimus.
1358 2298 1403 2353 An
1419 2297 1525 2353 oblitus
1546 2315 1592 2368 es,
1614 2316 1691 2355 cum
1726 2316 1892 2373 quaereremus

145 2387 336 2442 concederes?
351 2389 421 2442 Nam
436 2392 464 2442 et
476 2388 593 2459 capillos
607 2393 720 2443 nostros
740 2393 905 2444 numeratos
920 2405 990 2458 esse,
1046 2403 1111 2458 qum
1123 2388 1235 2441 ratione
1248 2391 1465 2457 cognoscuntur,
1482 2387 1664 2444 confessum
1685 2393 1717 2443 te
1733 2390 1820 2445 luisse
1832 2389 1892 2443 etin

146 2471 253 2542 ipsein
268 2474 420 2545 Evangelio
440 2475 567 2547 loquitur
580 2476 688 2531 Veritas
704 2477 813 2546 (Mettis.
828 2495 856 2545 x,
880 2477 935 2549 30).
953 2479 992 2532 lle
1046 2476 1188 2530 rationem
1198 2475 1309 2548 ratione
1318 2474 1467 2546 cognosci?
1479 2474 1544 2530 Noli
1555 2491 1634 2548 ergo
1652 2478 1764 2533 mirari
1778 2477 1801 2532 si
1813 2477 1893 2532 celeus

146 2561 260 2615 numeri
273 2566 369 2617 autem
386 2563 560 2631 summitate,
579 2568 607 2619 et
628 2565 715 2619 atine
739 2581 829 2638 usque
849 2565 885 2620 ad
904 2566 992 2621 linem
1046 2580 1098 2636 per
1111 2563 1230 2620 liberam
1244 2563 1421 2618 uoluntatem
1434 2563 1560 2634 utimur,
1578 2566 1678 2620 etium
1695 2566 1765 2638 ipsa
1776 2567 1895 2622 bbenro

145 2651 331 2721 pertendente
340 2651 478 2721 potentia,
487 2668 552 2723 quse
563 2653 993 2724 loeutitusrimus,excidittibit
1045 2654 1155 2708 luntate
1169 2668 1292 2724 peream
1306 2651 1397 2724 ipsam
1412 2652 1455 2707 uti
1467 2669 1644 2724 nosposse;
1655 2660 1693 2710 nt
1706 2654 1895 2729 quodammodo

146 2738 215 2803 Quae
228 2739 317 2810 igitur
329 2739 383 2795 ista
397 2745 440 2795 est
458 2744 538 2795 tanta
552 2743 731 2813 perversitas,
747 2744 864 2816 capillos
879 2748 992 2800 nostros
1046 2741 1150 2812 seipse
1173 2745 1271 2796 utatur
1284 2741 1414 2796 uoluntas
1434 2756 1500 2813 quos
1520 2742 1623 2798 utitur
1639 2745 1775 2811 caeteris,
1791 2744 1896 2799 sienis·

145 2827 274 2899 quamvis
287 2828 361 2882 inter
376 2829 479 2900 exigua
494 2834 523 2883 et
538 2830 657 2885 omnino
680 2831 880 2904 abjectissima,
894 2837 992 2889 tamen
1044 2831 1138 2901 ipsam
1153 2828 1297 2900 cognoscit
1311 2829 1392 2897 ratio,
1409 2844 1474 2901 quae
1489 2831 1651 2902 cognoscit
1673 2838 1706 2888 et
1721 2838 1833 2889 catera
1846 2833 1896 2887 Nau

143 2915 219 2970 inter
232 2916 308 2971 bona
322 2933 485 2987 numerare,
508 2934 561 2973 nec
588 2918 717 2975 invenire
743 2920 797 2975 cui
812 2921 923 2976 auctori
940 2921 993 2976 tri·
1046 2924 1074 2974 et
1086 2919 1227 2974 memoria
1242 2935 1299 2974 non
1315 2919 1408 2973 solum
1423 2923 1528 2974 caetera
1548 2921 1674 2989 omnia,
1700 2939 1771 2995 quae
1792 2920 1897 2978 memini·

143 3003 269 3059 leuantur
281 3004 489 3060 nisibouorum
504 3006 634 3061 omnium
649 3009 789 3064 conditori
805 3009 874 3076 Deo,
886 2993 992 3082 quinat
1045 3023 1110 3062 mus
1124 3007 1340 3078 comprehendit
1351 3023 1358 3074 ;
1370 3006 1513 3062 sedetiam
1527 3009 1615 3080 quud
1635 3026 1706 3066 non
1723 3010 1894 3067 obliuiscimur

144 3091 269 3146 maxima
282 3097 310 3146 et
324 3092 444 3147 minima
455 3094 532 3148 bona
546 3094 579 3149 ab
594 3095 644 3150 illo
659 3101 735 3164 sunt,
747 3113 764 3151 a
776 3113 833 3168 quo
849 3103 891 3153 est
906 3113 992 3154 omne
1045 3112 1098 3150 nos
1112 3096 1216 3151 hebere
1227 3095 1407 3165 memoriam,
1418 3095 1519 3168 ipsese
1533 3100 1694 3154 memoria
1705 3097 1896 3173 quodammodo
1932 3098 1934 3163 ἶ

143 3179 271 3248 bonum3
287 3185 315 3234 et
338 3180 468 3235 dubitare
497 3179 643 3238 delibera
669 3185 827 3254 voluntate,
850 3187 911 3240 sine
935 3202 992 3258 qna
1045 3184 1167 3239 lenetin
1184 3184 1274 3253 nobis,
1291 3201 1355 3257 quse
1372 3201 1430 3239 non
1446 3186 1541 3240 solum
1572 3187 1727 3260 aliorum,
1758 3189 1808 3246 sed
1832 3188 1895 3243 etiau

144 3271 219 3321 recte
234 3267 291 3321 vivi
305 3283 362 3321 nen
388 3285 470 3339 posse
494 3271 663 3339 concedunt,
688 3273 775 3326 etiam
794 3273 845 3345 qui
868 3274 991 3345 pessime
1045 3273 1090 3328 sui
1104 3273 1244 3341 meminit,
1262 3274 1305 3328 vel
1323 3273 1418 3345 potins
1437 3289 1489 3330 nos
1515 3277 1544 3330 et
1560 3280 1680 3333 caetera
1696 3285 1729 3335 et
1753 3279 1842 3352 ipsam
1860 3290 1896 3349 pu

143 3354 241 3409 vivunt
250 3357 265 3409 ‘l
275 3357 308 3409 Et
319 3360 393 3410 certe
408 3372 486 3412 nunc
500 3359 650 3430 responde,
667 3375 775 3431 quaeso,
791 3362 861 3433 quid
873 3362 991 3418 tibime·
1044 3362 1137 3435 ipsam
1148 3362 1341 3419 meminimus.

143 3443 200 3499 lius
210 3460 270 3499 esse
284 3445 414 3501 videatur
427 3445 455 3501 in
470 3446 564 3515 nobis,
575 3447 636 3504 sine
657 3465 714 3520 quo
728 3456 804 3505 recte
816 3451 872 3506 vivi
886 3457 990 3523 potest,
1081 3454 1124 3506 52.
1140 3451 1274 3506 Voluntas
1285 3467 1352 3523 ergo
1367 3467 1432 3523 quae
1452 3443 1585 3508 medium
1596 3453 1724 3511 bonum
1736 3461 1789 3523 est,
1805 3455 1897 3512 cunin

144 3547 182 3587 aa
196 3533 256 3588 siue
271 3546 328 3605 quo
347 3539 422 3590 recte
436 3534 492 3589 riui
514 3552 573 3591 non
587 3540 689 3607 potest.
706 3541 739 3594 E.
757 3539 880 3611 Jamjam
894 3556 989 3612 parce,
1044 3539 1135 3595 haeret
1147 3539 1375 3596 incommutabili
1388 3540 1475 3612 bono,
1489 3540 1578 3612 eique
1593 3547 1764 3601 communi
1782 3559 1896 3616 nou-pro

144 3637 240 3693 queso
253 3643 261 3689 ;
274 3623 363 3693 pudet
377 3623 519 3680 cecitatis.
545 3624 613 3690 Quis
628 3625 706 3680 enim
722 3627 849 3699 ambigat
861 3628 891 3683 id
906 3630 991 3701 longe
1044 3628 1117 3700 prio,
1135 3628 1216 3684 sicuti
1234 3633 1277 3684 cst
1296 3629 1346 3685 illa
1365 3629 1401 3685 de
1416 3645 1474 3701 qua
1488 3629 1620 3686 multum
1644 3633 1749 3689 locuti
1764 3637 1896 3701 sumus,et

144 3725 205 3764 esse
218 3711 410 3780 prestantius,
421 3711 482 3765 sine
495 3728 552 3784 quo
565 3718 640 3768 recta
650 3713 706 3768 vita
719 3716 798 3770 nulls
809 3717 915 3772 estid.
928 3718 991 3772 lam
1044 3717 1116 3772 nihil
1132 3717 1219 3788 digne
1234 3717 1367 3785 diximus,
1383 3717 1502 3786 veritam
1518 3721 1602 3774 tenet
1616 3720 1721 3777 homo
1739 3723 1851 3779 beatam
1866 3720 1896 3774 ri-

143 3811 212 3867 ergo
227 3801 257 3851 tu
267 3797 383 3868 negabis
397 3799 507 3853 luscum
522 3800 670 3855 bominem
683 3807 759 3857 recte
776 3819 859 3875 posse
873 3804 991 3860 virere?
1043 3808 1120 3862 tam:
1137 3821 1227 3877 eaque
1242 3805 1303 3877 ipsa
1315 3805 1373 3860 uita
1387 3805 1481 3875 beuta,
1496 3805 1526 3860 id
1547 3810 1594 3860 est
1615 3809 1720 3865 animi
1740 3811 1849 3866 allectio
1863 3808 1896 3863 in·

144 3886 179 3940 F..
194 3884 275 3952 Absit
288 3889 346 3938 tarn
361 3885 494 3940 immanis
506 3888 639 3942 amentia.
655 3889 689 3943 Α.
707 3889 779 3945 Cum
791 3907 860 3962 ergo
881 3893 911 3946 in
928 3909 990 3947 cor·
1044 3893 1179 3948 haerentis
1193 3893 1420 3949 incommutabili
1433 3894 1521 3963 bono,
1547 3898 1717 3968 proprium
1737 3906 1768 3956 et
1793 3901 1897 3973 primun

142 3985 213 4041 pore
243 3972 357 4025 oculum
379 3974 516 4028 concedas
540 3991 600 4028 esse
625 3975 743 4047 aliquod
780 3978 900 4050 bonurn,
932 3997 990 4052 quo
1044 3982 1356 4038 esthominisbonum.
1374 3984 1447 4039 lneo
1463 3984 1641 4041 suntetiam
1658 3988 1897 4051 virtutesomnes

145 4058 249 4113 emisso
261 4063 358 4114 tamen
371 4060 406 4115 ad
418 4065 494 4116 recte
513 4062 665 4118 vivendum
680 4081 737 4120 uon
750 4065 923 4138 impeditum
942 4085 990 4125 vo·
1043 4071 1148 4144 quibus
1163 4072 1237 4126 male
1250 4071 1292 4126 uti
1305 4087 1389 4127 nemo
1403 4059 1504 4143 potest.
1521 4073 1597 4128 Nam
1607 4074 1679 4131 haeu
1705 4080 1841 4151 quamvis
1852 4093 1897 4132 ma·

143 4146 404 4204 luntasliberatibi
423 4148 691 4207 videbiturnullum
705 4153 823 4223 bonum,
849 4154 910 4210 sine
934 4173 991 4229 qua
1043 4176 1100 4231 gna
1114 4160 1144 4216 in
1170 4160 1288 4215 homine
1311 4164 1340 4214 et
1365 4160 1459 4232 prima
1485 4161 1552 4228 sint,
1582 4166 1714 4235 propria
1740 4172 1898 4223 minonem

141 4239 218 4290 recte
232 4252 318 4291 nemo
332 4236 426 4292 vivit?
545 4292 548 4294 ,
1044 4241 1264 4313 uniuscujusque
1279 4239 1413 4309 hominis,
1436 4256 1492 4295 non
1512 4246 1703 4316 communia,
1721 4248 1795 4302 satis
1811 4245 1899 4302 intelli·

179 4326 223 4380 50.
239 4325 362 4380 Intueris
374 4326 451 4381 enim
463 4327 615 4398 justitiam,
631 4346 687 4401 qua
699 4347 785 4387 nemo
804 4333 880 4387 mals
892 4333 990 4389 utitur:
1042 4329 1130 4401 gitur.
1145 4329 1266 4385 veritate
1281 4329 1358 4385 enim
1373 4333 1459 4402 atque
1474 4329 1628 4400 sepientis,
1654 4349 1729 4405 qnae
1751 4333 1900 4391 communis

143 4413 208 4467 Haec
222 4412 297 4467 inter
309 4429 421 4470 summa
435 4415 510 4470 bonu
524 4433 589 4489 quae
599 4417 629 4472 in
643 4418 707 4489 ipso
722 4424 788 4475 sunt
801 4421 919 4476 homins
934 4437 990 4476 nu·
1043 4422 1085 4473 est
1111 4418 1254 4484 omnibus,
1281 4433 1380 4472 ⁰¹1¹¹¹⁰⁸
1400 4416 1542 4488 ⁵³Pi⁰¹¹l0³
1562 4422 1592 4473 ⁰²
1604 4419 1693 4476 bem
1712 4423 1804 4491 filfflls
1823 4423 1900 4478 5⁰¹²&

141 4507 279 4568 meretur,
302 4519 459 4576 omnesque
471 4505 590 4560 virtutes
604 4507 694 4563 animi
708 4508 812 4580 quibus
831 4509 893 4581 ipsa
913 4514 991 4564 recta
1042 4506 1132 4562 rende
1147 4507 1198 4561 illi.
1213 4507 1391 4563 beatitudine
1406 4510 1502 4562 autem
1513 4507 1632 4564 alterius
1648 4510 1791 4568 hominis
1805 4511 1901 4569 nonu

141 4589 200 4644 rita
214 4594 242 4645 et
255 4591 377 4648 honesta
387 4597 505 4648 constat.
518 4595 589 4649 Num
603 4610 698 4667 neque
720 4597 881 4667 prudentie,
896 4613 989 4670 neque
1042 4596 1113 4650 aiter
1126 4595 1225 4651 beatus
1239 4611 1246 4663 ;
1262 4595 1330 4667 quia
1346 4599 1454 4651 etcum
1477 4612 1544 4650 eum
1557 4595 1700 4655 imitatur
1717 4608 1751 4656 nt
1776 4604 1826 4670 sit,
1847 4601 1900 4656 inde

142 4677 318 4748 fortitudine,
333 4695 426 4752 neque
440 4683 630 4753 temperantia
644 4683 717 4738 mals
743 4683 807 4755 quis
834 4684 942 4739 utitur:
958 4685 989 4740 in
1042 4685 1152 4756 appetit
1166 4685 1267 4740 beatus
1281 4683 1344 4741 lieri
1359 4684 1434 4740 undo
1448 4683 1531 4739 illum
1545 4685 1658 4742 lactum
1680 4690 1779 4761 videt,
1795 4692 1845 4747 illa
1858 4690 1900 4744 sci-

141 4765 186 4820 bis
201 4765 278 4819 enim
289 4768 433 4839 omnibus,
449 4770 523 4825 sicut
544 4771 648 4844 inipso
659 4771 745 4827 etiem
759 4788 844 4844 mam
865 4777 898 4827 tu
911 4789 987 4828 com·
1042 4773 1107 4828 licet
1130 4773 1359 4830 incommutabili
1386 4773 1592 4846 communique
1629 4778 1778 4836 veritate.
1813 4781 1899 4850 Neque

141 4853 307 4908 memorasti
314 4854 434 4924 iustitia,
449 4861 526 4912 reela
535 4860 608 4913 ratio
623 4859 711 4932 viget,
726 4860 787 4915 sine
800 4876 858 4932 qua
869 4860 988 4917 virtutes
1041 4861 1194 4933 prudentia
1204 4862 1372 4935 cujusquam
1386 4861 1420 4916 fit
1435 4860 1560 4933 prudens
1575 4862 1665 4931 alius,
1683 4872 1737 4923 aut
1753 4868 1840 4923 fortis
1853 4868 1900 4921 lor·

141 4957 203 4997 esse
216 4957 275 4996 non
297 4947 426 5011 possunt.
445 4945 528 5000 Recta
539 4950 633 5001 autern
646 4947 755 5002 ratione
765 4947 889 5003 malenti
902 4965 988 5005 nemo
1041 4949 1175 5017 titudine,
1184 4954 1233 5005 aut
1246 4951 1787 5026 temperanstemperentia,autjustus
1795 4955 1898 5029 justitia

140 5034 245 5101 potest.
1040 5038 1166 5093 hominis
1180 5038 1298 5094 alterius
1319 5038 1471 5110 quisquam
1489 5039 1632 5108 allicitur3
1662 5044 1718 5099 sed
1743 5044 1899 5117 coaptando

141 5118 255 5175 CAPUT
277 5119 342 5175 xlx.
368 5149 403 5160 -
424 5122 498 5176 Bono
522 5138 632 5193 mopso,
657 5127 784 5196 minimo,
801 5126 939 5183 etmediu.
955 5130 989 5184 lo
1041 5127 1168 5182 animum
1184 5126 1227 5181 illi
1241 5127 1523 5183 incommutabilibus
1543 5130 1655 5200 regulis
1682 5132 1898 5205 luminibusque

377 5209 473 5265 mediis
487 5216 607 5266 censetur
627 5213 747 5270 libertos.
1039 5215 1265 5288 virtutumque
1280 5215 1537 5287 incorruptibiliter
1550 5216 1653 5275 vivunt
1663 5220 1697 5276 in
1710 5221 1777 5294 ipsa
1787 5224 1897 5277 scutale

176 5296 232 5351 ista
246 5313 314 5370 ergo
324 5297 514 5369 magnebone
523 5304 590 5354 sunt
603 5316 610 5354 :
622 5300 669 5355 sed
684 5301 849 5358 meminisse
859 5308 887 5359 te
902 5319 987 5376 opor·
1041 5303 1237 5377 sapientiaque
1252 5303 1407 5369 communi,
1424 5304 1529 5376 quibus
1544 5314 1571 5362 et
1582 5306 1631 5363 ille
1641 5312 1794 5382 coaptavit
1805 5316 1834 5366 st
1843 5309 1897 5365 nm

140 5388 191 5454 tet,
205 5402 262 5441 nnn
277 5387 370 5443 solum
385 5403 500 5460 magne,
516 5389 565 5443 sed
585 5388 672 5444 etiam
695 5390 815 5446 minima
829 5392 904 5447 bona
929 5409 987 5450 non
1042 5395 1181 5461 animum,
1198 5410 1284 5465 quem
1295 5393 1356 5448 istis
1370 5392 1525 5450 virtutibus
1538 5397 1699 5469 praeditnm
1713 5400 1773 5455 sibi
1787 5401 1823 5455 ad
1837 5398 1894 5454 imi·

140 5487 201 5528 esse
215 5489 309 5547 posse,
320 5475 375 5530 nisi
387 5476 422 5531 ab
435 5477 485 5531 illo
500 5481 658 5547 aquosunt
672 5478 769 5533 omnia
783 5478 869 5544 bona,
883 5480 936 5535 hoe
945 5486 988 5537 est
1039 5482 1159 5537 tandum
1175 5483 1333 5555 proposuit.
