3884 6112
156 288 207 338 sss
303 268 309 275 '
573 309 576 315 ,
765 275 849 330 urs
869 274 896 329 s.
919 269 1110 331 ,trunsum
1137 267 1304 324 aristaei.
1862 267 1906 318 ssa

156 408 211 463 luit
231 406 332 476 (Epist.
349 408 413 468 aia,
427 420 455 459 n.
471 404 506 470 t).
524 403 612 456 Porro
632 398 765 470 conjugio
781 397 847 452 hnic
870 396 939 450 illud
954 396 1002 449 de·

156 496 266 551 decoris
281 493 439 554 accedebat,
451 490 538 562 qnod,
549 487 662 542 tametsi
675 502 748 540 uxor
757 486 818 555 ejus
833 483 1003 539 catholicam

157 586 243 640 sidem
255 580 542 653 amplexadiceretur,
552 582 650 631 tamen
660 576 689 627 iu
701 573 789 644 ipsius
800 574 884 627 domo
893 577 1002 625 tantam

155 673 209 727 sibi
232 671 429 726 auctoritatem
459 668 660 736 arrogaverunt
684 662 793 728 Ariani,
818 666 850 716 ut
876 661 1003 731 ejusdem

154 762 254 826 liliam,
271 776 303 812 ex
325 759 380 812 hoc
395 757 465 810 torte
486 752 667 807 matrimonio
690 755 796 815 natam,
812 749 992 821 baptizarent

156 852 246 905 Unam
269 846 396 918 quidem,
419 847 450 897 ut
473 841 604 913 superius
635 841 824 905 observatam,
848 855 882 892 ex
907 838 1004 909 priore

142 937 275 1005 .conjuge
295 935 407 996 tulerat,
428 947 514 1003 quam
532 927 633 1000 nuptui
658 928 815 983 tradiderat
838 926 1004 981 Sebastiano

154 1024 252 1078 couniti
270 1039 276 1076 :
292 1037 392 1077 rerum
411 1036 475 1074 cum
497 1019 544 1072 illc
565 1034 660 1071 comes
684 1016 751 1071 lidci
766 1015 912 1069 catholicae
931 1018 1006 1068 esset

154 1113 292 1176 addictus,
303 1125 422 1164 uxorem
436 1124 501 1162 eum
517 1106 630 1160 duxisse
641 1104 786 1164 Arionem,
796 1102 931 1157 credibile
945 1119 1004 1156 nou

154 1201 274 1254 virletnr.
287 1197 457 1263 Quinetiam
473 1195 589 1248 ancilias
605 1194 662 1246 Deo
677 1193 782 1246 dicatas
798 1191 832 1245 de
848 1191 933 1245 domo
954 1192 1004 1244 Bn-

155 1288 250 1343 uilacii
279 1286 409 1340 ferebant
442 1284 477 1337 ab
503 1283 610 1337 eisdem
638 1280 779 1335 haereticis
804 1278 1003 1349 rebaptizatae.

155 1378 238 1431 lllum
253 1376 368 1446 quoque
381 1388 470 1426 uxore
485 1370 614 1440 legitima
626 1387 683 1423 uon
698 1372 875 1435 contentum,
889 1367 1005 1438 pellices

155 1465 241 1517 eliam
262 1462 341 1516 domi
360 1462 435 1514 alere
455 1459 580 1528 jactabat
594 1473 702 1511 rumor.
717 1460 751 1511 Al
772 1472 848 1519 tero,
865 1455 889 1509 si
903 1456 1003 1525 conju-

155 1553 234 1622 gium
250 1551 303 1604 hoc
318 1548 456 1602 scelerum
473 1546 614 1615 scaturigo
626 1544 741 1610 exstitit,
758 1544 828 1598 illud
841 1543 925 1597 etiam
938 1542 1005 1595 insi·

154 1641 254 1713 guium
276 1637 470 1692 calamitatum
495 1635 646 1688 iuuumora
666 1636 817 1686 consecuta
841 1637 884 1686 est
904 1630 1003 1685 mulli·

156 1729 224 1783 tudo
238 1727 356 1798 :quibus
367 1723 575 1778 calamitatibus
585 1737 699 1775 causam
709 1720 832 1790 ipsemet
844 1719 1003 1774 bonifacius

155 1816 260 1887 partim
275 1813 429 1885 praebuisse
444 1811 548 1866 dicitur
563 1810 654 1881 (liid,
672 1826 699 1863 a.
719 1811 757 1879 5).

190 1909 214 1958 ¹2.
232 1901 373 1959 Memoriae
391 1900 485 1972 prodit
501 1901 629 1970 Prosper,
645 1897 754 1952 bellum
773 1896 800 1950 ei
814 1895 929 1968 publico
949 1911 1003 1949 uo·

154 1992 232 2046 mine
252 1990 392 2045 indictum
410 1987 509 2052 inisse,
526 1987 600 2057 quod
622 1986 715 2039 redire
734 1985 764 2038 in
784 1984 895 2038 ltaliam
907 1985 1004 2053 jussus

155 2098 211 2135 nou
235 2079 376 2152 paruisset
389 2077 525 2145 (Prosper,
547 2077 575 2127 in
591 2075 741 2138 Chronico).
763 2073 832 2126 llam
852 2072 938 2143 paulo
959 2071 1004 2124 la-

154 2168 210 2222 tius
225 2171 322 2220 narrat
331 2163 497 2233 Procopius.
512 2161 639 2232 Atquicx
650 2160 809 2228 Augustino
822 2159 1002 2228 intelligitur,

156 2253 332 2307 Bnnilueium
350 2250 419 2306 belli
437 2264 552 2303 calisam
572 2247 686 2301 solitum
701 2249 818 2316 rejicere
834 2247 863 2302 in
878 2263 934 2311 eos,
955 2247 1003 2317 qui

155 2341 197 2396 illi
209 2341 316 2412 optime
330 2339 365 2393 de
379 2337 525 2407 republica
536 2335 637 2390 merito
653 2337 756 2390 malam
768 2336 890 2406 gratiam
905 2339 1005 2390 etcon·

155 2429 242 2483 traria
265 2426 453 2482 reddidissent
467 2427 566 2496 (Epist.
592 2425 655 2490 220,
675 2440 702 2477 n.
724 2425 764 2492 Sl:
788 2429 873 2494 atque
897 2424 926 2478 in
951 2425 1004 2478 hoc

155 2517 253 2584 ctiam,
267 2517 342 2588 quod
354 2515 429 2569 huna
445 2513 540 2567 saculi
551 2513 648 2583 hujus,
659 2528 724 2583 quae
739 2512 877 2566 nimirum
888 2513 931 2567 rel
945 2529 1003 2583 spe-

155 2607 244 2673 rabat,
265 2606 307 2659 rel
331 2603 504 2675 possidebat,
520 2601 574 2655 sibi
597 2607 700 2671 negata
719 2605 768 2654 aut
789 2601 850 2655 aliis
874 2601 1002 2671 delegata

154 2696 263 2752 doleret
279 2693 373 2763 (ibid,
388 2708 416 2746 n.
433 2692 467 2759 5).
485 2690 565 2745 Venit
582 2691 741 2760 llippouem
757 2705 790 2743 eo
807 2695 934 2761 tempore
950 2690 1001 2743 Βο-

153 2783 273 2840 niiacius
285 2799 291 2836 :
303 2786 332 2835 at
341 2785 471 2834 sanctum
482 2779 646 2833 antistitem
661 2795 721 2848 prae
736 2779 863 2848 corporis
877 2779 1002 2833 imbecil-

153 2874 231 2928 litate
246 2871 290 2925 rix
303 2871 470 2940 loquentem
484 2867 605 2938 reperit:
618 2871 703 2938 atque
718 2867 768 2932 ita,
782 2884 846 2939 qun
861 2868 896 2922 ad
912 2867 1002 2939 ipsius

153 2962 273 3015 salutem
290 2956 447 3012 necessaria
462 2961 553 3021 crant,
570 2955 668 3010 audire
691 2956 726 3010 ab
749 2955 797 3010 illo
819 2971 1001 3028 nequaquam

153 3048 245 3118 poluit
259 3046 352 3116 (lita,
369 3061 397 3098 n.
413 3045 449 3110 ἓ).
467 3044 587 3107 Bellum,
605 3044 680 3114 quod
697 3045 744 3097 ille
758 3044 891 3098 adversus
910 3044 1002 3114 impc-

153 3134 229 3188 rium
241 3133 384 3197 sustinuit,
400 3148 473 3185 nova
487 3131 571 3201 culpa
584 3131 647 3196 tuit,
660 3136 689 3185 et
700 3132 822 3185 aliarum
834 3147 908 3201 poue
922 3132 1003 3185 iunu-

153 3237 297 3275 merarum
320 3220 384 3273 fons
410 3224 495 3289 atque
522 3219 613 3288 origo.
639 3219 707 3284 Quis
730 3235 783 3273 non
803 3221 904 3280 rideat,
930 3219 1003 3288 qaod

152 3310 232 3364 matti
245 3309 362 3362 homines
377 3307 428 3361 titi
442 3307 591 3360 cohereant
609 3306 646 3359 ad
666 3307 794 3360 tuendam
816 3311 889 3361 taam
906 3313 1000 3377 poteri-

152 3400 219 3452 tiam
230 3398 272 3452 ael
286 3397 410 3464 salutem,
423 3396 472 3464 qui
485 3397 593 3448 etiamsi
608 3395 659 3448 titi
672 3409 760 3448 omnes
772 3395 862 3464 fideles
876 3399 941 3462 sint,
954 3412 1001 3450 nec

151 3487 186 3540 ni
208 3487 300 3554 aliquo
322 3500 412 3539 eoram
433 3484 494 3537 ulla
509 3484 655 3537 timeantur
673 3483 790 3548 insidia,
805 3499 899 3553 nempe
914 3489 1001 3538 tantm

151 3575 188 3630 ad
202 3591 233 3629 ca
252 3575 320 3630 torta
340 3588 399 3643 qna
419 3574 474 3641 ipsi
487 3587 592 3640 ortoque
610 3587 663 3626 nori
685 3571 831 3626 secandam
845 3575 937 3636 linem,
954 3572 1001 3626 scd

150 3663 296 3718 secandam
311 3662 437 3716 seratam
459 3660 588 3728 diligunt,
605 3676 656 3729 per
670 3667 695 3715 tc
715 3662 827 3730 cupiant
840 3664 999 3730 peruenire:

151 3767 182 3805 ac
194 3767 244 3820 per
263 3751 310 3804 troc
328 3752 375 3817 arii
391 3750 530 3814 refrenare
546 3753 571 3802 et
585 3763 746 3817 compescere
761 3749 879 3805 deictisti
891 3751 999 3821 cupidi-

151 3842 219 3892 tates
244 3842 314 3903 tuas,
331 3836 437 3904 capiere
460 3837 561 3902 caperis
584 3836 710 3890 atinias?
724 3835 801 3901 Quod
818 3840 877 3904 fiat,
898 3854 1000 3892 eiecisse

151 3931 190 3979 est
208 3924 294 3978 matta
313 3938 372 3991 aaa
390 3925 443 3977 Deo
461 3921 616 3990 displicent,
630 3925 709 3991 (tant.
725 3924 777 3979 Nec
792 3927 831 3976 sio
846 3927 935 3978 tameo
949 3942 998 3978 ra-

149 4013 259 4082 ptentur
272 4012 338 4065 tales
352 4010 535 4079 cupiditates;
550 4025 614 4064 iram
627 4012 740 4075 (acilius
752 4017 907 4066 resecantur
920 4015 950 4067 in
962 4017 999 4069 eis

150 4104 200 4170 qai
212 4104 295 4156 mum
309 4100 439 4169 dilipnnt,
455 4113 536 4167 quom
555 4101 584 4152 in
603 4100 641 4153 eis
654 4101 703 4168 qai
723 4099 853 4153 mendino
868 4101 997 4168 dilinitur,

149 4189 299 4260 aliquando
313 4191 461 4243 satiantur.
485 4187 566 4243 Vides
582 4192 637 4242 tam
657 4189 743 4242 multa
757 4191 884 4256 contrita,
901 4195 930 4245 at
938 4192 998 4259 jeraa

148 4279 201 4332 uite
216 4277 335 4348 aliquid,
349 4275 421 4345 quod
432 4277 571 4345 rapiatur,
583 4278 632 4330 oia
647 4278 803 4331 inueniatur
813 4276 906 4347 (idid,
920 4294 947 4333 n.
962 4281 996 4342 6).

148 4367 191 4422 Ad
210 4367 281 4433 haee,
296 4381 361 4421 cum
383 4365 543 4419 Bouiiacius
567 4364 701 4418 inarmis
725 4382 759 4420 eo
778 4368 868 4420 solnm
889 4384 998 4428 reman-

149 4455 240 4524 sisset,
267 4458 300 4509 ut
325 4452 501 4524 provinciam
528 4456 669 4506 tutaretur
694 4452 728 4506 ab
756 4454 831 4507 diris
858 4455 996 4522 barbaris,

148 4555 219 4611 qnos
233 4540 351 4595 omnino
366 4539 559 4611 perdomitum
581 4538 628 4606 iri,
641 4539 736 4594 statim
751 4544 837 4612 alque
852 4558 997 4598 summum

149 4627 296 4699 copiarum
313 4629 467 4699 imperium
492 4627 672 4688 obtinuisset,
689 4629 849 4683 communis
869 4635 928 4684 erat
948 4647 996 4686 ex-

147 4715 300 4785 spectatio;
315 4720 413 4770 eontra
427 4733 494 4772 vero
508 4716 621 4771 tametsi
639 4716 692 4771 hae
704 4716 765 4786 jam
779 4722 919 4787 potestate
933 4721 995 4790 pol·

147 4801 228 4867 leret,
256 4818 499 4876 numerosamque
534 4806 664 4860 ductaret
696 4805 868 4873 exercitum
899 4811 997 4863 tamen

147 4889 994 4967 iidemillibarbarialtissimeiuprovinciamirrumpebaut,

146 4977 244 5034 omnia
268 4978 460 5044 devastabant,
485 4981 657 5051 expilabant,
678 4981 939 5052 depopulabantnr3
955 4985 995 5039 ita

146 5071 178 5122 nt
198 5066 381 5137 multaque
404 5067 490 5137 plena
513 5069 628 5140 populis
643 5075 734 5136 erant,
749 5070 810 5125 loca
833 5071 863 5125 iu
884 5071 994 5127 deserta

144 5159 353 5223 converterent,
369 5171 422 5210 uec
433 5155 582 5211 resistente
597 5173 754 5229 quoquam,
769 5175 822 5213 nec
839 5160 991 5228 Bonifatio,

144 5249 176 5299 nt
198 5247 406 5310 coercerentur,
429 5243 606 5313 providente,
629 5246 737 5317 quippe
760 5248 992 5319 quamproprias

135 5347 202 5388 ¹stare
226 5331 325 5389 salutis
353 5346 422 5387 cora
455 5330 639 5387 vehementer
665 5340 834 5406 occupatum
870 5335 993 5392 habebat

143 5419 243 5490 (idid,
258 5440 287 5477 n.
302 5421 340 5494 t).
356 5419 468 5476 Etenim
483 5420 583 5475 codem
608 5420 687 5476 hoste
709 5423 824 5495 imperii
838 5423 990 5493 declarato,

143 5510 251 5566 curarit
264 5510 343 5567 Felix
357 5508 481 5567 inillam
492 5507 671 5564 ntexercitus
686 5511 856 5580 mitteretur,
872 5512 990 5569 ducibus

1058 392 1201 459 blavortio,
1226 390 1363 446 Galbione
1384 405 1415 443 aa
1439 388 1554 454 Siuoce;
1577 386 1627 460 qui
1650 403 1717 443 cum
1733 385 1905 442 Boniiaeiuu

1058 481 1220 536 obsiderent
1235 480 1373 551 (quonam
1390 478 1421 532 iu
1443 477 1506 532 loco
1520 493 1581 531 riou
1595 475 1792 548 exprimitur),
1808 475 1906 531 llaror·

1057 571 1114 624 tius
1134 574 1162 624 et
1176 568 1274 623 Galbio
1294 583 1346 639 per
1367 565 1547 621 obsidionem
1563 565 1708 620 interiecti
1727 569 1798 619 suut
1820 565 1907 636 prodi·

1058 659 1137 712 tione
1151 656 1276 723 Sinocis3
1294 671 1379 727 quem
1396 654 1492 727 ipsum
1510 659 1610 724 postea
1627 653 1791 708 Bnnilacius
1808 653 1907 708 delecta

1058 747 1186 817 ejusdem
1200 745 1321 816 pertidia
1340 743 1493 798 interemit·
1503 745 1627 812 (Prosper
1640 745 1670 796 in
1686 743 1846 812 cannito).

1094 840 1119 890 3.
1137 834 1293 897 bonifacio,
1305 833 1374 888 dum
1389 837 1551 887 versaretur
1561 832 1591 886 in
1605 831 1754 903 periculis,
1772 847 1834 885 non
1847 833 1906 885 scri·

1059 925 1115 995 psit
1126 924 1312 995 Augustinus,
1330 921 1435 976 veritus
1452 920 1569 987 scilicet,
1583 937 1618 974 ne
1632 921 1678 975 rel
1698 921 1829 992 perlator
1843 920 1906 975 litte·

1059 1030 1155 1067 rarum
1177 1014 1205 1066 in
1222 1011 1374 1066 discrimen
1388 1010 1507 1074 reniret,
1524 1010 1567 1064 vel
1587 1009 1656 1080 ipsae
1678 1008 1797 1075 litterae,
1814 1009 1906 1080 quibus

1059 1103 1175 1157 Comitis
1194 1101 1313 1155 consilia
1332 1099 1516 1171 improbaret,
1536 1098 1567 1152 iu
1586 1097 1716 1169 ejusdem
1736 1097 1904 1151 adversario·

1060 1207 1122 1245 rum
1147 1206 1248 1244 manus
1270 1189 1431 1243 inciderent
1453 1187 1553 1258 (Epist.
1576 1189 1641 1255 tit),
1660 1203 1690 1241 n.
1714 1188 1754 1251 a).
1775 1185 1830 1240 Sed
1850 1203 1903 1242 auu

1059 1283 1157 1350 postea
1173 1277 1262 1332 lidum
1278 1277 1425 1332 bominem
1445 1280 1473 1330 et
1489 1276 1609 1346 ipsemet
1632 1274 1783 1329 Ranilacio
1798 1275 1901 1330 charam

1060 1371 1157 1420 nactus
1172 1372 1254 1431 esset,
1271 1366 1391 1421 Paulum
1414 1363 1544 1418 videlicet
1563 1363 1729 1428 diaconum,
1744 1378 1799 1416 sua
1813 1361 1899 1417 adrer-

1059 1471 1106 1507 sus
1123 1455 1203 1508 illum
1225 1453 1346 1507 ebaritas
1361 1452 1477 1506 beatum
1497 1451 1609 1506 induxit
1627 1450 1800 1516 Praesulem,
1816 1455 1847 1506 ut
1858 1450 1900 1521 ipsi

1058 1559 1110 1606 pro
1124 1543 1183 1596 'sna
1202 1541 1232 1596 in
1247 1542 1358 1596 Christo
1382 1545 1490 1594 telerna
1512 1541 1603 1594 salute
1618 1538 1730 1610 aliquid
1752 1539 1900 1610 loqueretar

1059 1631 1150 1699 (leid,
1181 1648 1206 1685 n.
1245 1630 1280 1698 l).
1314 1630 1344 1683 ln
1375 1628 1487 1683 damnis
1522 1644 1586 1699 quae
1616 1643 1650 1681 ex
1682 1626 1762 1681 bello
1788 1627 1898 1698 patieba-

1059 1726 1106 1773 tur
1129 1718 1233 1784 Africa,
1257 1717 1293 1772 ad
1317 1717 1477 1788 superiores
1505 1733 1604 1770 causas
1624 1715 1726 1786 polius
1751 1716 1899 1771 attendebat

1058 1808 1245 1878 Augustinus,
1262 1811 1293 1859 ut
1308 1806 1358 1876 qui
1373 1804 1485 1859 nescius
1500 1820 1559 1858 non
1574 1808 1647 1858 esset
1662 1803 1771 1858 debere
1785 1804 1899 1858 homiues

1060 1896 1199 1967 quidquid
1224 1895 1294 1949 mali
1316 1895 1450 1957 tolerant,
1470 1892 1529 1947 suis
1549 1893 1673 1964 peccatis
1692 1893 1858 1965 imputare:
1876 1898 1898 1946 rt

1060 2004 1125 2041 rero
1140 2002 1205 2041 aum
1223 1986 1350 2057 impense
1366 1982 1507 2039 Comitem
1519 1982 1663 2053 diligeret,
1680 1982 1801 2054 optabat
1815 1998 1846 2037 ax
1858 1999 1897 2037 en·

1060 2092 1123 2130 rum
1139 2091 1259 2129 numero
1275 2074 1357 2128 illum
1372 2089 1431 2126 nou
1446 2088 1517 2140 esse,
1531 2088 1583 2142 per
1596 2087 1670 2142 qrtos
1680 2072 1759 2126 Deus
1773 2075 1897 2143 tempora·

1059 2166 1124 2220 liter
1144 2164 1319 2235 populorum
1338 2162 1459 2216 crimina
1473 2160 1626 2227 ulciscitur,
1645 2166 1674 2214 et
1687 2176 1764 2232 quos
1784 2166 1896 2231 postmo-

1059 2256 1128 2309 dum
1139 2252 1254 2308 aeternis
1267 2250 1414 2322 suppliciis
1429 2250 1511 2322 punit
1521 2249 1615 2320 (ibid,
1624 2266 1653 2305 n.
1666 2250 1706 2319 8).
1718 2249 1896 2321 Principioilli

1059 2344 1088 2397 in
1096 2341 1265 2396 memoriam
1278 2343 1390 2394 revocat
1409 2339 1561 2410 pristinam
1572 2338 1721 2409 pietatem,
1736 2337 1896 2393 desiderium

1058 2431 1156 2485 omnia
1172 2428 1364 2499 relinquendi,
1378 2433 1406 2482 et
1420 2427 1605 2481 continentiae
1620 2426 1771 2483 servandae
1785 2428 1896 2499 proposi

1058 2523 1130 2572 lum.
1157 2516 1263 2571 Deinde
1286 2515 1321 2569 oh
1346 2516 1443 2570 oculos
1466 2513 1559 2569 eidem
1581 2530 1694 2569 summo
1721 2530 1788 2570 cnm
1808 2514 1895 2570 affectu

1057 2603 1201 2658 charitatis
1216 2602 1306 2674 pouit,
1324 2619 1411 2674 quarn
1424 2601 1582 2673 lugendum
1597 2601 1628 2655 iu
1648 2606 1757 2657 statum
1772 2592 1896 2658 adductus

1057 2697 1140 2757 esset,
1157 2707 1221 2746 cum
1236 2692 1362 2745 secundo
1378 2707 1429 2745 suo
1445 2689 1641 2761 matrimonio,
1657 2695 1721 2747 tum
1733 2691 1821 2758 bello,
1834 2691 1896 2762 quad

1057 2782 1221 2851 susceptum
1235 2780 1271 2834 ab
1286 2795 1319 2833 eo
1339 2778 1454 2846 fnisset,
1470 2794 1535 2850 que
1553 2779 1660 2834 scelera
1674 2780 1720 2835 rel
1739 2780 1803 2852 ipse
1816 2796 1864 2852 per
1875 2796 1896 2833 se

1057 2867 1257 2934 committeret,
1277 2867 1321 2921 vel
1344 2884 1396 2921 sua
1415 2883 1498 2920 carisa
1521 2866 1556 2922 ab
1578 2867 1641 2922 aliis
1661 2869 1806 2924 committi
1826 2886 1897 2941 opor·

1057 2961 1137 3011 teret.
1157 2955 1236 3020 Quod
1253 2955 1288 3009 ad
1309 2955 1443 3022 rationes,
1460 2955 1563 3027 quibus
1582 2972 1642 3010 sese
1661 2957 1784 3028 purgari
1802 2957 1898 3013 bonila-

1057 3042 1117 3095 cius
1131 3043 1321 3111 existimabat,
1337 3060 1420 3097 suum
1437 3060 1493 3097 uon
1509 3060 1569 3098 esse
1592 3044 1627 3099 de
1641 3044 1699 3099 illis
1722 3046 1897 3117 pronuntiare

1057 3136 1191 3197 testatur,
1206 3133 1320 3203 quaudo
1335 3138 1488 3204 utramque
1503 3138 1613 3202 partem
1628 3149 1687 3188 non
1702 3133 1897 3189 audieratzscd

1057 3219 1092 3272 ad
1115 3219 1290 3274 ltonilacinm
1310 3221 1462 3291 pertinere,
1484 3226 1515 3275 nt
1538 3220 1561 3274 si
1585 3237 1642 3275 nou
1665 3223 1744 3293 apud
1767 3223 1896 3287 homines,

1056 3310 1132 3362 certa
1148 3308 1224 3379 apud
1239 3307 1383 3362 Christum
1398 3309 1500 3380 ipsum.
1516 3309 1598 3379 cujus
1612 3327 1642 3364 se
1656 3310 1776 3366 fidelem
1797 3327 1896 3366 serrum

1056 3396 1252 3465 profitebatur,
1269 3403 1298 3451 et
1311 3399 1387 3468 apud
1411 3398 1616 3453 conscientiam
1624 3386 1793 3470 propriam.
1807 3401 1839 3457 in
1850 3416 1897 3472 qna

1056 3499 1085 3537 sa
1105 3484 1165 3537 solo
1189 3484 1334 3539 secularis
1355 3485 1487 3539 vanitatis
1506 3502 1602 3540 amore
1620 3503 1654 3541 eo
1673 3487 1825 3544 devenisse
1841 3505 1896 3561 per·

1055 3577 1202 3644 specturns
1216 3577 1286 3634 erat,
1302 3573 1493 3628 innocentiam
1514 3590 1594 3628 suam
1614 3573 1753 3631 defendat
1770 3593 1777 3631 :
1794 3577 1895 3632 tandiu

1055 3668 1087 3717 ut
1110 3662 1233 3717 maxime
1256 3679 1354 3717 rerum
1377 3669 1458 3730 asset,
1484 3664 1627 3739 laboribus
1650 3665 1711 3721 suis
1730 3682 1793 3722 nou
1810 3682 1895 3739 pereni

1055 3751 1176 3821 gratiam
1200 3751 1364 3822 rependisse
1383 3751 1549 3822 imperium,
1569 3753 1646 3808 haud
1666 3771 1728 3809 esse
1748 3755 1896 3818 christiani,

1054 3840 1215 3910 cujusmodi
1238 3844 1307 3906 erat,
1327 3841 1402 3894 mala
1425 3841 1483 3895 sire
1497 3858 1549 3912 pro
1568 3843 1649 3897 bouis
1672 3844 1732 3899 sire
1753 3862 1809 3917 pro
1826 3846 1896 3901 malis

1054 3927 1173 3982 reddere
1189 3928 1284 3998 (ibid,
1301 3934 1326 3982 et
1338 3944 1366 3984 n.
1385 3929 1420 3997 5).
1437 3929 1484 3984 llis
1496 3930 1585 3999 addit,
1600 3930 1624 3985 si
1636 3948 1666 3985 se
1681 3934 1824 4002 consulat,
1838 3933 1896 4006 quid

1054 4015 1233 4088 sequendum
1247 4015 1278 4070 in
1291 4020 1370 4070 tanta
1382 4007 1552 4074 necessitate
1567 4019 1714 4089 videatur3
1727 4037 1791 4078 non
1803 4023 1895 4079 natue

1054 4120 1083 4157 se
1105 4104 1176 4176 qnid
1190 4105 1299 4159 consilii
1322 4121 1408 4175 super
1422 4105 1590 4177 dignitatem
1606 4113 1694 4180 atque
1713 4125 1805 4182 opum
1819 4111 1895 4182 ipsius

1053 4193 1266 4247 conservatione
1281 4198 1415 4263 suggerat
1427 4210 1433 4248 :
1447 4210 1546 4250 rerum
1560 4195 1582 4249 si
1597 4197 1716 4260 auinrae,
1726 4215 1818 4271 qnam
1829 4204 1892 4255 crete

1053 4281 1092 4336 ris
1105 4280 1238 4336 omnibus
1252 4279 1308 4351 ipsi
1322 4286 1435 4352 oportet
1449 4299 1508 4338 esse
1519 4284 1732 4354 pretiosiorem,
1744 4288 1892 4344 consulturo

1052 4367 1129 4436 velit,
1145 4384 1212 4423 eum
1224 4385 1241 4422 a
1255 4385 1284 4422 se
1298 4368 1370 4424 illud
1382 4371 1500 4425 ioannis
1514 4372 1701 4429 auditurum:
1720 4377 1828 4432 «Nolite
1839 4375 1891 4431 dili·
1936 4374 1938 4385 '

1051 4471 1113 4522 nere
1126 4456 1248 4512 nandum
1267 4473 1313 4512 nea
1328 4473 1360 4512 ea
1374 4475 1434 4528 qaae
1454 4461 1483 4513 in
1498 4461 1597 4514 mando
1612 4467 1689 4518 sant.
1711 4484 1725 4512 s
1741 4465 1769 4530 (Ι
1779 4467 1853 4520 iona
1866 4480 1889 4523 u.

1054 4546 1106 4615 ti).
1121 4549 1187 4601 Ecce
1201 4549 1350 4612 consiliam,
1368 4549 1462 4620 pergit
1480 4555 1593 4605 sanctus
1608 4552 1667 4618 Vir,
1684 4556 1790 4625 arripe,
1805 4561 1829 4611 et
1841 4571 1887 4622 aar.

1050 4636 1101 4689 iiie
1119 4639 1253 4704 appareat
1265 4638 1290 4690 si
1308 4638 1352 4690 air
1364 4639 1447 4704 fortis
1461 4653 1496 4693 es.
1517 4640 1599 4693 Vince
1612 4641 1792 4710 cupiditates,
1807 4641 1888 4712 antas

1050 4724 1100 4775 iste
1108 4722 1237 4791 dilipilrrr
1248 4724 1377 4790 mandam
1387 4741 1436 4792 nge
1444 4728 1632 4795 paenitentiam
1642 4729 1675 4783 de
1682 4733 1832 4799 praeteritis
1838 4744 1887 4784 nra·

1049 4811 1094 4875 iis,
1110 4811 1219 4880 quando
1233 4811 1267 4866 ad
1280 4815 1317 4866 eis
1332 4814 1529 4883 cupiditatibus
1538 4818 1627 4871 nictus
1634 4832 1686 4887 per
1701 4819 1836 4875 desideria
1845 4832 1885 4870 nan

1049 4899 1117 4953 iana
1132 4899 1285 4955 trahebaris
1305 4901 1403 4970 (Epist.
1419 4905 1482 4967 220,
1499 4919 1525 4958 n.
1543 4903 1578 4972 9).
1593 4906 1735 4962 Eumdem
1753 4908 1814 4980 iarn
1833 4909 1886 4961 aab

1048 4989 1268 5060 compellaverat
1284 4990 1313 5044 in
1328 4990 1388 5044 bne
1407 4992 1492 5046 rerba
1508 4992 1604 5062 (rita,
1617 5010 1645 5049 n.
1663 4994 1709 5066 5):
1731 4995 1885 5052 canaonas

1047 5091 1083 5141 es,
1101 5092 1146 5132 eor
1160 5078 1251 5144 tates,
1270 5081 1353 5133 Deam
1368 5081 1464 5134 times:
1484 5085 1513 5134 ta
1530 5083 1588 5150 ipse
1606 5083 1751 5138 considero
1765 5098 1824 5155 aaa
1837 5080 1885 5136 nala

1047 5165 1146 5231 diacre,
1162 5169 1318 5220 atterentes
1337 5167 1369 5221 de
1384 5171 1494 5236 ouantis
1513 5171 1593 5225 mritis
1612 5170 1710 5227 debeas
1722 5188 1804 5240 agera
1813 5172 1885 5243 pati·

1048 5255 1176 5319 tentiam3
1199 5260 1311 5325 propter
1335 5272 1417 5325 anain
1441 5257 1491 5312 titi
1514 5259 1592 5314 credo
1614 5260 1760 5317 dominam
1780 5273 1885 5333 parm,

1046 5343 1071 5393 et
1086 5355 1103 5394 a
1119 5342 1249 5410 periculis
1270 5343 1393 5397 omnibns
1416 5344 1541 5411 liberare,
1565 5350 1595 5400 at
1618 5362 1687 5414 anas
1709 5345 1910 5418 sentienda-

1046 5433 1100 5494 est;
1115 5429 1162 5483 sed
1175 5432 1201 5484 si
1222 5430 1295 5488 iilud
1309 5431 1408 5487 andins
1423 5432 1495 5501 qnod
1506 5429 1639 5505 scriiitrint
1655 5442 1706 5492 est.
1722 5458 1735 5487 ι
1757 5440 1795 5495 Ne
1808 5435 1885 5493 audet

1047 5519 1165 5572 conuerti
1185 5518 1223 5572 ad
1248 5521 1398 5589 Dominam,
1414 5537 1499 5591 neque
1520 5523 1634 5593 differas
1652 5526 1688 5580 de
1710 5525 1756 5582 die
1773 5531 1802 5583 in
1825 5525 1885 5580 den
