3884 6112
138 277 207 331 ttae
681 268 728 324 bn
747 267 878 325 LIBERO
897 266 1076 336 Aeelrnlo,
1097 265 1124 323 S.
1148 260 1341 322 auuusrlrll
1838 258 1894 312 latu

134 411 234 452 rorum
251 393 373 460 animos,
399 391 503 464 quibus
531 392 665 464 regendis
694 392 905 448 accommodata
925 395 978 447 est.
1032 384 1520 457 nonremullam,eumeaquisque
1533 382 1617 438 mule
1631 379 1743 452 utitur,
1755 380 1894 453 sedipsun

137 486 211 542 Dum
226 483 304 538 enim
319 483 380 537 haee
396 482 526 537 amittere
546 482 657 551 timent,
682 486 782 537 tenent
794 482 825 536 in
840 482 884 536 lris
898 485 983 537 uten-
1038 479 1112 534 malo
1123 481 1251 533 utentem
1267 492 1326 530 esse
1338 473 1518 547 arguendum
1532 488 1540 528 :
1555 471 1734 527 referamus
1744 486 1808 539 nos,
1820 471 1842 525 si
1853 472 1898 542 pla

138 572 182 628 dis
196 571 350 643 quemdam
365 570 482 632 modum
496 574 594 641 aptum
614 570 726 625 viuculo
745 571 876 636 civitatis,
892 570 983 640 qualis
1037 572 1091 633 cet,
1106 566 1141 622 ad
1157 565 1345 638 quaestionem
1354 564 1384 618 iu
1398 562 1515 618 exordio
1526 560 1624 633 hujus
1641 559 1795 614 sermonis
1809 575 1896 631 propo

138 676 172 716 er
185 659 384 730 hujuscemodi
401 658 566 713 hominibus
581 659 715 714 constitui
733 665 836 730 potest.
855 660 917 714 Non
932 675 982 713 au·
1038 653 1342 722 demandarem
1368 655 1464 706 utrum
1485 650 1585 705 solutu
1614 648 1677 714 sit,·
1700 663 1771 702 uam
1787 664 1898 720 quaerere

138 756 197 806 tem
211 749 355 804 ulciscitur
375 752 523 818 peceatum
544 764 609 802 eum
628 752 761 802 emautur
776 748 839 814 istu,
857 748 905 802 sed
918 764 983 802 eum
1038 744 1254 800 institueramus
1277 741 1347 813 quid
1369 740 1405 795 sit
1424 739 1499 794 male
1524 738 1641 804 facere,
1665 741 1698 792 et
1723 739 1842 809 propter
1857 738 1896 791 hot

139 838 202 892 aliis
216 854 269 908 per
282 836 495 907 improbitatem
509 837 687 893 auferuntur.
709 837 900 903 Quamobrem
920 836 984 891 ride
1039 832 1137 889 omnia
1158 848 1222 905 quas
1237 830 1312 886 dieta
1332 834 1407 894 suut,
1425 827 1564 883 diximus.
1587 824 1744 894 Quocirca
1763 826 1898 881 licetnun·

139 931 236 982 utrum
246 927 306 997 jam
320 931 491 997 perventum
506 926 544 981 sit
558 926 637 981 adid
652 927 728 998 quod
743 925 888 981 infinitum
905 930 985 996 puta-
1039 922 1266 978 animadvertere
1281 922 1309 975 et
1333 917 1524 986 considerare,
1553 920 1665 973 utrum
1682 914 1724 970 sit
1746 915 1825 971 eliud
1842 918 1897 970 malr

138 1015 199 1070 bas.
220 1015 437 1069 lustitueramus
461 1014 538 1068 euim
553 1031 693 1087 quaerere,
716 1020 856 1086 quatenus
882 1015 985 1069 hebeat

135 1104 184 1175 jus
199 1103 353 1158 ulciscendi
377 1119 410 1158 ea
433 1103 478 1157 lex
493 1121 550 1175 qua
563 1104 664 1175 populi
678 1104 785 1159 terreni
799 1103 985 1175 civitatesque

139 1193 344 1263 gubernentur.
361 1194 394 1247 E.
410 1192 497 1246 Video
510 1197 690 1262 perventum.

175 1282 218 1335 33.
232 1282 271 1334 Α.
288 1280 369 1334 Vides
382 1295 450 1349 ergo
466 1279 552 1333 etiam
568 1280 651 1346 illud,
668 1280 745 1351 quod
765 1296 850 1350 pmnu
870 1296 929 1337 uon
944 1298 986 1337 es·

138 1373 190 1433 set,
208 1367 266 1422 sire
279 1384 343 1438 quae
355 1384 406 1438 per
420 1368 566 1438 iujuriam,
582 1368 639 1423 sive
655 1386 719 1440 quaa
734 1386 785 1440 per
797 1371 884 1425 talem
894 1370 985 1425 viudi-

139 1456 346 1514 etumiutertur
355 1456 532 1525 hominibus,
543 1456 567 1510 si
582 1473 630 1511 eas
644 1474 689 1512 res
704 1474 768 1529 quaa
777 1458 865 1513 invito
880 1460 986 1514 auferri

138 1549 270 1618 possunt,
285 1561 344 1600 nou
359 1548 489 1599 amarent
501 1547 515 1599 ‘l
527 1547 560 1600 E.
576 1544 607 1599 ld
624 1562 737 1617 quoque
748 1547 839 1602 video.
859 1549 898 1603 Α.
915 1547 986 1602 Cum

139 1635 228 1707 igitur
242 1633 347 1689 eisdem
360 1633 445 1687 rebus
461 1634 531 1686 elius
546 1634 631 1699 male,
648 1634 720 1688 alius
740 1635 811 1690 bene
828 1640 939 1704 utatur;
958 1641 987 1692 et

139 1723 163 1778 is
174 1722 288 1794 quidem
302 1721 352 1792 qui
366 1722 451 1787 male,
466 1738 562 1775 amore
576 1721 620 1775 his
633 1722 773 1777 inhaereat
788 1729 872 1796 etque
885 1725 987 1796 ,impli-

140 1816 230 1877 eetur,
247 1809 353 1864 seilicet
367 1808 496 1864 subditus
511 1808 552 1864 eis
566 1811 652 1865 rebus
663 1828 734 1882 quas
744 1812 771 1866 ei
784 1813 912 1868 subditas
926 1830 986 1868 esse

139 1899 299 1971 oportebat,
315 1903 344 1954 et
359 1914 392 1953 ea
405 1899 479 1953 boua
494 1898 548 1952 sibi
570 1899 755 1967 constituens,
780 1902 884 1972 quibus
908 1902 986 1958 ordi·

140 1987 243 2044 nundis
264 1987 394 2058 beneque
422 1987 577 2042 tractandis
591 1988 651 2058 ipse
666 2004 726 2042 osse
748 1990 846 2060 utique
872 1990 987 2047 deberet

139 2077 265 2132 bonum:
282 2076 329 2131 ille
344 2080 439 2130 autem
455 2076 505 2146 qui
520 2081 594 2130 recte
604 2077 649 2131 bis
663 2077 763 2145 utitur,
779 2079 911 2134 ostendat
925 2080 987 2152 qui-

87 2217 91 2229 ,
139 2165 205 2220 dem
220 2166 296 2220 bona
307 2181 378 2230 esse,
397 2165 445 2219 sed
461 2181 517 2219 uon
533 2164 605 2231 sibi;
621 2166 771 2220 nonenim
797 2183 863 2222 eum
877 2168 987 2223 bouum

140 2255 323 2309 melioremve
336 2254 453 2335 iaciunt,
476 2253 525 2307 sed
538 2253 574 2307 ub
589 2269 623 2308 eo
637 2255 732 2324 potius
753 2255 843 2311 liunt:
872 2263 901 2313 et
921 2257 986 2312 ideo

142 2358 200 2397 nou
210 2341 251 2397 eis
263 2357 360 2396 amore
373 2341 577 2412 agglutinetur,
594 2357 699 2412 neque,
708 2343 785 2398 velut
799 2344 929 2399 membra
943 2345 988 2400 sui

141 2430 231 2486 animi
243 2430 335 2495 iaciat,
353 2430 428 2501 quod
443 2429 475 2483 til
489 2430 621 2496 amando,
638 2446 674 2484 ue
684 2447 749 2485 eum
762 2433 884 2487 resecari
899 2449 988 2505 erepe-

141 2519 210 2585 rint,
227 2535 293 2573 cum
310 2518 437 2572 cruciatu
451 2535 483 2572 ae
498 2518 561 2573 tube
584 2518 711 2586 loedeut;
728 2520 777 2574 sed
796 2522 838 2575 cis
850 2527 927 2576 totus
940 2539 986 2577 su·

143 2608 311 2679 perferatur,
328 2612 355 2661 et
367 2608 472 2661 habere
487 2607 537 2661 illa
551 2611 636 2678 atque
646 2624 757 2680 regere,
770 2626 835 2664 eum
850 2627 924 2682 opus
934 2617 986 2680 est,

141 2699 268 2766 paratus,
280 2701 309 2749 et
318 2695 449 2749 amittere
460 2711 492 2749 ac
503 2711 560 2749 nou
571 2695 675 2750 habere
689 2697 815 2767 paratior
826 2715 907 2754 :eum
919 2717 987 2772 ergo

140 2783 202 2839 haee
213 2783 254 2838 ite
263 2783 329 2850 siut,
346 2799 416 2837 num
427 2789 476 2837 aul
487 2788 639 2854 argentum
650 2789 677 2838 et
688 2802 790 2841 aurum
800 2793 917 2860 propter
926 2805 989 2844 ava-

140 2887 187 2927 ros
202 2873 392 2927 accusandum
405 2876 498 2942 putas,
514 2877 564 2927 eut
580 2872 656 2927 eibos
671 2880 789 2945 propter
800 2893 924 2945 voraces,
940 2882 990 2933 aut

140 2959 238 3015 vinum
257 2966 375 3033 propter
400 2960 539 3030 ebriosos,
562 2965 612 3016 aut
634 2963 788 3024 muliebres
802 2965 908 3021 formas
921 2983 987 3039 pro-

139 3053 204 3121 pter
218 3054 385 3104 scortatores
400 3054 427 3103 et
443 3049 595 3116 adulteros,
605 3055 690 3122 atque
706 3052 761 3106 boe
774 3053 859 3107 modo
874 3061 985 3121 caetere,

141 3153 207 3192 eum
221 3137 379 3209 presertim
393 3138 488 3192 videas
511 3143 539 3192 et
553 3139 620 3209 igue
634 3139 707 3194 bene
728 3141 768 3195 uti
780 3143 934 3211 medicum,
960 3149 989 3200 et

141 3239 215 3296 pene
241 3225 376 3280 scelerate
396 3226 576 3283 veneticum?
596 3229 831 3285 elatissimam
851 3237 902 3299 est,
929 3249 987 3288 non

141 3327 187 3367 res
199 3313 286 3385 ipsas,
301 3314 350 3369 sed
363 3314 495 3369 homines
505 3315 554 3386 qui
569 3315 610 3370 eis
626 3317 700 3372 male
716 3322 837 3374 utuntur
850 3337 910 3376 esse
927 3324 986 3378 cul-

200 3402 261 3457 dos.

142 3417 199 3474 9⁸¹¹
229 3510 341 3565 CAPUT
356 3510 400 3564 vl.
416 3510 589 3580 —Epilopus
600 3513 724 3566 tractata
733 3515 897 3583 questionis.

176 3616 220 3670 at.
236 3614 272 3670 Α.
289 3615 393 3670 Recte:
413 3617 462 3671 sed
488 3617 624 3689 quoniam
640 3623 669 3672 et
685 3619 754 3691 quid
768 3622 860 3676 valeat
880 3625 987 3677 aeterna

139 3705 193 3770 lex,
212 3709 245 3760 ut
264 3705 376 3776 opinor,
391 3706 488 3761 videre
505 3709 566 3778 jem
581 3709 729 3780 ecepimus,
746 3715 774 3766 et
787 3717 928 3783 quantum
942 3714 988 3768 lex

140 3792 308 3863 temporalis
329 3793 359 3848 in
372 3795 545 3851 vindicando
567 3798 703 3868 progredi
723 3800 822 3870 possit,
839 3801 987 3856 inventum

141 3884 183 3933 est
193 3900 201 3944 ;
215 3884 243 3934 et
254 3896 351 3934 rerum
361 3881 417 3936 duo
428 3898 543 3952 genera,
553 3889 726 3939 eternorum
735 3892 763 3941 et
772 3889 985 3960 temporalium,

142 3983 257 4040 quoque
280 3985 379 4024 rursus
393 3970 554 4040 bominum,
578 3971 699 4028 aliorum
713 3979 842 4038 aeternas,
863 3977 987 4034 eliorum

139 4056 531 4128 temporalessequeutiumel
546 4060 737 4133 diligentium,
752 4065 818 4119 setis
833 4073 987 4138 aperteque

140 4142 272 4199 distincta
289 4151 372 4201 sunt:
390 4146 459 4217 quid
475 4151 570 4203 autem
581 4148 701 4221 quisque
712 4153 879 4208 sectandum
890 4159 920 4209 et
928 4171 987 4210 um-

139 4233 320 4303 pleetendum
336 4235 433 4306 eligat,
453 4235 483 4290 in
497 4238 644 4294 voluntate
664 4256 724 4294 esse
738 4240 864 4312 positum
880 4245 986 4300 cousti-

139 4321 175 4375 tit
190 4322 243 4393 (a),
267 4322 404 4395 nulleque
423 4341 455 4379 re
474 4325 509 4380 de
523 4342 586 4381 arca
600 4327 779 4399 dominandi,
797 4337 930 4404 rectoque
944 4349 988 4388 or·

140 4408 341 4466 dinomentem
351 4412 465 4485 deponi,
473 4413 677 4471 uisivoluutete
687 4435 694 4471 ι
706 4421 783 4474 etest
791 4420 985 4489 manifestum,

172 4514 208 4577 (a)
221 4516 280 4566 Vid.
291 4518 403 4568 Retraet.
415 4517 460 4569 lib.
471 4522 494 4579 1,
510 4534 565 4585 eep.
582 4522 605 4579 9,
620 4535 647 4570 ιι.
662 4525 685 4571 3.

1038 1012 1142 1074 iacere,
1166 1024 1254 1080 quam
1277 1007 1414 1078 neglectis
1441 1005 1528 1061 rebus
1558 1003 1704 1074 aeteruis,
1733 1003 1839 1076 quibus
1862 1020 1897 1076 per

1039 1100 1162 1171 seipsam
1177 1113 1258 1152 mens
1271 1096 1385 1163 fruitur,
1397 1099 1425 1150 et
1434 1111 1487 1167 per
1496 1094 1633 1166 seipsam
1646 1092 1792 1165 percipit,
1805 1098 1833 1148 et
1845 1109 1896 1165 ques

1041 1204 1140 1245 amaus
1159 1186 1288 1241 amittere
1309 1200 1370 1239 uon
1391 1188 1494 1254 polest,
1519 1181 1710 1254 temporalia
1731 1187 1763 1237 ct
1785 1198 1847 1253 quae
1861 1199 1895 1254 pe

1040 1293 1143 1347 corpus
1152 1273 1277 1331 hominis
1287 1278 1398 1345 partem
1409 1271 1581 1327 vilissimam
1593 1271 1790 1338 sentiuntur,
1804 1274 1832 1326 et
1843 1287 1894 1326 uua·

1040 1381 1127 1439 quam
1153 1379 1214 1418 esse
1235 1366 1312 1417 certa
1333 1366 1461 1433 possunt,
1484 1361 1569 1433 quasi
1592 1376 1715 1430 magne
1735 1364 1767 1414 et
1786 1360 1893 1414 miranda

1040 1453 1151 1529 sectari.
1167 1453 1239 1507 Nam
1254 1451 1308 1507 hoe
1322 1466 1380 1506 uno
1396 1465 1499 1523 gauere
1514 1449 1620 1504 omnia
1642 1448 1816 1517 malefacta,
1830 1449 1854 1504 id
1866 1456 1892 1503 est

1039 1546 1164 1616 peccata,
1179 1540 1252 1596 mihi
1271 1539 1404 1595 videntur
1423 1538 1543 1595 includi.
1559 1538 1631 1594 Tibi
1648 1543 1757 1594 autem
1783 1538 1848 1611 quid
1865 1538 1891 1592 u'·

1040 1635 1151 1702 deutur,
1167 1637 1298 1704 exspecto
1314 1646 1493 1703 cognoscere.

1077 1727 1120 1780 35.
1135 1725 1168 1778 Ε,
1185 1723 1232 1777 Est
1243 1721 1283 1776 ita
1298 1725 1329 1776 ut
1342 1720 1422 1788 dieis,
1443 1725 1471 1776 ct
1490 1719 1654 1792 assentior,
1676 1721 1785 1777 omnia
1803 1725 1892 1793 peecata

1040 1810 1096 1867 hoc
1106 1825 1163 1864 uno
1173 1824 1277 1881 genere
1291 1806 1440 1876 contineri,
1457 1822 1522 1862 cum
1534 1807 1670 1880 quisque
1684 1810 1828 1865 avertitur
1840 1811 1891 1864 adi·

1040 1899 1114 1955 vinis
1127 1914 1251 1970 vereque
1273 1897 1466 1965 manentibus,
1482 1901 1511 1952 et
1525 1898 1560 1953 ad
1578 1898 1748 1954 mutabilia
1770 1902 1850 1972 atque
1860 1899 1890 1953 io·

1040 1993 1117 2045 certa
1130 1986 1315 2042 convertitur.
1331 1986 1399 2050 Quae
1414 2001 1586 2058 quanquam
1602 1985 1637 2041 in
1653 1987 1766 2043 ordine
1779 1994 1890 2043 suorcttr

1040 2078 1131 2133 locata
1143 2076 1210 2141 siut,
1233 2079 1262 2130 et
1280 2090 1362 2129 suam
1382 2075 1537 2147 quamdam
1560 2075 1826 2146 pulchritudinem
1845 2093 1890 2149 per·

1041 2170 1140 2238 agant;
1156 2163 1282 2237 perversi
1293 2168 1389 2221 umen
1403 2163 1492 2218 animi
1505 2167 1549 2219 est
1564 2168 1599 2219 et
1613 2164 1797 2237 inordinati,
1811 2167 1846 2222 eis
1861 2183 1890 2220 se

1041 2253 1162 2329 quendis
1173 2253 1286 2325 subjici,
1305 2253 1409 2325 quibus
1423 2253 1458 2307 ed
1473 2258 1581 2308 nutum
1596 2270 1692 2310 snum
1707 2255 1844 2312 ducendis
1855 2271 1891 2327 pe

1040 2345 1098 2399 tius
1112 2344 1208 2400 divino
1222 2342 1322 2398 ordine
1338 2358 1370 2397 ae
1380 2342 1445 2413 jure
1459 2343 1600 2412 praelatus
1612 2347 1670 2397 est.
1690 2344 1728 2398 Et
1742 2343 1814 2400 illud
1827 2344 1891 2398 sind

1042 2432 1114 2488 mihi
1126 2431 1223 2487 videre
1234 2431 1295 2502 jam
1309 2431 1407 2486 videor
1420 2430 1590 2485 absolutum
1607 2434 1704 2504 atque
1721 2438 1890 2505 compertum,

1042 2520 1120 2595 quod
1141 2520 1304 2591 postillam
1325 2519 1523 2592 questionem,
1542 2519 1622 2591 quid
1643 2521 1685 2576 sit
1710 2522 1791 2578 male
1810 2523 1891 2583 taren.

1042 2610 1176 2680 deinceps
1188 2623 1317 2681 querere
1327 2608 1551 2675 institueramus,
1564 2608 1651 2664 unde
1667 2611 1752 2665 male
1766 2611 1891 2668 tammus.

1043 2699 1102 2756 Nisi
1115 2698 1193 2754 enim
1208 2698 1302 2766 fallor,
1318 2703 1350 2753 ut
1368 2698 1440 2752 ratio
1456 2701 1579 2753 tractatu
1592 2701 1793 2766 monstravit,
1807 2702 1834 2757 id
1847 2700 1893 2757 lari

1042 2801 1106 2841 mus
1125 2803 1160 2841 ex
1178 2786 1269 2841 libero
1293 2786 1448 2842 voluntatis
1463 2786 1601 2843 arbitrio.
1619 2788 1681 2844 Sed
1698 2807 1803 2861 quaero
1818 2795 1892 2845 utrum

1041 2875 1136 2946 ipsum
1152 2874 1276 2929 liberum
1299 2875 1462 2944 arbitrium,
1490 2891 1549 2946 quo
1580 2877 1738 2947 peccandi
1752 2879 1891 2934 facultateu

1041 2963 1147 3018 habere
1162 2961 1368 3026 convincimur,
1383 2962 1544 3034 oportuerit
1559 2964 1650 3020 uobis
1668 2965 1739 3021 dari
1755 2968 1792 3023 ub
1812 2983 1842 3023 eo
1855 2968 1890 3038 qui

1041 3067 1093 3108 nos
1104 3051 1179 3106 fecit.
1195 3051 1330 3106 Videmus
1343 3051 1422 3106 enim
1438 3067 1498 3106 uon
1514 3050 1608 3106 tuisse
1629 3055 1799 3124 peccaturi,
1814 3055 1836 3108 si
1853 3054 1889 3107 isto

1042 3155 1202 3196 careremus
1214 3145 1257 3208 ,et
1263 3140 1450 3195 metuendum
1461 3143 1502 3194 est
1513 3155 1550 3194 ne
1560 3140 1622 3196 hoc
1634 3143 1731 3199 modo
1743 3145 1816 3200 Deus
1825 3143 1888 3198 eben

1042 3229 1258 3284 malefactorum
1271 3233 1433 3283 nostrorum
1450 3232 1547 3284 auctor
1558 3230 1770 3288 existimetur.
1785 3234 1819 3289 A.
1830 3230 1888 3286 Nulla

1040 3317 1126 3372 modo
1141 3315 1213 3371 istuc
1240 3317 1390 3372 timueris:
1405 3318 1455 3372 sed
1470 3323 1502 3372 ut
1527 3318 1715 3392 diligentius
1739 3325 1886 3396 requiratur,

1041 3404 1120 3460 aliud
1135 3410 1249 3476 tempus
1264 3406 1435 3462 sumendum
1448 3411 1499 3461 est.
1516 3408 1595 3462 Num
1619 3410 1691 3466 hoec
1708 3408 1886 3468 sermocinatio
1929 3428 1932 3433 ·

1041 3494 1160 3550 modum
1176 3495 1389 3567 terminumque
1401 3496 1462 3567 jam
1476 3495 1648 3567 desiderat;
1671 3518 1739 3573 qua
1754 3502 1834 3557 velim
1844 3513 1885 3554 cre
1924 3474 1929 3501 ¹

1042 3583 1092 3638 das
1112 3599 1282 3654 magnarum
1306 3585 1525 3657 abditarumque
1539 3600 1647 3642 rerum
1664 3589 1884 3662 inquirendarum

1041 3671 1123 3743 quusi
1135 3672 1211 3727 fores
1226 3689 1285 3727 esse
1299 3673 1435 3745 pulsatas.
1457 3673 1490 3727 lu
1504 3689 1637 3745 quarum
1664 3679 1884 3749 penetralium

1041 3761 1100 3817 Deo
1113 3760 1183 3815 duee
1197 3761 1293 3815 venire
1308 3761 1488 3832 ruperimus,
1500 3760 1656 3832 judicabis
1673 3767 1810 3837 prolecto
1822 3779 1884 3838 quau

1040 3853 1102 3905 turn
1117 3848 1192 3904 inter
1206 3850 1279 3905 bane
1291 3849 1525 3921 disputationem,
1541 3854 1574 3906 et
1588 3868 1641 3908 eas
1657 3871 1733 3926 quae
1755 3857 1884 3930 sequuntur

1039 3936 1163 4005 intersit,
1180 3943 1378 4010 quantumque
1400 3937 1456 3993 illae
1475 3944 1619 4010 praestent
1632 3943 1657 4011 ¹,
1686 3961 1752 4000 uon
1771 3945 1845 4001 modo
1858 3942 1885 3995 in

1041 4025 1237 4097 vestigationis
1253 4026 1415 4098 sagacitate,
1429 4026 1478 4081 sed
1501 4026 1594 4084 etiam
1616 4032 1783 4104 majestate
1802 4045 1883 4094 remu·

1040 4115 1238 4170 etelarissima
1262 4117 1324 4171 luce
1346 4115 1491 4170 veritatis:
1515 4117 1612 4188 pietas
1627 4125 1757 4178 tantum
1782 4122 1883 4185 adsita·

1040 4218 1093 4259 nos
1108 4203 1204 4259 divina
1217 4203 1395 4274 providentia
1408 4220 1523 4259 cursum
1538 4221 1634 4276 quem
1659 4208 1882 4275 instituimuslr

1040 4307 1108 4346 uere
1124 4297 1152 4346 et
1164 4292 1302 4364 perticere
1316 4293 1471 4365 permittat.
1488 4296 1522 4348 E.
1533 4292 1614 4349 Cedo
1630 4299 1786 4356 voluntati
1799 4306 1855 4362 tue,
1865 4300 1883 4348 el

1040 4379 1066 4434 ei
1081 4396 1174 4435 meam
1186 4380 1296 4451 judicio
1310 4385 1339 4436 et
1349 4385 1413 4436 roto
1428 4381 1623 4439 libentissime
1639 4387 1791 4463 adjungo.

1072 4469 1078 4503 ¹
1095 4469 1125 4517 ln
1138 4469 1174 4529 ll,
1192 4468 1240 4518 lttu
1252 4472 1383 4532 prestent.
1392 4469 1434 4519 Er.
1447 4470 1529 4534 bugd.
1539 4471 1611 4521 t'eu.
1627 4473 1700 4527 Lov.
1718 4477 1883 4528 taruanense

1040 4530 1093 4579 cuti
1106 4544 1208 4580 sumus.
1224 4531 1249 4580 M

138 4625 1884 4666 Ἣ

634 4716 891 4843 LIBER
937 4720 1391 4849 SECUNDUS.

138 4889 167 4940 lu
183 4903 246 5002 quss'
266 4890 418 4945 difficultate
434 4909 465 4968 ex
480 4911 512 4947 eo
529 4900 600 4973 quod
614 4900 731 4976 libertus,
746 4908 946 4975 quapeecetur,
961 4922 976 4956 c
992 4909 1045 4958 Deo
1060 4907 1121 4960 dela
1135 4911 1169 4960 alt
1181 4916 1339 4985 emergente,
1357 4913 1407 4963 tria
1418 4912 1475 4962 hac
1489 4911 1689 4985 disquiruntur
1705 4935 1712 4971 :
1729 4923 1790 4982 Qua
1805 4921 1884 4972 meon

237 4966 298 5004 eum
312 4969 368 5005 esse
379 4959 547 5010 menifestum
562 4967 608 5025 s1t;
624 4977 659 5014 en
671 4966 704 5015 ab
718 4979 775 5030 ipso
790 4971 843 5017 arnt
859 4967 929 5018 boue
943 4983 1132 5035 quaecumque3
1146 4977 1235 5023 utrum
1249 4989 1277 5024 ιιι
1292 4974 1369 5024 bouis
1386 4975 1517 5026 censenda
1530 4981 1567 5027 sit
1581 4978 1676 5032 libera
1690 4985 1829 5035 voluntas.

922 5093 1110 5109 ψ

137 5209 250 5266 CAPUT
263 5211 411 5268 Pillldllld.
426 5240 459 5251 -
475 5212 607 5287 libertas,
621 5232 676 5287 quo
687 5222 826 5288 peccatur,
841 5234 890 5274 ear
904 5222 984 5276 olleo

517 5302 597 5358 data.

173 5427 197 5478 l.
213 5427 246 5481 Ε.
261 5426 336 5497 lam,
351 5426 375 5481 si
387 5426 452 5483 fieri
464 5430 566 5499 potest,
584 5430 774 5501 explicumihi
794 5448 883 5504 quare
897 5433 983 5489 dede·

135 5509 174 5566 rit
187 5515 262 5569 lleus
276 5515 387 5573 homiui
401 5515 524 5573 liberum
544 5518 697 5574 voluntatis
712 5519 882 5578 arbitrium:
904 5523 982 5594 quod

1037 5169 1137 5242 utique
1152 5169 1176 5225 si
1188 5186 1246 5226 nou
1260 5172 1422 5245 accepisset,
1437 5189 1557 5244 peceare
1572 5191 1637 5233 uon
1655 5186 1771 5252 posset.
1787 5185 1825 5239 A.
1839 5181 1884 5236 lm

1036 5257 1115 5312 euim
1130 5263 1238 5314 eertum
1258 5260 1311 5315 tibi
1325 5265 1412 5333 atque
1430 5263 1582 5335 cognitum
1603 5273 1662 5337 est,
1680 5271 1777 5327 Deum
1793 5271 1885 5328 dedisse

1035 5346 1148 5402 homini
1162 5348 1226 5418 hoe,
1242 5352 1318 5422 quod
1333 5350 1395 5406 dari
1409 5351 1537 5408 decuisse
1552 5369 1613 5410 nou
1631 5359 1748 5428 putas?
1762 5363 1795 5416 Ε.
1808 5362 1884 5426 Quae
1917 5412 1922 5425 ,

1035 5439 1097 5489 tum
1111 5435 1141 5490 iu
1156 5438 1289 5506 superior
1303 5439 1377 5495 libro
1401 5440 1563 5514 intelligere
1581 5444 1661 5501 mihi
1679 5448 1760 5504 visus
1772 5466 1844 5514 sum,
1864 5451 1883 5500 el

1034 5522 1174 5579 habemus
1188 5525 1310 5583 liberum
1325 5528 1478 5585 voluntatis
1493 5531 1665 5604 arbitrium,
1682 5542 1712 5593 et
1725 5554 1785 5593 non
1795 5537 1845 5592 uisi
1858 5549 1882 5588 eo
