3884 6112
698 249 801 306 tinen
821 249 984 306 OCTAVUS.
1680 268 1732 322 522

73 366 307 437 se,baereditotnm
316 368 454 434 torpitote,
467 382 596 435 equorum
606 371 822 440 transmissione,
878 372 1008 442 adjurari
1021 373 1209 432 demonstrat.
1221 377 1367 434 Secundus
1382 381 1468 438 etiam
1481 383 1555 439 liber
1568 401 1603 441 ex
1617 389 1732 445 Petrum

73 470 128 511 rem
150 455 293 525 seditione,
307 461 472 524 potestatum
479 459 649 527 corruptione
656 465 822 528 pupnonles,
878 461 1039 529 sententiis,
1055 479 1120 535 quae
1133 465 1239 523 iuliani
1254 468 1373 539 argutiis
1389 486 1422 526 ac
1436 473 1620 544 sophismatis
1631 476 1671 531 ibi
1686 495 1733 550 op-

73 548 232 614 nueslram,
254 560 313 615 qnae
327 561 345 599 o
357 546 435 601 nobis
458 548 647 616 imponuntur,
667 548 823 604 erubescitis
878 553 1036 619 ponuntur,
1049 557 1170 609 constat.
1189 556 1259 611 Cum
1274 562 1372 613 autem
1385 561 1563 631 Augustinus
1578 569 1732 636 sereretur,

73 628 192 705 dioper.
206 635 276 704 lmp.
289 636 308 689 l.
321 637 347 704 t,
362 651 390 690 n.
403 636 505 705 74).Αο
517 639 581 706 post
592 638 681 692 multa
696 639 732 693 ad
748 654 834 693 eam·
880 640 912 690 ut
925 641 968 692 tot
982 643 1216 699 lamsanctorum
1226 649 1343 718 tamque
1355 649 1535 707 eruditorum
1551 654 1667 709 Petrum
1683 671 1734 711 au·

75 723 493 779 lumniandicansamreversns
506 740 513 778 ε
528 726 823 793 corruscantem
878 726 1004 784 ctoritati
1018 730 1132 786 cederet
1145 733 1290 803 lulianus;
1307 735 1365 792 imo
1387 755 1479 811 neque
1494 741 1647 807 dubitaret,
1662 744 1733 816 quin

73 812 169 868 taliam
179 812 345 880 factionibus
353 816 532 868 commovistis
542 814 556 867 l
565 829 614 868 cur
620 815 763 872 seditiones
772 819 823 871 lto-
877 817 965 872 etium
981 819 1060 890 ipsos
1075 823 1128 876 hac
1138 823 1168 877 in
1181 841 1211 879 rs
1224 826 1465 883 errassedicturus
1475 834 1566 898 esset;
1581 837 1733 904 propterea

73 900 169 956 iduatis
179 903 286 971 populis
299 903 440 956 excitastis
452 901 524 957 later
537 902 570 956 sle
582 904 734 972 sumptibus
751 920 822 974 pou·
876 907 1086 980 nequidquam
1102 927 1135 966 ex
1150 917 1210 968 toto
1225 914 1302 969 illius
1322 931 1409 986 opere
1430 934 1486 973 non
1511 920 1658 990 explosum
1681 921 1732 976 de·

80 992 231 1058 nutantis
243 1006 293 1060 per
307 995 465 1060 totompene
480 992 607 1058 Africam
619 1007 749 1060 equorum
765 1011 820 1063 pre·
876 998 1073 1068 structamque
1086 1006 1255 1070 remaneret,
1278 1003 1408 1076 singulos
1429 1010 1554 1077 quatuor
1566 1007 1672 1063 tuliani
1696 1008 1731 1064 li·

72 1092 108 1134 us
133 1083 311 1149 prosequente
331 1079 434 1148 Alypio
448 1079 567 1133 tribunis
581 1083 606 1134 el
620 1082 823 1138 centurionibus
876 1083 942 1138 bros
957 1085 1079 1157 singolis
1094 1089 1213 1144 lotidem
1241 1091 1300 1145 suis
1318 1094 1434 1162 retollit,
1456 1095 1606 1167 exquisitis
1627 1098 1731 1153 contir-

73 1168 126 1223 stis
142 1169 218 1222 leur
240 1171 427 1222 matronarum
439 1168 537 1222 oblatis
552 1168 756 1223 hereditatibus
770 1185 822 1238 po·
878 1187 958 1227 mans
973 1177 1150 1245 argumentis
1161 1182 1190 1232 et
1204 1194 1299 1234 veram
1315 1182 1541 1239 essedoctrinam
1551 1186 1731 1254 catholicam,

72 1256 188 1312 *manli
210 1258 382 1326 corrupistis,
407 1260 438 1311 nt
463 1259 492 1310 in
517 1271 565 1311 nos
588 1258 692 1326 stipula
717 1260 822 1325 suroris
876 1261 1197 1334 etPelagianisplacilis
1213 1267 1440 1324 Manichaeorum
1455 1272 1588 1328 haeresim
1605 1274 1727 1330 stabiliri

83 1345 219 1401 arderet?
240 1360 289 1400 cur
304 1344 461 1414 dissipastis
475 1345 656 1400 Ecclesiorum
681 1349 822 1416 quitatem?
878 1348 989 1418 (Contra
1002 1353 1152 1417 luliorrum,
1172 1354 1217 1408 lib.
1236 1358 1262 1422 3,
1277 1373 1307 1412 n.
1325 1359 1361 1428 t).
1378 1357 1520 1430 Principio
1535 1361 1623 1417 totius
1637 1364 1732 1433 operis

72 1436 155 1503 lgiosi
168 1435 307 1504 Princmis
324 1438 445 1502 tempora
457 1435 672 1503 persecutionum
685 1437 823 1505 impietate
876 1441 974 1508 aperte
987 1440 1151 1510 profitetur,
1167 1459 1197 1497 se
1210 1443 1318 1498 tuliani
1334 1447 1522 1502 contumelias
1541 1465 1599 1504 non
1613 1467 1732 1521 prorsus

73 1526 155 1579 stis?
174 1523 270 1593 (ibit,
285 1523 333 1577 lib.
360 1526 385 1590 3,
407 1539 436 1578 n.
462 1523 516 1591 35.)
540 1522 594 1578 Sed
622 1523 821 1594 impotentiam
876 1531 1067 1584 contemnere.
1080 1531 1184 1585 Verum
1195 1531 1286 1604 (quod
1295 1533 1456 1590 catholicos
1466 1535 1666 1608 disputatores,
1679 1540 1729 1611 qni

72 1611 196 1684 isatque
206 1611 349 1683 insignem
361 1611 571 1683 impudentiam
582 1613 759 1681 Augustinus
769 1614 821 1668 hac
876 1615 1004 1685 agratias
1020 1617 1069 1672 Dei
1084 1618 1208 1674 inimicis
1222 1623 1297 1677 male
1324 1622 1476 1686 habentur,
1501 1626 1728 1684 animadvertere

72 1700 154 1756 sione
169 1701 314 1756 retundit:
326 1702 385 1755 Ant
398 1701 585 1769 calumniaris,
597 1707 645 1757 unt
656 1705 743 1757 nescis
753 1703 822 1773 qnid
872 1703 964 1773 jurat)
979 1721 1039 1774 non
1054 1707 1091 1761 ob
1106 1707 1185 1764 aliud
1202 1725 1263 1764 sese
1275 1710 1310 1765 iis
1324 1718 1502 1769 commotum
1521 1715 1654 1783 declarat,
1675 1718 1730 1773 nisi

72 1791 106 1845 is:
117 1794 144 1844 et
156 1789 217 1844 ideo
231 1790 414 1857 antenoridae,
426 1795 474 1845 out
490 1793 648 1846 temerarius
664 1794 719 1846 ista
733 1793 822 1861 loque·
876 1793 951 1863 quod
974 1793 1041 1849 inde
1059 1795 1114 1851 sibi
1132 1798 1252 1853 materis
1270 1801 1459 1871 praeberetur,
1480 1806 1543 1859 tum
1564 1805 1673 1862 loetitiae
1701 1810 1730 1862 et

73 1878 106 1934 id
124 1883 149 1933 te
163 1884 252 1933 nntnn
266 1882 392 1948 nequius,
408 1881 435 1934 si
454 1880 508 1934 brea
524 1882 581 1949 ipse
601 1880 729 1952 insistit
754 1880 822 1949 quiri
876 1881 1074 1938 exsultationis
1085 1890 1205 1956 propter
1218 1890 1378 1945 mercedem
1390 1906 1476 1962 quam
1486 1891 1610 1949 habebat
1619 1895 1731 1950 uberio-

72 1981 106 2036 ss,
121 1970 148 2024 si
159 1968 321 2038 tingentibus
336 1968 638 2024 credidistillnmoero
651 1968 723 2039 quod
736 1972 820 2023 etiam
874 1985 936 2024 rem
951 1969 983 2025 in
1007 1972 1095 2040 caelis,
1111 1977 1172 2029 tum
1191 1976 1361 2033 moeroriset
1375 1979 1498 2036 tristitiae
1520 1985 1638 2054 propter
1652 1983 1729 2055 peri·
1770 1990 1779 2007 ·

72 2071 179 2113 enusus
191 2072 229 2124 es,
241 2072 326 2127 neque
339 2060 441 2112 oeritns
455 2072 489 2113 ne
507 2057 545 2111 od
559 2073 591 2112 cn
606 2059 663 2112 loco
677 2058 743 2113 libri
752 2074 820 2127 per·
875 2058 972 2113 culum
981 2059 1100 2129 iuliani,
1113 2063 1195 2133 cnjus
1205 2063 1297 2120 ricem
1311 2083 1371 2138 prae
1386 2083 1438 2124 sua
1452 2068 1484 2123 in
1498 2084 1565 2125 eum
1579 2070 1728 2140 charitate,

72 2147 154 2208 tini,
170 2160 230 2214 qnae
245 2151 319 2201 terra
332 2149 456 2215 morique
477 2150 660 2202 transeuntem
688 2161 734 2201 scu
748 2150 821 2201 ceni-
877 2162 1095 2205 necnoncorum
1108 2151 1159 2221 qui
1168 2153 1203 2207 ab
1215 2153 1263 2208 illo
1269 2153 1497 2228 decipiebantur,
1505 2157 1622 2214 dolebat
1634 2158 1729 2229 (ibid,

72 2236 201 2302 colunum
215 2250 302 2290 meum
329 2236 463 2305 Alypium
490 2240 674 2305 susceperunt,
701 2237 749 2290 ubi
769 2236 822 2304 leqi
875 2235 923 2291 lib.
942 2239 968 2303 t,
982 2252 1010 2292 n
1033 2238 1066 2308 t).
1082 2237 1163 2303 Quod
1189 2240 1225 2296 ad
1242 2243 1472 2303 monomachiam
1493 2244 1549 2300 sibi
1571 2245 1698 2303 oblatum
1711 2264 1730 2303 u

72 2326 137 2380 nme
150 2329 199 2378 tna
210 2324 382 2393 semiloquio,
397 2325 455 2379 sine
467 2328 515 2379 tuo
529 2326 666 2389 irrisione,
680 2325 722 2379 nel
729 2326 821 2394 potius
874 2324 988 2381 tuliano
999 2327 1112 2395 attinet,
1127 2345 1192 2385 cam
1206 2329 1268 2401 ipse
1287 2346 1473 2405 nequaquam
1490 2338 1574 2405 putat
1587 2336 1728 2408 accipisn-

72 2414 152 2481 tione,
176 2428 230 2467 non
254 2418 386 2482 possunt;
413 2415 458 2468 cui
481 2428 534 2467 non
561 2413 621 2468 dico
635 2412 820 2482 impudentia,
875 2412 952 2469 dam.
973 2415 1064 2483 Absit,
1080 2416 1183 2489 inquit,
1201 2424 1232 2474 ut
1249 2422 1319 2477 mibi
1339 2422 1416 2492 opud
1429 2424 1728 2494 Catholicosarropem

71 2504 169 2557 sentia
182 2504 381 2570 comparatur?
396 2501 491 2571 (ltin,
511 2503 559 2557 lib.
582 2506 607 2569 t,
622 2517 681 2570 cop.
698 2501 753 2571 lt.)
766 2501 821 2555 ne-
875 2503 948 2573 qnod
963 2508 987 2559 tc
1005 2505 1057 2559 tibi
1069 2507 1144 2575 apud
1156 2508 1316 2575 Pelagianos
1332 2525 1462 2579 arrogare
1475 2527 1529 2566 non
1542 2512 1638 2581 pudet.
1657 2517 1729 2571 Unus

75 2590 226 2662 mprobam
235 2590 529 2646 lulianidicacitutem
539 2606 654 2646 riirsum
669 2590 820 2661 castigans,
875 2606 934 2646 sum
947 2607 961 2646 e
973 2595 1077 2660 mutes,
1090 2597 1139 2662 qui
1153 2598 1289 2665 profonas
1311 2602 1415 2653 oestrus
1429 2602 1573 2668 novitates,
1585 2607 1616 2656 ut
1628 2618 1729 2673 possu-

71 2680 196 2747 ruttolso
210 2684 274 2733 sunt
288 2682 405 2733 crimina
418 2695 478 2750 quae
489 2680 666 2749 objicisnobis
677 2699 685 2746 ;
698 2681 738 2734 ita
747 2680 822 2746 salsa
874 2695 944 2745 mus,
960 2681 1122 2748 renuamus,
1142 2685 1213 2738 sicut
1226 2688 1373 2756 unicuique
1386 2691 1508 2742 nostrum
1524 2691 1595 2744 Deus
1607 2695 1731 2759 partitus

71 2769 453 2840 romuloquaetinqitisoobis
473 2769 567 2840 (ibid,
585 2769 632 2823 lib.
661 2771 688 2836 3,
713 2783 741 2822 n.
765 2770 820 2839 ³5).
876 2774 915 2824 est
929 2770 1324 2840 mensnramtldeillbid.,lib.
1339 2777 1366 2841 6,
1380 2776 1475 2846 mit).
1491 2775 1573 2832 Absit
1587 2779 1730 2836 utadmo·

72 2861 178 2913 uatuor
189 2856 296 2912 tuliani
312 2857 398 2911 libros
411 2856 541 2911 nondum
562 2856 674 2911 viderat
685 2856 820 2926 Augusti·
875 2858 1045 2912 nomacbinm
1064 2873 1111 2913 nos
1135 2874 1285 2928 provocem,
1300 2877 1376 2930 quos,
1391 2862 1552 2932 arduumque
1566 2871 1728 2936 apparueri-

71 2960 118 3003 um
128 2961 229 3002 eorum
243 2950 373 3017 excerpta
384 2945 530 3000 refutavit:
542 2945 592 3000 sed
605 2960 662 2999 non
678 2945 718 2999 itu
731 2944 821 3000 multo
875 2945 921 3011 tis,
931 2944 1032 3015 ubique
1046 2945 1165 3015 diffusus
1180 2948 1553 3021 Christiplcbellateaercitns
1564 2968 1571 3019 ;
1584 2956 1633 3022 qui
1641 2955 1728 3012 debel-

71 3035 152 3108 iejus
164 3051 267 3091 manus
282 3035 345 3090 illos
357 3035 467 3089 venisse
478 3034 544 3090 hinc
553 3033 734 3105 intelligitur,
743 3033 822 3105 quod
876 3029 944 3083 lavit
953 3030 1031 3100 apud
1045 3031 1238 3099 Gorttaqinem
1252 3033 1411 3103 Caelestinm,
1424 3036 1533 3105 quondo
1546 3039 1603 3094 illu
1612 3041 1667 3110 ipsi
1675 3056 1730 3096 non

71 3124 314 3180 ,confutationem
326 3125 456 3196 proxime
478 3128 541 3196 post
556 3123 646 3179 libros
661 3123 697 3179 ad
712 3122 822 3178 Bonifa-
876 3133 949 3173 mam
961 3134 968 3187 ;
979 3122 1005 3174 sl
1019 3135 1116 3175 rursus
1124 3119 1371 3193 Constantinopoli,
1389 3129 1444 3180 tam
1453 3125 1531 3196 lonpe
1544 3143 1562 3181 a
1574 3130 1731 3197 regionibns

72 3218 144 3270 onst
155 3214 455 3281 (iletr’actntionumlib.
474 3216 502 3282 t,
517 3228 577 3282 cop.
594 3214 650 3281 tt),
666 3211 822 3284 Episcopus
875 3208 1037 3275 Africanis:
1065 3212 1115 3280 qui
1135 3210 1279 3267 debellauit
1300 3216 1330 3267 in
1351 3215 1498 3270 Palaestina
1517 3217 1667 3289 Pelopiam,
1682 3220 1731 3276 ubi

71 3318 88 3359 n
101 3302 230 3375 (Claudio
240 3318 345 3358 nomen
357 3306 418 3357 erat
432 3301 533 3375 [Epist.
543 3299 634 3373 ibit).
646 3301 698 3356 hos
708 3301 742 3356 ad
754 3318 822 3357 enm
876 3312 987 3353 causam
996 3303 1176 3355 cestramsaae
1184 3301 1369 3359 damnationis
1377 3305 1472 3359 nenne
1481 3307 1623 3363 damnauit
1634 3307 1729 3379 (ibid,

71 3407 139 3447 nam
158 3396 277 3464 peteret,
289 3392 376 3447 misit.
392 3395 530 3462 deceptos
544 3390 633 3462 igitur
643 3394 757 3446 sanctus
772 3392 822 3446 ibo
876 3386 924 3441 lib.
939 3390 966 3456 3,
981 3403 1012 3444 n.
1031 3388 1070 3457 4).
1100 3389 1133 3442 ln
1161 3387 1256 3459 primo
1278 3390 1352 3446 libro
1373 3391 1538 3464 Hieronymi
1560 3398 1729 3453 commemi-

71 3480 143 3538 dulo
167 3481 299 3548 excussit,
321 3497 352 3535 ac
367 3482 438 3535 tales
454 3480 576 3552 legendo
592 3479 709 3551 reperit,
724 3478 822 3550 quales
875 3474 919 3529 nit
954 3478 1092 3546 tanquam
1123 3477 1296 3533 mortalitate
1324 3479 1387 3550 jam
1418 3479 1545 3536 defuncti
1577 3484 1671 3555 (ibid,
1698 3502 1727 3542 n.

71 3575 201 3641 nequam
212 3587 262 3625 eos
273 3569 402 3637 haberet,
418 3569 637 3632 existimaverat,
652 3567 760 3622 scilicet
770 3567 821 3621 lat·
877 3560 933 3633 st).
962 3563 1049 3635 Atqui
1076 3569 1190 3619 sauctus
1216 3565 1264 3619 ille
1287 3566 1437 3638 presbyter
1457 3566 1535 3623 diem
1558 3570 1631 3626 obiit
1653 3588 1730 3629 anno

70 3673 92 3714 .c
102 3657 260 3713 mendaciis
275 3657 411 3712 refertos:
428 3661 457 3712 et
470 3672 538 3711 sane
553 3672 612 3711 non
625 3653 823 3726 poterantnisi
876 3654 990 3706 lantum
1017 3651 1298 3724 quadringentesimo
1325 3654 1463 3726 vigesimo
1486 3657 1580 3728 pridie
1592 3658 1731 3717 kalendas

70 3745 112 3802 ›di
138 3746 201 3800 telis
211 3746 370 3813 veritatem,
383 3761 471 3817 quam
481 3743 700 3816 impugnabant,
716 3741 823 3799 adoriri
878 3738 1021 3795 octobris:
1038 3756 1096 3812 quo
1112 3740 1154 3807 tit,
1169 3745 1203 3795 ut
1215 3740 1300 3797 hosce
1314 3741 1402 3798 libros
1416 3746 1447 3799 in
1461 3758 1570 3801 annum
1592 3749 1731 3819 quadrin-

70 3852 74 3885 ι
107 3837 210 3905 impert
230 3836 277 3890 lib.
308 3839 331 3904 t,
357 3851 384 3889 n.
413 3837 466 3903 17).
493 3834 596 3888 Eadem
624 3832 673 3887 illa
701 3831 822 3887 lectione
877 3826 1071 3900 geutesimum
1084 3827 1256 3901 vigesimum
1276 3829 1402 3903 primum
1430 3831 1537 3890 reterre
1561 3851 1620 3891 non
1647 3837 1733 3895 dubi-

70 3923 170 3991 sendit,
182 3929 315 3995 excerpta
336 3939 401 3994 quac
420 3921 475 3976 sibi
505 3921 621 3976 miserat
639 3920 776 3988 Valerius,
792 3919 824 3975 in
878 3921 982 3972 temus.

70 4012 118 4069 llis
135 4012 289 4068 abbatiani
309 4027 396 4082 opere
419 4011 591 4082 discrepare.
618 4010 697 4065 Unde
718 4008 824 4064 veritus
914 4011 939 4062 3.
955 4007 1144 4062 conseminat
1157 4007 1234 4064 inter
1252 4025 1282 4063 se
1296 4009 1519 4084 chronographi,
1535 4013 1731 4075 Constantium

70 4100 184 4174 iipsum
199 4102 340 4168 lulianus,
362 4101 406 4155 vel
421 4099 494 4154 alius
509 4097 663 4171 quispiam,
679 4098 823 4169 vulgatam
878 4096 1081 4167 imperatorem
1097 4097 1215 4152 honorii
1229 4097 1350 4154 levirum
1363 4116 1379 4154 a
1395 4100 1453 4156 ritu
1478 4101 1533 4156 hoc
1561 4119 1637 4158 anno
1662 4122 1732 4176 qna-

70 4189 283 4262 responsionem
298 4188 485 4259 conspiciens,
508 4186 616 4242 fraudis
630 4201 712 4241 reum
727 4191 824 4257 ageret
878 4183 1252 4256 dringentesimorigesimo
1264 4187 1357 4258 primo
1372 4187 1521 4260 migrasse,
1534 4204 1600 4244 cum
1615 4190 1732 4246 omnino

70 4283 211 4337 nationum
231 4280 277 4334 tib.
298 4283 326 4345 t,
343 4293 402 4348 cop.
428 4276 484 4348 b‘t).
504 4277 565 4330 Non
584 4274 761 4330 omisitccrtc
775 4274 823 4330 lu·
879 4288 928 4327 sex
942 4288 1057 4328 menses
1071 4272 1251 4344 imperasset,
1272 4275 1394 4346 septimo
1409 4277 1566 4331 secundum
1581 4277 1731 4351 Olympio·

77 4366 110 4424 id
123 4367 150 4422 ei
165 4366 293 4421 criminis
308 4363 706 4436 ianriosissimeimpingere,
723 4378 825 4434 qnam·
880 4361 983 4417 dorum
997 4361 1079 4418 inito.
1089 4361 1261 4433 liujusinter
1274 4362 1341 4433 alia,
1352 4380 1418 4435 qum
1437 4365 1482 4420 sui
1497 4380 1565 4435 erga
1578 4366 1732 4425 Ecclesiam

70 4472 107 4514 ns
120 4455 335 4511 criminationes
349 4470 401 4525 par
414 4470 444 4509 se
468 4453 621 4509 contractae
635 4455 823 4507 corruerent:
880 4449 992 4505 ardoris
1005 4449 1122 4522 reliquit
1144 4456 1320 4522 monmeuta,
1334 4457 1426 4507 exstat
1439 4453 1608 4524 rescriptum
1623 4455 1660 4511 ad
1676 4457 1730 4512 Vo-

70 4560 126 4602 ’ero
155 4549 285 4600 sanctum
309 4546 459 4599 Doctorem
473 4559 531 4598 non
555 4542 659 4597 obcnre
679 4545 824 4612 excerpto·
879 4538 1024 4594 lusiunnm
1047 4539 1213 4611 praelectum
1239 4541 1318 4610 Urbi,
1342 4544 1374 4595 ut
1388 4539 1479 4596 ltoma
1496 4542 1620 4611 pellatur
1642 4544 1732 4601 Caele·

70 4635 168 4709 [nibus
182 4633 379 4706 responderat,
400 4636 548 4687 auctorem
568 4630 736 4701 designabat
748 4631 825 4699 topo·
879 4627 959 4683 stius.
982 4627 1035 4686 Cui
1062 4629 1201 4701 rescripto
1228 4628 1398 4685 Volusianus
1424 4629 1625 4703 obtemperans
1649 4633 1733 4706 jubet

70 4711 180 4793 pertuli
198 4722 246 4778 lib.
276 4726 299 4787 t,
318 4738 346 4776 n.
371 4721 427 4790 tt).
446 4720 489 4775 Ad
507 4718 719 4773 confutandum
737 4716 826 4788 igitur
879 4716 1054 4786 Coelestinm,
1069 4734 1155 4789 quem
1169 4717 1273 4772 divinae
1287 4715 1356 4772 fidei
1369 4720 1397 4773 et
1407 4717 1512 4789 qnietis
1524 4720 1648 4790 publicos
1662 4739 1729 4796 per-

69 4811 77 4867 i
96 4826 180 4883 opus,
196 4815 302 4883 praeter
316 4809 382 4877 alia,
406 4808 495 4878 hujus
514 4807 600 4862 ctiam
624 4806 826 4862 acccusationis
879 4807 1059 4862 turbatorem
1070 4807 1204 4878 appellat,
1220 4806 1405 4877 Romanique
1416 4807 1597 4866 omniricina
1610 4813 1730 4884 regione

77 4914 146 4955 eum
162 4896 294 4970 impulit:
320 4896 351 4951 id
372 4899 471 4950 entem
490 4910 539 4949 sex
563 4893 644 4948 libris
670 4895 827 4951 luculenter
879 4895 1035 4965 exturbari,
1050 4892 1266 4966 proscriptionis
1285 4909 1370 4965 poena
1384 4894 1453 4967 iltis,
1471 4897 1522 4970 qui
1535 4901 1671 4958 eumdem
1685 4918 1732 4958 oc-

70 4987 114 5045 lit.
141 4989 181 5042 Ac
206 4986 335 5058 primum
359 4985 476 5057 quidem
492 4983 562 5055 quia
576 4982 707 5038 lulianus
727 4983 758 5039 in
778 5000 827 5039 eos
880 4983 1061 5054 cultarerint,
1075 4984 1224 5038 intentata.
1237 4982 1430 5055 Subejusdem
1444 4985 1582 5058 principis
1595 4988 1731 5061 imperio,

72 5077 147 5151 ,qui
162 5092 195 5130 ex
218 5077 310 5132 Adam
325 5074 401 5129 trahi
421 5078 570 5145 peccatum
589 5071 728 5144 originale
746 5072 826 5127 dice·
880 5073 1014 5127 tribunus
1034 5070 1151 5127 nomine
1183 5071 1269 5125 Ursus
1297 5072 1395 5127 omnia
1421 5073 1541 5129 aedilicia
1554 5076 1733 5132 celeberrimi

69 5165 225 5222 sonterebat
239 5164 360 5236 impium
377 5162 596 5219 Manichaeorum
615 5162 729 5233 dogma,
754 5160 827 5215 hanc
879 5160 982 5232 templi
995 5159 1123 5215 Caelestis
1137 5159 1199 5215 deae
1214 5159 1482 5233 Carthaginensium
1496 5163 1533 5219 ad
1546 5163 1734 5220 fundamenta

69 5253 201 5311 sissimus
226 5269 357 5325 quosque
377 5251 506 5307 Ecclesia
526 5253 623 5306 Patres
636 5248 762 5304 recidere
776 5265 826 5304 ca-
879 5263 971 5322 usque
986 5247 1084 5314 ducit,
1100 5264 1133 5302 ac
1155 5246 1249 5303 solnm
1263 5247 1341 5305 illius
1355 5251 1527 5323 sepeliendis
1545 5253 1668 5308 mortuis
1686 5254 1734 5311 de-

69 5342 264 5409 umostendit‚
278 5340 371 5397 altatis
386 5340 417 5395 in
431 5356 495 5395 eam
510 5356 573 5394 rem
587 5342 647 5394 tum
662 5339 826 5394 Graecorum
880 5336 996 5394 adnavit
1017 5337 1153 5408 (Prosper,
1179 5337 1429 5408 Prudestinotione‚
1457 5341 1506 5395 lib.
1533 5342 1559 5406 3,
1588 5356 1648 5411 cap.
1677 5345 1731 5416 38).

70 5430 239 5491 Latinorum
251 5428 439 5486 testimoniis:
451 5429 521 5501 quin
530 5428 615 5483 etiam
629 5426 720 5498 ipsius
730 5426 827 5498 potius
882 5428 945 5483 Hac
959 5424 1034 5481 aedes
1050 5425 1112 5497 jam
1133 5425 1226 5482 fuerat
1243 5427 1409 5484 Christianis
1423 5427 1539 5493 tradita,
1565 5444 1680 5487 necnon
1700 5433 1732 5490 in

69 5519 259 5579 itemerariis
286 5517 460 5591 quibusdam
484 5516 632 5574 sententiis
656 5515 826 5573 Manichaos
883 5514 1029 5573 ecclesiam
1043 5514 1080 5572 ab
1105 5516 1223 5576 Aurelio
1237 5522 1420 5576 consecrata:
1446 5517 1495 5572 sed
1524 5516 1616 5574 nihilo
1629 5517 1734 5578 'secius

130 5616 268 5682 aanor„
293 5616 417 5684 xxxii.
1400 5611 1600 5704 (na-sepe.)
