3884 6112
10 271 136 365 Ε1217
822 272 928 330 LIBER
947 273 1051 331 UNUS.

1753 291 1820 345 late

10 413 14 453 t
62 405 173 460 cemus,
190 405 255 444 cum
268 390 339 445 falsa
352 389 528 459 intueamur
544 391 668 463 ignoro:
686 393 742 448 nisi
765 395 833 467 quia
852 411 912 451 non
966 399 1056 453 ne'scit
1074 400 1166 470 etqui
1180 416 1210 457 se
1224 401 1387 457 lalsanovit
1409 403 1533 474 audisse,
1555 414 1583 461 et
1597 409 1648 479 qui
1662 413 1785 480 posset
1777 430 1821 468 m·

10 508 14 546 ,
60 478 315 534 noseavidereac
330 479 446 545 sentire,
463 480 512 534 sed
531 480 632 535 vidisse
656 498 688 536 ac
703 485 824 540 sensisse
846 501 915 540 nar
969 492 1130 559 terrogetus
1145 489 1246 544 eadem
1267 492 1441 561 respondere
1463 509 1528 565 ιιι
1550 494 1625 551 dicta
1651 503 1728 567 sunt,
1744 500 1818 556 nihil

58 581 170 620 ramus
193 568 235 620 lta
259 566 342 620 illas
335 583 477 639 imagines
500 568 531 622 in
553 571 697 625 memoriae
721 575 916 644 penetralibus
969 575 1063 630 verbis
1075 593 1145 631 mers
1160 577 1292 633 didicisse
1305 580 1493 637 convincitur

56 670 161 709 rerum
176 660 242 709 ante
254 672 403 710 sensarum
425 657 557 727 quiedam
575 659 746 715 documenta
759 666 914 732 gestamus,
971 663 1084 719 CAPUT
1090 666 1158 720 lllll
1162 668 1676 738 -Vcrtoromotucqateemanimus
1683 674 1820 744 loquentis

58 758 127 814 quae
143 744 240 797 animo
254 745 480 816 contemplantes
493 746 567 800 bona
579 749 753 803 conscientie
767 766 825 804 non
835 767 915 805 men·
1323 760 1459 826 operitur.

55 831 151 886 tamur
165 849 230 886 cum
248 833 407 931 loquimur:
426 835 474 888 sed
489 836 570 889 nobis
586 841 654 890 sunt
667 837 913 906 :stadocumenta
1003 842 1046 894 lt.
1067 840 1282 905 Quamobrem
1274 860 1304 897 ιι
1319 844 1449 899 ιιιιιιιιιι
1464 854 1634 918 quaemento
1649 857 1818 922 cernuntur,

55 935 85 973 rs
99 936 178 974 enim
190 921 339 992 quiaudrt
356 937 380 975 ιι
394 937 428 975 ιι
451 922 539 977 sensit
564 929 649 994 atque
675 925 777 993 adluit,
797 943 855 982 non
872 927 914 981 di·
968 926 1073 982 frustra
1090 930 1233 984 cernentis
1252 931 1382 1002 loquelas
1410 933 1489 989 audit
1504 952 1634 1007 quisquis
1653 954 1687 993 ea
1700 955 1819 997 cernere

55 1009 115 1063 scit
140 1008 212 1062 meis
242 1009 346 1078 verbis,
373 1010 423 1065 sed
445 1012 624 1082 recognoscit
648 1013 750 1068 ablatis
775 1028 871 1069 secum
888 1018 917 1068 et
969 1032 1026 1070 non
1042 1020 1145 1088 potest,
1163 1017 1220 1072 nisi
1239 1020 1307 1116 quia
1322 1021 1390 1075 tatia
1407 1023 1544 1093 quamdiu
1561 1024 1731 1095 ignorantur
1746 1029 1818 1084 utile

56 1096 325 1169 ipseimaginibus:
339 1098 374 1152 sit
390 1105 487 1154 autem
500 1100 549 1155 illa
563 1117 622 1155 non
639 1102 728 1157 sensit
742 1104 762 1170 ¹,
779 1102 843 1174 quis
857 1119 915 1157 non
968 1109 1010 1157 ιιι
1024 1105 1156 1160 credere:
1175 1105 1304 1178 quisquis
1318 1114 1415 1162 autem
1426 1126 1542 1165 cernere
1556 1118 1662 1184 potest,
1679 1115 1757 1171 intus
1776 1123 1819 1172 est

56 1185 255 1240 eumcredere
270 1186 467 1256 potiusverbis
481 1205 569 1260 quam
580 1189 688 1244 discere
696 1190 862 1261 intelligat?
968 1188 1125 1259 discipulus
1139 1191 1275 1257 veritatis,
1297 1193 1368 1246 loris
1384 1194 1469 1263 juder
1493 1196 1647 1266 loquentis,
1663 1200 1706 1253 vel
1719 1201 1817 1271 potius

95 1276 141 1328 40.
156 1275 301 1329 Cumrero
318 1275 353 1330 de
368 1275 404 1329 ιιι
418 1277 513 1347 agitur
524 1293 589 1349 quae
598 1284 695 1333 mente
709 1279 912 1350 conspicimus,
967 1275 1057 1346 ipsius
1072 1278 1232 1333 locutionis.
1253 1279 1324 1334 Nam
1337 1281 1508 1351 plerumque
1523 1283 1577 1337 scit
1590 1284 1639 1338 illa
1653 1302 1719 1356 quas
1742 1288 1818 1343 dicta

52 1362 90 1418 id
104 1363 301 1417 estintollectu
326 1369 410 1434 atque
430 1365 552 1428 ratione,
571 1382 605 1420 ea
625 1367 743 1439 quidem
769 1368 914 1438 loquimur
967 1364 1817 1445 ⁵⁰11b0019³⁰ssewiesslequaedixittvelutiSiquisquam
1911 1408 1914 1413 ·

55 1467 126 1524 que
138 1451 292 1522 praesentia
307 1457 477 1507 contuemur
496 1453 526 1507 in
546 1454 596 1508 illa
609 1454 747 1511 interiore
766 1455 829 1510 luce
844 1456 915 1510 veri·
967 1452 1111 1523 Epicureis
1129 1453 1248 1507 credens
1268 1459 1297 1508 et
1314 1456 1464 1510 mortalem
1484 1457 1611 1512 animam
1630 1467 1746 1530 putans,
1768 1480 1816 1519 cas

56 1539 139 1609 tatis,
155 1555 212 1611 qua
225 1539 284 1611 ipse
299 1541 349 1611 qui
361 1541 466 1595 dicitur
476 1542 563 1598 homo
573 1542 702 1611 interior,
718 1544 914 1600 illustraturet
967 1540 1091 1595 rationes
1106 1557 1170 1613 quae
1185 1541 1219 1596 de
1238 1541 1454 1598 immortalitate
1469 1545 1530 1615 ejus
1544 1562 1561 1599 a
1582 1549 1818 1617 prudentioribus

58 1627 185 1682 imitar:
202 1628 252 1682 sed
269 1634 337 1683 tuuc
352 1645 466 1701 quoque
481 1637 578 1685 noster
593 1630 717 1701 auditor,
732 1630 756 1685 si
768 1635 797 1686 et
811 1634 839 1684 et
853 1631 913 1702 ipse
964 1634 1092 1684 tractatae
1107 1635 1183 1699 sunt,
1197 1630 1359 1701 eloquatur,
1374 1631 1424 1687 illo
1434 1634 1569 1688 audiente
1584 1636 1634 1706 qui
1657 1637 1818 1708 spiritualia

56 1714 112 1771 illa
126 1723 231 1770 secreto
251 1733 283 1771 ac
298 1717 421 1789 simplici
436 1719 518 1773 oculo
532 1718 629 1786 videt3
651 1719 730 1774 novit
750 1719 826 1791 quod
848 1719 912 1774 dico
967 1717 1096 1771 contueri
1112 1722 1219 1788 potest3
1237 1718 1348 1789 judicat
1362 1720 1415 1775 iste
1430 1737 1497 1775 eum
1508 1737 1575 1776 vera
1589 1723 1699 1779 dicere:
1720 1732 1750 1782 at
1768 1728 1818 1784 ille

56 1821 113 1861 sua
126 1805 381 1877 contemplatione,
397 1822 457 1861 non
472 1808 565 1862 verbis
580 1808 662 1863 meis.
684 1809 758 1879 Ergo
779 1824 815 1862 ne
836 1809 913 1862 bunc
966 1804 1016 1877 qui
1032 1805 1109 1871 dicit,
1123 1811 1221 1861 utrum
1236 1823 1302 1861 vera
1321 1808 1395 1862 dicat
1410 1809 1535 1880 ignorat,
1545 1810 1604 1865 imo
1616 1813 1703 1868 etiam
1724 1815 1817 1871 falsis·

55 1893 178 1966 quidem
193 1895 281 1949 doceo
294 1911 362 1950 iera
388 1896 495 1964 dicens,
511 1913 578 1951 vera
601 1897 776 1963 intuentem
797 1898 913 1952 docetur
966 1894 1038 1948 sima
1056 1894 1214 1950 existimat:
1235 1911 1306 1950 num
1334 1896 1424 1966 igitur
1437 1899 1584 1968 putandus
1606 1904 1649 1955 esi
1663 1917 1697 1956 ea
1714 1902 1816 1960 docere

55 1981 139 2038 enim
155 2000 212 2038 non
223 1984 315 2038 verbis
331 1983 467 2050 meis,sed
486 1985 556 2056 ipsis
570 1985 664 2052 rebus,
680 1986 737 2040 Deo
751 1984 828 2039 intus
841 2001 913 2057 pan·
967 1999 1033 2054 ιιι
1060 1983 1173 2039 nescit?
1193 1985 1281 2057 Atqui
1295 1985 1398 2041 iisdem
1416 1987 1509 2043 verbis
1530 1989 1631 2058 utitur,
1650 1992 1754 2062 quibus
1773 1988 1818 2050 uti

55 2072 155 2138 dente,
170 2073 341 2127 manifestis:
358 2073 456 2143 itaque
473 2073 507 2127 de
530 2072 575 2127 his
603 2073 690 2127 etiam
718 2073 913 2144 interrogatus

56 2159 234 2230 respondere
249 2165 354 2232 posset.
375 2159 448 2225 Quid
465 2164 559 2214 autem
577 2159 728 2214 absurdius
744 2176 831 2231 quam
846 2175 913 2214 eum

56 2253 162 2319 putare
177 2248 319 2303 locutione
333 2264 398 2303 mea
412 2247 517 2316 doceri,
528 2248 578 2319 qui
591 2253 854 2319 posset,antequam
868 2248 909 2303 lo·

56 2351 175 2408 querer,
206 2353 240 2391 ea
264 2337 326 2408 ipsa
347 2337 539 2408 iuterrogatus
554 2338 720 2408 exponere?
742 2337 814 2391 Nam
834 2337 910 2408 quod

56 2441 136 2497 saepe
151 2426 300 2497 contingit,
320 2426 557 2496 utintcrrogatus
575 2425 685 2496 aliquid
703 2429 798 2495 neget,
826 2432 913 2497 atque

56 2513 139 2568 adid
166 2513 315 2568 latendum
329 2513 393 2568 aliis
408 2513 682 2586 interrogationibus
714 2519 861 2584 urgentur,
880 2513 913 2567 ιιι

57 2601 114 2657 hoc
127 2600 323 2656 imbecillitate
335 2602 488 2667 cernentis,
501 2603 551 2673 qui
567 2604 601 2657 de
617 2619 646 2657 re
661 2606 721 2657 tota
731 2604 810 2658 illam
821 2604 913 2657 lucem

57 2692 209 2745 consulere
224 2707 282 2745 non
296 2695 409 2761 potest:
426 2692 503 2762 quod
520 2697 550 2745 ut
562 2692 690 2763 partibus
705 2692 799 2760 iaciat,
814 2694 914 2748 admo-

57 2784 156 2844 netur,
172 2795 237 2833 cum
253 2779 288 2833 de
303 2779 404 2833 iisdem
419 2780 480 2834 istis
490 2780 620 2850 partibus
630 2781 912 2853 interrogatur,qui·

57 2868 114 2923 bus
128 2868 177 2921 ille
204 2884 316 2922 summa
342 2872 461 2934 constat,
491 2884 579 2940 quam
601 2873 691 2924 totam
714 2884 831 2923 cernere
855 2885 912 2925 non

58 2955 184 3011 valebat.
196 2957 257 3020 Quo
276 2957 298 3010 si
313 2956 407 3011 verbis
421 2957 587 3028 perducitur
601 2959 663 3028 ejus
679 2957 728 3029 qui
742 2958 911 3030 interrogat,

59 3058 122 3098 non
138 3049 233 3097 temen
246 3044 414 3099 docentibus
429 3044 532 3107 verbis,
546 3044 596 3099 sed
610 3061 644 3099 eo
662 3046 747 3100 modo
766 3045 914 3118 inquiren·

59 3131 150 3200 tibus,
164 3147 220 3203 quo
236 3132 321 3186 modo
336 3138 378 3186 ιιι
392 3133 440 3187 ille
455 3149 472 3186 a
492 3148 548 3204 quo
563 3133 711 3204 quaeritur,
727 3132 805 3188 inlus
825 3135 913 3189 disce·

58 3235 93 3274 re
107 3219 243 3288 idoneus;
259 3220 336 3275 velut
350 3221 373 3275 si
388 3221 438 3275 abi
448 3227 474 3276 te
489 3237 649 3293 quaererem
659 3222 713 3275 boc
727 3223 822 3292 ipsum
836 3222 912 3294 qued

59 3309 168 3380 egitur,
195 3316 360 3366 utrumnam
375 3311 468 3366 verbis
490 3312 586 3367 doceri
602 3313 673 3367 nibil
697 3313 793 3383 possit,
812 3318 840 3368 ιι
866 3314 912 3369 ab·

58 3400 182 3454 surdum
197 3399 249 3454 tibi
266 3400 360 3471 primo
376 3401 521 3456 videretur
539 3418 596 3457 ιιι
608 3401 819 3456 valentitotnm
841 3418 911 3457 con-

57 3487 187 3560 spicere:
200 3488 239 3542 sic
255 3505 322 3560 ergo
338 3505 467 3560 querere
482 3488 619 3560 oportuit,
633 3492 664 3542 ut
679 3495 736 3544 tum
759 3505 820 3544 sese
838 3489 912 3545 vires

55 3576 167 3631 babent
180 3576 216 3631 ad
228 3578 405 3633 audiendum
421 3578 503 3632 illum
519 3576 781 3648 intusmagistrum,
794 3583 825 3631 ut
839 3578 911 3632 dice·

58 3680 140 3720 rem:
156 3667 193 3720 Ea
208 3683 272 3738 quae
302 3683 348 3722 me
375 3668 510 3739 loquente
532 3682 599 3721 vera
621 3682 681 3720 csse
703 3665 857 3732 confiteris,
883 3670 912 3722 ιι

56 3759 155 3809 certus
168 3771 206 3822 es,
222 3762 250 3809 et
277 3761 304 3812 te
329 3756 377 3811 illa
399 3772 481 3811 nosse
496 3756 658 3823 confirmas,
676 3754 752 3810 unde
767 3754 912 3810 didicisti?

56 3844 246 3913 responderes
274 3844 391 3900 fortasse
408 3844 485 3917 quod
500 3861 553 3916 ego
569 3845 739 3899 docuissem.
757 3845 829 3899 Tum
856 3861 910 3917 ego

56 3931 273 3988 subnecterem:
293 3933 366 3998 Quid
380 3933 403 3987 si
418 3949 464 3988 me
478 3934 626 3988 hominem
648 3937 793 3989 volantem
807 3933 910 3989 vidisse

57 4018 195 4085 dicerem,
211 4021 287 4077 itane
301 4029 328 4077 te
342 4027 451 4077 certum
462 4023 548 4077 verba
560 4039 625 4077 mea
634 4022 798 4091 redderent,
808 4038 909 4094 quem·

57 4108 215 4165 admodum
235 4111 259 4165 si
274 4111 387 4165 audires
415 4111 557 4182 sapientes
580 4109 713 4164 homines
732 4110 825 4164 stultis
849 4127 909 4166 esse

58 4198 220 4254 meliores?
236 4201 358 4272 Negares
367 4201 495 4272 prolecto
503 4205 530 4254 et
538 4199 725 4270 responderes
734 4198 803 4252 illud
814 4203 842 4255 te
849 4216 911 4255 non

57 4287 185 4354 credere,
205 4293 255 4343 aut
276 4289 388 4344 etiamsi
416 4288 547 4344 crederes
573 4287 716 4358 ignorare,
740 4287 795 4340 boc
813 4292 909 4342 autem

58 4376 216 4431 certissime
236 4378 316 4434 scire.
334 4380 372 4432 tx
399 4378 454 4432 hoe
476 4380 537 4449 jam
560 4376 699 4430 nimirum
721 4374 907 4447 intelligeres,

57 4480 152 4536 neque
166 4466 198 4520 in
214 4467 263 4522 illo
279 4468 356 4538 quod
370 4483 417 4521 me
431 4467 591 4521 allirmante
607 4464 764 4536 ignorares,
778 4465 909 4536 nequein

56 4552 112 4608 hoc
128 4556 206 4626 quod
231 4556 340 4626 optime
356 4556 453 4619 scires,
470 4555 576 4626 aliquid
605 4559 632 4608 te
660 4552 793 4608 didicisse
815 4553 909 4609 verbis

56 4642 147 4708 mels:
164 4642 397 4715 quandoquidem
412 4645 498 4699 etiam
511 4644 705 4714 iuterrogatus
725 4641 760 4696 de
776 4640 908 4712 singulis,

55 4729 162 4784 ctillud
170 4730 314 4801 ignotum,
325 4737 353 4786 ιι
368 4732 421 4786 ιιι
434 4731 486 4785 tibi
496 4735 598 4784 notum
615 4745 677 4784 esse
687 4730 812 4800 jurares.
835 4731 908 4783 Tum

54 4832 123 4872 vero
139 4823 232 4874 totum
245 4819 404 4890 illudquod
426 4835 579 4890 negaveras
598 4818 737 4886 fatereris,
757 4834 824 4873 cum
846 4818 908 4873 baec

54 4906 208 4978 exquibus
221 4914 342 4976 constat,
364 4909 441 4962 clara
466 4913 495 4962 et
515 4911 592 4962 certa
618 4923 679 4961 esse
700 4921 907 4978 cognosceres;

55 4995 155 5050 omnia
168 4996 276 5051 scilicet
289 5013 354 5069 ιιι
369 4996 525 5069 loquimur,
537 5000 587 5050 ιιι
597 4995 730 5067 ignorare
744 4995 906 5050 auditorem

52 5089 153 5139 utrum
172 5101 239 5140 vera
254 5086 321 5155 sint,
349 5091 398 5141 aut
426 5086 496 5141 laisa
525 5100 658 5139 essenon
686 5084 830 5155 ignorare,
857 5087 907 5138 aut

50 5173 125 5229 scire
153 5190 220 5228 vera
248 5191 319 5228 esse.
348 5176 456 5229 Horum
483 5173 571 5229 trium
595 5173 626 5228 in
649 5173 744 5243 primo
771 5176 821 5226 ιιι
842 5188 902 5226 cre·

49 5261 132 5331 dere,
151 5266 202 5316 aut
223 5261 347 5333 opinari,
364 5268 413 5315 aut
434 5261 565 5316 dubitare
590 5261 642 5329 ;in
664 5259 788 5315 secundo
808 5260 906 5315 adver·

47 5351 108 5408 sari
123 5355 209 5423 atque
224 5366 345 5405 renuere
358 5367 365 5417 ;
381 5350 505 5405 intertio
525 5349 672 5406 attestari:
688 5365 832 5422 nusquam
851 5348 905 5421 igi·

45 5444 99 5496 tur
113 5437 232 5494 discere.
250 5438 323 5504 Quia
337 5443 366 5492 et
379 5438 427 5493 ille
456 5438 507 5510 qui
523 5443 588 5510 post
614 5438 701 5495 verba
724 5443 822 5496 nostra
842 5454 904 5495 rem

82 5538 89 5570 ¹
105 5535 221 5586 ltrtor.
233 5535 584 5594 stactemitleoottsenstt.
633 5535 667 5588 ll.

967 2073 1053 2126 etiam
1066 2073 1158 2127 sciens
1171 2079 1277 2145 posset.

1001 2163 1045 2215 ιι.
1063 2161 1155 2226 Quare
1164 2164 1226 2232 jam
1242 2178 1276 2217 ne
1290 2162 1469 2235 hocquidem
1483 2167 1659 2239 relinquitur
1671 2172 1774 2242 verbis,
1784 2177 1818 2229 ut

967 2249 1012 2304 bis
1022 2250 1122 2304 saltem
1136 2250 1282 2322 loquentis
1299 2252 1412 2307 animus
1427 2253 1586 2324 iudicetur,
1603 2257 1626 2311 si
1641 2260 1758 2330 quidem
1771 2262 1817 2317 in-

968 2344 1077 2393 certum
1093 2345 1136 2392 est
1152 2345 1248 2394 utrum
1264 2355 1297 2394 ea
1311 2355 1376 2412 quae
1390 2341 1531 2412 loquitur,
1547 2344 1625 2400 sciat.
1641 2348 1721 2403 Adde
1738 2365 1818 2405 men-

966 2427 1070 2481 tientes
1084 2431 1168 2499 etque
1183 2427 1324 2497 fallentes,
1340 2444 1393 2498 per
1416 2445 1488 2500 quos
1503 2432 1584 2487 facile
1600 2434 1744 2507 intelligas
1758 2455 1817 2494 non

967 2516 1053 2570 modo
1070 2531 1127 2570 non
1137 2516 1254 2586 aperiri,
1267 2532 1364 2571 verum
1376 2518 1461 2573 etiam
1471 2521 1606 2575 occultari
1618 2523 1747 2580 animum
1756 2543 1819 2582 ver·

967 2604 1021 2659 bis.
1038 2606 1109 2659 Nam
1128 2605 1308 2659 nullomodo
1324 2607 1440 2678 ambigo
1461 2608 1490 2662 id
1506 2609 1603 2663 conari
1631 2613 1716 2667 verba
1737 2631 1818 2672 vera·

967 2692 1053 2758 cium,
1070 2699 1098 2746 et
1116 2693 1327 2764 quodammodo
1341 2695 1478 2764 profiteri,
1500 2700 1532 2750 ut
1547 2697 1660 2752 animus
1674 2701 1817 2772 loquentis

966 2786 1118 2853 appareat;
1130 2781 1206 2853 quod
1220 2781 1384 2836 obtinerent
1399 2783 1533 2837 omnibus
1545 2788 1776 2854 concedentibus,
1793 2793 1818 2847 si

967 2869 1046 2942 loqui
1062 2870 1268 2924 mentientibus
1280 2885 1337 2924 nou
1353 2871 1459 2925 liceret.
1476 2871 1645 2944 Quanquam
1670 2892 1745 2947 saepe
1767 2895 1816 2934 ex·

966 2959 1040 3031 perti
1053 2957 1202 3024 fuerimus,
1219 2962 1248 3012 et
1261 2958 1291 3012 in
1310 2958 1394 3012 nobis
1408 2964 1437 3013 et
1451 2959 1480 3013 in
1496 2961 1568 3027 aliis,
1586 2978 1642 3016 non
1656 2980 1755 3021 earum
1771 2985 1816 3023 re-

966 3064 1031 3102 rum
1049 3064 1114 3118 ιιι
1134 3046 1308 3118 cogitantur,
1333 3047 1418 3102 verba
1441 3048 1582 3120 proferri:
1605 3049 1683 3120 quod
1705 3052 1816 3107 duobus
1855 3034 1860 3039 ⁵

967 3136 1058 3191 modis
1072 3152 1155 3207 posse
1170 3135 1297 3190 accidere
1312 3134 1404 3205 video,
1417 3152 1484 3190 cum
1498 3142 1548 3191 aut
1561 3153 1655 3192 sermo
1667 3140 1816 3195 memorie

967 3225 1117 3280 mandatus
1132 3231 1161 3280 et
1184 3240 1259 3295 srepe
1280 3223 1426 3291 decursus,
1442 3225 1498 3279 alia
1512 3225 1671 3297 cogitandis
1684 3241 1734 3281 ore
1749 3226 1818 3281 lun·

966 3313 1043 3368 ditur
1056 3331 1063 3382 ;
1077 3314 1153 3387 quod
1168 3313 1249 3368 nobis
1267 3329 1332 3368 cum
1352 3314 1494 3385 hymnum
1510 3315 1640 3368 canimus
1654 3330 1731 3386 saepe
1745 3331 1814 3371 con·

965 3402 1066 3473 tingit:
1078 3407 1127 3457 aut
1141 3419 1207 3456 cum
1230 3402 1287 3457 alia
1301 3418 1353 3474 pro
1376 3402 1440 3456 aliis
1454 3403 1541 3457 verba
1555 3407 1662 3474 praeter
1682 3406 1815 3460 rolunta·

965 3495 1022 3544 tem
1033 3496 1158 3545 nostram
1170 3491 1276 3561 lingum
1291 3489 1381 3560 ipsius
1393 3504 1490 3543 errore
1504 3488 1674 3559 prosiliunt;
1690 3503 1758 3542 nam
1769 3487 1817 3542 hic

965 3594 1080 3651 quoqne
1095 3594 1152 3633 non
1163 3593 1262 3632 earum
1276 3592 1375 3631 rerum
1388 3576 1470 3646 signa
1485 3592 1556 3648 quas
1570 3576 1600 3630 in
1616 3576 1712 3630 animo
1726 3575 1815 3631 habe-

964 3682 1039 3733 mus,
1056 3666 1222 3721 audiuntur.
1252 3666 1323 3719 Nam
1346 3663 1515 3718 mentientes
1543 3664 1660 3736 quidem
1688 3663 1816 3734 cogitant

965 3756 1052 3811 etiem
1077 3756 1112 3811 de
1127 3754 1162 3809 iis
1189 3753 1274 3809 rebus
1299 3769 1370 3825 quas
1386 3754 1553 3824 loquuntur,
1579 3758 1611 3808 ut
1631 3753 1747 3808 tametsi
1764 3768 1815 3808 ne·

965 3845 1086 3900 sciamus
1098 3860 1136 3899 an
1147 3859 1247 3899 verum
1262 3842 1366 3910 dicant,
1383 3842 1506 3897 sciamus
1516 3847 1614 3898 tamen
1627 3842 1815 3898 cosinauimo

963 3933 1069 3990 habere
1093 3932 1172 4005 quod
1189 3932 1299 4001 dicunt,
1317 3931 1340 3986 si
1358 3947 1415 3986 non
1429 3930 1470 3986 eis
1484 3931 1594 4003 aliquid
1613 3931 1736 3987 duorum
1750 3947 1816 4003 quae

964 4021 1023 4077 dixi
1033 4018 1156 4076 aecidat:
1169 4036 1234 4092 ιιι
1249 4019 1272 4072 ιι
1284 4019 1348 4091 quis
1360 4022 1388 4072 et
1399 4017 1545 4074 interdum
1561 4018 1687 4073 accidere
1698 4024 1817 4073 conten·

963 4109 1015 4178 dit,
1031 4115 1060 4164 et
1073 4107 1251 4164 eumoccidit
1265 4124 1415 4178 apparere,
1431 4123 1597 4180 quanquam
1621 4122 1697 4179 saepe
1721 4107 1816 4161 occul·

964 4202 1026 4253 tum
1040 4203 1093 4267 est,
1109 4204 1137 4252 et
1152 4213 1227 4267 saepe
1242 4212 1288 4250 me
1304 4196 1404 4250 fefellit
1417 4197 1591 4262 audientem,
1620 4211 1678 4249 non
1698 4195 1812 4249 resisto.

998 4288 1043 4342 te.
1060 4286 1115 4342 Sed
1129 4285 1174 4339 bis
1189 4284 1291 4339 accidit
1302 4284 1381 4340 aliud
1406 4301 1507 4356 genus,
1523 4300 1590 4339 sane
1614 4282 1670 4337 late
1697 4288 1813 4354 patens,

963 4377 992 4428 et
1006 4388 1104 4427 semen
1120 4371 1377 4427 innumerabilium
1395 4372 1605 4427 dissensionum
1619 4376 1705 4441 atque
1722 4375 1814 4425 certa-

962 4462 1094 4517 minum:
1111 4476 1177 4515 cum
1191 4460 1239 4515 ille
1254 4461 1305 4532 qui
1319 4461 1446 4532 loquitur
1462 4460 1563 4514 eadem
1578 4458 1695 4530 quidem
1720 4458 1813 4531 sigui-

962 4548 1028 4604 ficat
1041 4564 1107 4620 quae
1121 4549 1235 4619 cogitat,
1252 4549 1300 4603 sed
1316 4550 1488 4619 plerumque
1503 4553 1614 4603 tantum
1632 4547 1686 4601 sibi
1707 4552 1736 4602 et
1750 4547 1813 4602 aliis

963 4637 1136 4709 quibusdam
1151 4653 1159 4705 ;
1188 4637 1215 4692 ei
1243 4653 1309 4693 vero
1337 4635 1384 4691 cui
1396 4634 1524 4706 loquitur
1539 4639 1568 4689 et
1581 4635 1651 4689 item
1666 4634 1729 4690 aliis
1742 4652 1814 4692 non·
1886 4626 1888 4631 ’

962 4726 1060 4792 ιιιιιι,
1082 4741 1141 4780 ιιι
1168 4724 1246 4780 idem
1267 4724 1415 4796 siguificat
1432 4723 1542 4778 Dixerit
1556 4723 1633 4778 enim
1649 4724 1751 4796 aliquis
1766 4742 1814 4781 ιι-

961 4813 1206 4881 dientibusnobis,
1222 4812 1257 4868 ab
1270 4811 1413 4883 aliquibus
1425 4811 1529 4866 belluis
1544 4812 1693 4869 bominem
1708 4814 1812 4871 rirtute

961 4903 1092 4974 superari
1107 4920 1114 4969 ;
1131 4919 1183 4957 nos
1196 4901 1272 4956 illico
1288 4902 1362 4956 ferre
1378 4917 1436 4956 uon
1449 4917 1613 4972 possumus,
1628 4904 1740 4958 ethanc
1752 4909 1812 4958 ιιιι

961 4991 1061 5047 falsam
1077 4990 1299 5061 pestiferamque
1325 4990 1497 5045 sententiam
1517 5006 1623 5063 magua
1650 4991 1812 5047 intentione

960 5079 1137 5135 refellimus:
1154 5093 1219 5132 cum
1234 5079 1282 5132 ille
1294 5078 1412 5133 tortasse
1425 5078 1573 5146 virtutem,
1589 5081 1663 5134 vires
1682 5079 1812 5150 corporis

961 5173 1048 5235 vocet,
1065 5173 1094 5223 ιι
1107 5167 1161 5222 hoc
1175 5166 1291 5222 nomine
1305 5167 1335 5222 id
1349 5168 1427 5238 quod
1446 5167 1584 5239 cogitavit
1602 5167 1742 5235 enuntiet,
1759 5182 1811 5221 nec

962 5258 1128 5323 mentietur,
1141 5272 1194 5311 nec
1208 5258 1304 5311 erret
1297 5273 1328 5311 ιι
1343 5257 1440 5325 rebus,
1454 5272 1508 5312 nec
1517 5257 1599 5343 pliud
1615 5255 1724 5327 aliquid
1748 5256 1811 5311 vol·

959 5363 1028 5403 rens
1043 5346 1150 5411 animo,
1175 5344 1311 5400 mandata
1338 5345 1485 5401 memoriae
1506 5347 1593 5399 verba
1609 5343 1742 5411 conterit,
1757 5359 1811 5400 ιιι

960 5435 1069 5505 linguae
1083 5435 1165 5506 lapsu
1178 5432 1257 5489 aliud
1270 5450 1356 5505 quam
1371 5434 1503 5489 volvebat
1516 5436 1616 5499 sonet;
1624 5430 1674 5486 sed
1686 5435 1811 5489 tautum·

961 5524 1048 5581 modo
1073 5538 1135 5579 rem
1150 5537 1238 5595 quam
1253 5522 1370 5597 cogitat,
1383 5521 1442 5580 alio
1455 5536 1543 5595 quam
1558 5536 1612 5576 nos
1626 5519 1745 5578 nomine
1759 5536 1810 5593 ap·
