3884 6112
146 254 196 306 mr
635 326 641 335 ‚
752 246 838 303 vna
858 244 884 301 s.
912 245 1105 303 avvausanu
1132 246 1300 303 EPISCOPl.
1855 253 1907 306 aas

141 375 268 431 cernitur
281 374 467 441 consuetudo,
480 388 538 428 oon
549 370 667 428 alianisi
678 370 831 426 vicinitatis
844 370 992 425 occasione
1045 368 1069 425 is
1084 373 1192 441 tamen,
1208 370 1255 426 cui
1271 370 1487 427 misericordem
1503 371 1555 427 Dei
1569 371 1783 443 providentiam
1806 375 1905 444 Augu·

141 466 242 521 oborta
261 481 321 520 csse
346 464 467 519 videtur.
496 463 629 519 lladaura
652 462 758 533 qnippe
784 466 845 515 erut
865 461 992 530 Taguslvu
1047 459 1137 514 stinns
1146 464 1274 530 speraret
1285 459 1588 515 adiuturarn.lubrcvi
1598 460 1740 532 siquidem
1749 460 1905 533 colloquio,

142 553 265 608 finitima
281 554 409 624 (confess.
424 553 471 609 lib.
482 554 509 620 2,
522 567 581 621 cup.
594 553 620 617 3,
635 567 662 605 n.
677 554 712 620 5).
733 547 839 602 lleinde
853 563 917 602 cum
931 550 993 601 nirl·
1046 548 1123 620 quod
1135 565 1201 603 cum
1213 565 1247 603 eo
1262 549 1412 617 habuerat,
1428 549 1585 604 maximum
1601 548 1680 604 illius
1694 547 1904 621 investiganda

141 643 202 699 lum
217 648 268 698 aut
286 642 465 713 episcopatus
481 645 530 696 aut
550 640 763 712 presbyteratus
776 637 837 708 ejus
852 641 943 691 exstet
963 636 992 690 in
1046 638 1166 692 veritate
1185 638 1316 693 ardorem
1336 638 1592 705 animadverterat;
1608 638 1770 709 plurimum
1789 655 1905 712 quoque

141 748 175 787 ea
192 731 366 803 vestigium
387 737 473 803 utque
488 730 574 785 etiam
594 727 737 783 idolorum
753 727 856 791 cultus,
875 724 925 796 qui
940 725 992 779 sub
1047 727 1160 782 roboris
1179 745 1211 783 ac
1232 728 1380 799 sapientiae
1393 728 1422 782 in
1441 728 1571 795 veritate,
1594 744 1680 800 quam
1700 728 1789 783 semel
1811 744 1905 800 egoa-

142 821 256 877 initium
269 821 337 875 anni
349 819 541 876 trecentesimi
552 815 731 888 nonagesimi
742 814 828 884 primi
837 816 993 885 Imperato·
1045 816 1142 882 visset,
1159 833 1307 889 uunquam
1324 817 1489 872 deserenda.
1503 817 1661 885 hadalinus,
1683 814 1791 888 inquit,
1805 818 1904 873 ardore

142 926 206 966 rum
221 910 284 980 lege
299 909 403 963 vetitus
416 907 478 974 luit,
495 906 587 961 adhuc
601 905 734 976 publicus
749 903 833 972 foret,
846 903 991 974 utpassim
1045 907 1231 975 inquisitionis
1248 911 1309 972 tuae,
1323 922 1383 962 cum
1406 912 1473 962 esset
1496 906 1643 975 mirabitis,
1664 922 1717 960 non
1732 908 1822 974 tuisse
1840 922 1900 976 per·

142 999 182 1053 ibi
195 997 386 1070 significatum
402 996 470 1051 iude
482 997 546 1051 licet
564 994 667 1050 inferre
683 994 817 1064 scriptam
830 993 917 1048 luisse
930 992 991 1063 epi·
1046 995 1184 1049 turbatam
1198 995 1356 1050 modestiam
1367 994 1530 1066 disputandi
1543 1011 1549 1050 :
1563 1010 1628 1049 nam
1641 1009 1727 1063 neque
1735 997 1899 1063 flagrantias

143 1088 243 1141 stolam
258 1102 332 1140 anno
348 1084 549 1141 trecentesimo
565 1083 762 1154 nonagesimo.
778 1081 927 1151 Maximus,
941 1080 991 1152 qui
1044 1088 1253 1153 percontantem,
1268 1100 1354 1153 neque
1370 1085 1547 1154 tranquillius
1563 1083 1717 1138 audientem
1738 1098 1900 1152 quemquam

142 1174 345 1246 grammaticus
366 1178 559 1245 nuncupatur,
579 1174 674 1243 palam
689 1171 878 1243 profitebatur
892 1186 991 1242 snper·
1044 1175 1126 1240 (acite
1135 1176 1290 1229 transierim.
1303 1174 1365 1228 Non
1376 1177 1488 1245 poterat
1498 1172 1672 1244 Augustinus
1683 1175 1753 1227 tunc
1763 1171 1900 1243 temporis

141 1263 287 1318 stitionem
320 1263 473 1330 ethnicam,
502 1261 548 1316 cui
574 1261 771 1316 ldaderirenses
798 1259 902 1326 adbuc,
931 1259 991 1313 ima
1045 1279 1110 1317 cum
1125 1279 1159 1317 eo
1175 1263 1340 1334 frequenter
1359 1262 1501 1334 colloqui:
1519 1262 1596 1335 quod
1612 1267 1643 1316 ut
1659 1262 1816 1334 suppleret,
1837 1260 1899 1333 cpi-

141 1352 227 1407 etiam
251 1351 347 1407 mullis
371 1353 436 1422 post
456 1351 547 1416 annis,
577 1353 660 1404 erent
691 1363 865 1420 magnopere
893 1347 989 1412 dediti,
1045 1351 1228 1422 stolam,qua
1245 1351 1280 1405 de
1293 1349 1415 1422 agimus,
1427 1350 1461 1405 ad
1476 1349 1641 1416 summisit,
1657 1349 1805 1420 simulque
1819 1348 1899 1404 lvalri

141 1441 271 1513 quamvis
290 1439 503 1496 catholicorum
526 1437 644 1493 ccclesia
656 1437 716 1508 jhm
731 1441 792 1492 tum
806 1440 880 1492 esset
896 1436 945 1491 illo
961 1435 991 1490 in
1045 1439 1173 1510 epistolae
1188 1439 1272 1494 latori
1286 1439 1453 1494 mandatum
1470 1438 1557 1498 dedit,
1578 1454 1636 1510 quo
1650 1436 1677 1492 ei
1693 1437 1819 1508 legenda
1831 1453 1899 1508 prve-

141 1530 246 1601 oppido
261 1529 425 1584 constituta.
450 1528 636 1583 Ethnicorum
651 1526 699 1581 ille
714 1543 809 1581 errore
825 1530 990 1598 occupatus,
1046 1529 1126 1582 beret
1142 1527 1249 1594 anania,
1262 1544 1326 1599 qnae
1341 1532 1440 1581 contra
1455 1525 1599 1594 baeresim,
1612 1540 1699 1592 quam
1712 1523 1762 1579 ille
1773 1524 1898 1580 sectaba-

140 1618 171 1673 in
186 1635 236 1673 sua
248 1618 284 1672 ad
298 1617 490 1689 hrrgvistinum
504 1616 624 1688 epistole
640 1632 729 1670 uuam
743 1617 832 1669 Deum
845 1631 990 1670 summum
1046 1623 1103 1685 tur,
1120 1617 1334 1688 conscripserat.
1354 1619 1384 1671 ln
1401 1632 1488 1687 quam
1504 1631 1565 1670 rem
1583 1614 1624 1669 ita
1639 1614 1757 1668 scribit:
1770 1615 1897 1671 Nouati-

140 1707 201 1762 sine
225 1706 318 1774 initio,
335 1707 416 1777 cujus
438 1705 558 1761 diversae
577 1705 696 1760 virtutes
710 1709 739 1760 et
757 1704 889 1775 quvcdam
904 1704 991 1759 veluti
1045 1705 1365 1773 qaidmcumincutcabit
1378 1707 1479 1771 irruit03
1492 1701 1711 1773 noaicnimquid
1722 1703 1897 1769 tenipuitatis

141 1795 270 1850 membra
288 1794 383 1849 caeteri
410 1794 450 1849 dii
469 1793 537 1855 sint,
562 1793 698 1865 agnoscit.
716 1795 777 1848 llox
790 1793 862 1863 Jocis
876 1792 991 1847 insulsis
1045 1797 1074 1848 in
1090 1810 1137 1850 nos
1160 1778 1250 1849 areima
1265 1809 1361 1862 peras:
1387 1809 1445 1863 qnae
1460 1797 1549 1848 tamea
1571 1793 1596 1847 si
1610 1793 1678 1846 lecta
1687 1791 1860 1861 probaveris,
1874 1795 1897 1845 ct

140 1889 169 1939 et
183 1883 295 1955 frigidis
309 1884 500 1956 quorumdem
517 1888 675 1955 martyrum
691 1882 921 1938 lladaureusium
941 1899 992 1937 no·
1044 1900 1109 1938 acra
1125 1883 1399 1954 perseuerantiam
1418 1897 1474 1937 esse
1496 1897 1549 1936 non
1562 1885 1651 1951 putes,
1672 1882 1729 1935 1ιίιί
1748 1882 1818 1949 quia
1834 1881 1895 1935 diste

140 1972 219 2028 mina
241 1973 411 2029 insectatur:
436 1971 540 2044 quibus
555 1976 650 2026 tamen
671 1973 769 2026 lovem
788 1989 871 2026 suum
893 1971 990 2027 fvilmi-
1044 1978 1118 2040 sant,
1134 1988 1214 2042 eoque
1231 1976 1405 2027 teeoeeuertes
1419 1972 1488 2038 licet,
1515 1970 1586 2024 aad
1606 1970 1658 2024 tibi
1676 1984 1784 2038 quoque
1804 1973 1853 2039 cst,
1867 1973 1895 2024 ut

140 2066 268 2128 nantem,
294 2061 476 2132 aliorumque
505 2060 624 2116 deorum
648 2060 854 2115 immortalium
876 2060 990 2115 turbam
1044 2061 1235 2131 reprobaras,
1258 2060 1362 2115 dotant.
1383 2061 1546 2116 ll'emocnim
1565 2057 1637 2127 quod
1660 2059 1736 2127 lepit,
1762 2059 1794 2112 e‘u
1812 2057 1895 2114 rodhe

138 2151 288 2222 postponi,
303 2150 348 2205 vel
370 2149 476 2204 invitus
495 2150 609 2205 fatetur.
626 2149 683 2205 Sub
705 2151 765 2205 hac
780 2151 856 2204 velut
870 2149 990 2204 deornm
1044 2152 1103 2220 ipso
1117 2152 1202 2204 cernit
1215 2164 1384 2218 adamasse,
1400 2153 1448 2203 aut
1458 2150 1488 2202 ia
1501 2164 1531 2203 co
1545 2149 1593 2216 qui
1606 2148 1765 2216 scripserit;
1778 2147 1894 2202 sedisse

141 2256 258 2294 surorum
271 2239 420 2294 veritatem
434 2243 593 2293 asserturus
606 2239 694 2307 addit,
710 2255 760 2293 cos
773 2242 801 2293 ct
813 2238 909 2310 palem
923 2238 988 2306 coli,
1043 2241 1143 2309 potius,
1159 2241 1185 2293 si
1198 2238 1257 2308 ejas
1272 2240 1355 2293 menti
1364 2237 1502 2309 quoddam
1511 2251 1564 2292 non
1577 2236 1730 2304 ealparitcr
1739 2236 1891 2302 candidum,

140 2335 169 2384 et
184 2327 311 2383 victimas
334 2327 365 2382 in
393 2327 482 2382 oculis
509 2327 638 2382 omnium
657 2327 715 2382 illis
738 2327 903 2397 immolari;
924 2343 989 2382 cum
1044 2326 1123 2382 seda
1144 2328 1209 2393 (acc
1233 2329 1350 2397 corporis
1364 2327 1571 2381 remotissimum
1592 2326 1681 2379 lumea
1701 2328 1828 2380 veritatis
1846 2327 1893 2379 im·

140 2417 292 2474 Christiani
303 2419 393 2472 lleum
408 2433 492 2471 snum
504 2416 533 2471 in
551 2415 620 2472 locis
634 2416 738 2472 abditis
751 2421 989 2488 prasentemase
1041 2430 1165 2487 pressam
1187 2421 1235 2471 est.
1259 2416 1337 2482 Quod
1357 2417 1382 2471 si
1395 2416 1470 2482 (alsa
1491 2415 1587 2484 aliqua
1611 2418 1693 2483 atque
1717 2413 1893 2484 improbanda

140 2507 397 2561 cerniasseverent.
417 2507 550 2561 llortatur
564 2505 661 2577 itaque
671 2507 872 2576 augustinum,
884 2510 915 2561 ut
925 2511 991 2577 post
1043 2507 1212 2574 compereris,
1230 2505 1263 2558 dc
1282 2506 1398 2559 huorono
1413 2504 1505 2558 autito
1520 2506 1639 2558 irrorata
1653 2505 1735 2570 scias,
1753 2508 1779 2559 et
1796 2518 1893 2559 cauae

139 2592 817 2665 positupaululumiucundiesua,quamomnium
824 2592 988 2648 mortalium
1043 2598 1137 2648 nostra
1152 2608 1207 2648 esse
1221 2593 1331 2663 deputes
1346 2592 1445 2664 (Epist.
1461 2591 1515 2663 19).

87 2752 90 2757 ⁴
139 2684 215 2739 lema
229 2683 391 2738 celebrabat
403 2704 410 2750 ;
422 2682 534 2737 omissis
547 2682 644 2751 etiam,
660 2682 763 2754 quibus
778 2698 906 2754 pugnare
921 2698 988 2736 con-
1079 2685 1105 2736 8.
1118 2682 1188 2737 Cum
1200 2682 1236 2737 ab
1246 2683 1391 2738 Antonino
1407 2682 1459 2737 sub
1472 2682 1547 2737 idem
1563 2681 1633 2737 illud
1645 2685 1772 2752 tempus,
1782 2697 1814 2736 aa
1824 2680 1891 2736 iorte

139 2776 277 2838 sueverat,
296 2770 384 2827 acutis
403 2776 431 2826 et
449 2771 554 2844 pressis
570 2771 721 2843 Chrysippi
737 2770 932 2841 argumentis;
949 2787 990 2824 re·
1043 2770 1173 2826 nondum
1191 2773 1340 2844 presbyter
1354 2771 1512 2840 ordinatus,
1538 2772 1647 2826 litteras
1663 2770 1819 2842 accepisset
1837 2769 1892 2825 olii·

139 2867 216 2917 mota
237 2861 362 2933 denique
378 2860 533 2929 dialectice,
551 2876 615 2931 quse
631 2861 727 2914 omnia
740 2860 825 2915 eflicit
840 2860 990 2932 aqualiter
1044 2859 1079 2913 cii
1092 2864 1122 2914 et
1144 2859 1277 2915 amicitiae
1296 2861 1407 2932 plenas,
1422 2860 1566 2931 rescripsit
1586 2859 1629 2914 illi
1649 2859 1758 2931 gratias
1773 2864 1892 2928 acturus,

136 2948 307 3018 probabilia,
343 2948 475 3020 quisnam
506 2948 543 3004 sit
568 2949 795 3005 Christianorum
822 2950 906 3019 Deus,
934 2948 986 3002 sibi
1044 2949 1122 3020 quod
1146 2948 1180 3004 ab
1196 2964 1230 3004 co
1246 2949 1337 3004 fidelis
1359 2949 1409 3004 Dei
1430 2965 1527 3005 servus
1550 2947 1714 3011 haberetur,
1731 2964 1824 3020 eoque
1847 2964 1890 3002 uo·

136 3051 235 3106 reapse
250 3035 426 3091 demonstret
442 3035 542 3107 (Epist.
566 3037 618 3106 tt).
642 3037 687 3092 Sic
706 3037 748 3091 illi
765 3037 920 3108 respondet
937 3040 990 3092 aa·
1043 3037 1291 3108 mineplurimuni
1302 3037 1478 3108 diligeretur.
1497 3039 1528 3092 ln
1543 3053 1630 3109 quam
1642 3051 1705 3092 rem
1717 3036 1787 3091 dicit
1806 3036 1890 3091 multa

136 3121 279 3193 gostinus,
295 3125 384 3177 totam
398 3126 432 3176 ut
445 3123 506 3193 ejus
522 3122 684 3193 epistolam,
698 3124 777 3178 velut
788 3123 988 3194 joculatoriem
1042 3125 1127 3198 longe
1143 3127 1345 3198 pulcherrima.
1363 3127 1452 3197 Hujus
1463 3126 1600 3181 Antonini
1615 3127 1718 3197 conjux
1731 3126 1890 3181 Donatista-

135 3209 275 3280 accipiat;
291 3210 373 3281 quasi
388 3210 620 3281 superstitionem
633 3212 776 3267 ethnicam
791 3212 913 3267 voluerit
928 3212 987 3284 ipse
1043 3231 1108 3270 rum
1125 3215 1271 3271 schismati
1285 3215 1463 3272 adhaerebat:
1479 3216 1555 3271 illius
1574 3215 1672 3287 itaque
1688 3215 1783 3271 virum
1799 3218 1891 3270 mouet

136 3297 272 3353 c'avillari.
295 3300 399 3353 Verum
415 3299 625 3370 amplissimum
641 3301 740 3354 saltem
761 3300 938 3355 demonstrat
952 3300 987 3356 ab
1042 3305 1230 3376 brigantinus,
1247 3305 1297 3360 [lei
1312 3306 1446 3361 timorem
1458 3305 1502 3361 vel
1518 3305 1613 3360 vixonis
1628 3321 1689 3360 sure
1705 3304 1798 3360 menti
1818 3305 1888 3359 inse·

135 3402 169 3441 co
184 3386 237 3441 sibi
253 3388 347 3442 locum
364 3386 503 3459 patelieri,
519 3391 552 3442 ut
567 3388 700 3442 ostendat
714 3392 821 3460 quanta
837 3388 866 3442 in
887 3389 986 3444 Ethai·
1042 3397 1096 3457 rot,
1111 3393 1155 3448 vel
1170 3410 1236 3448 cum
1251 3393 1341 3448 divini
1355 3394 1434 3450 verbi
1448 3393 1581 3462 lectione,
1598 3393 1736 3465 gravique
1751 3392 1889 3465 colloquio

135 3492 236 3531 corum
252 3475 392 3548 religione
418 3477 537 3532 ridenda
558 3478 626 3543 sint,
651 3481 748 3533 carcat
769 3481 865 3533 temen
890 3495 926 3533 ne
951 3479 986 3533 de
1041 3482 1159 3537 nutriat.
1177 3482 1327 3538 Neminem
1339 3481 1489 3555 enim,qui
1501 3482 1535 3538 de
1550 3486 1626 3537 stetu
1636 3481 1740 3537 animae
1751 3498 1811 3536 sure
1821 3480 1890 3538 solli·

134 3565 191 3620 Deo
202 3566 301 3636 jocose
322 3567 477 3639 loquendo,
494 3566 523 3621 in
538 3567 721 3638 blasphemas
735 3584 817 3623 voces
833 3573 984 3639 errrmpat:
1041 3571 1124 3639 citus,
1148 3576 1235 3644 atque
1251 3572 1287 3627 ob
1308 3573 1363 3628 hoc
1378 3571 1487 3627 sincere
1501 3587 1533 3627 ec
1548 3572 1608 3626 sine
1623 3571 1784 3643 pertinacia
1798 3571 1890 3643 inqui·

134 3659 273 3710 caeterum
288 3671 351 3711 rem
365 3673 424 3711 esse
440 3656 515 3710 scria
534 3655 709 3712 discussione
725 3656 858 3728 dignam;
875 3673 905 3712 se
921 3673 986 3712 cum
1041 3661 1139 3716 rendre
1154 3661 1295 3716 volantati
1308 3660 1413 3716 divinae
1428 3661 1556 3716 intentus
1572 3660 1618 3728 sit,
1642 3676 1701 3715 nou
1713 3659 1887 3731 dignoscere,

136 3760 199 3798 eam
215 3744 262 3799 ille
276 3745 349 3799 serio
360 3746 461 3816 egerit,
478 3761 614 3817 responso
629 3762 686 3800 nou
700 3745 864 3801 delaturum
877 3761 884 3801 :
897 3746 987 3818 jocari
1041 3749 1065 3804 si
1080 3750 1165 3806 modo
1181 3751 1257 3806 bono
1272 3752 1498 3806 demonstratore
1513 3754 1621 3813 utatur,
1636 3749 1707 3820 quid
1721 3748 1777 3803 sibi
1794 3749 1839 3803 rel
1854 3747 1890 3803 iu·

137 3832 192 3886 sibi
214 3832 301 3886 modo
316 3849 368 3903 per
383 3833 474 3887 otium
497 3850 554 3888 non
571 3834 655 3889 licere
669 3851 676 3902 ;
695 3834 774 3890 aliud
788 3835 865 3889 enim
880 3835 987 3890 amicos
1042 3838 1181 3910 giendum
1196 3839 1242 3906 sit,
1257 3840 1301 3894 vel
1316 3839 1493 3912 sequendum
1509 3841 1608 3910 (Epist.
1627 3838 1682 3910 20).

133 3934 218 3991 posse
232 3920 298 3990 jure
314 3920 426 3991 exigere
441 3921 474 3976 de
486 3922 646 3991 nostraait,
660 3925 809 3992 proposito.
823 3922 923 3995 (Epist.
943 3928 984 3991 lt,
1379 3929 1491 3985 CAPUT
1507 3928 1553 3983 lV.

73 4030 79 4038 ·
133 4024 161 4064 a.
177 4009 214 4077 5).
230 4007 338 4072 Quibus
353 4007 447 4063 verbis
462 4009 616 4064 monastica
628 4009 768 4080 professio
784 4010 828 4067 his
843 4013 981 4082 tempori·
1042 4018 1052 4069 1
1070 4016 1214 4087 Presbyter
1235 4018 1414 4086 Hipponensis
1433 4033 1504 4072 anno
1522 4016 1624 4073 Christi
1639 4017 1822 4070 trecentesimo
1841 4029 1885 4069 ao·

135 4097 188 4153 hus
201 4096 348 4167 designari
362 4095 480 4152 solebat.
1074 4107 1211 4171 nepesino
1238 4107 1328 4174 primo
1356 4104 1511 4160 ordinatur.
1541 4106 1558 4158 2
1587 4106 1623 4158 nc
1653 4104 1886 4175 Hippone-lteris.

169 4190 194 4242 6.
219 4185 370 4242 Caelestino
388 4185 480 4241 amico
503 4202 554 4241 suo
573 4187 635 4257 jem
657 4203 722 4242 suas
740 4187 873 4242 adversus
898 4189 984 4244 blani-
1075 4195 1140 4247 3lle
1158 4194 1269 4250 Valerio
1292 4194 1367 4248 illias
1385 4194 1462 4248 ardis
1482 4194 1614 4263 episeopo.
1631 4193 1648 4247 1
1667 4192 1712 4248 Ab
1728 4207 1757 4247 eo
1770 4191 1888 4262 postulat

132 4277 225 4332 chaeos
239 4276 453 4332 lucubrationes
467 4275 604 4347 legendas
617 4276 744 4332 miserat.
761 4278 838 4332 Hunc
853 4278 985 4348 perbrevi
1075 4283 1247 4350 Aapustinas
1266 4282 1379 4352 aliquod
1397 4288 1511 4352 tempus,
1539 4297 1591 4351 quo
1612 4295 1667 4336 sese
1688 4281 1838 4336 inaccessa
1853 4277 1888 4333 ad

132 4365 254 4435 epistola
271 4365 307 4420 ab
321 4365 384 4437 ipso
400 4364 473 4420 torte
489 4369 555 4419 unte
570 4364 811 4436 presbyteratum,
824 4367 906 4437 cajus
920 4369 984 4422 nul·
1077 4370 1242 4440 presbyterii
1258 4373 1352 4425 munia
1360 4371 1485 4441 precibus
1499 4374 1525 4425 ct
1534 4385 1675 4425 samaram
1684 4369 1888 4439 scripturarum

133 4453 193 4507 lum
212 4453 242 4507 in
255 4469 288 4507 ea
302 4453 451 4521 indicium,
465 4453 542 4521 deta,
557 4455 641 4524 rogat
654 4454 841 4524 Augustinus,
856 4471 892 4508 ne
907 4454 986 4510 dille·
1074 4458 1165 4513 studio
1187 4464 1330 4530 comparet.
1349 4463 1363 4514 5
1388 4460 1466 4527 Quod
1480 4474 1630 4515 concessum
1651 4457 1761 4513 uidetur
1775 4473 1793 4511 a
1810 4457 1889 4514 Valc-

132 4545 177 4595 rat
195 4556 242 4596 eas
263 4541 425 4612 remittere;
449 4542 644 4614 rescribatque
666 4541 734 4614 quid
749 4543 784 4598 de
798 4542 855 4598 illis
869 4544 983 4607 sentiet,
1074 4549 1124 4602 rio.
1149 4550 1165 4603 6
1187 4549 1256 4617 Ejus
1265 4548 1346 4618 jvtssa
1367 4549 1539 4618 Aupastinus
1557 4547 1701 4619 presbyter
1719 4546 1832 4602 eadum
1845 4545 1891 4600 uei

132 4630 236 4702 quidve
251 4629 281 4685 in
301 4630 337 4685 iis
349 4632 385 4687 ad
398 4632 551 4689 haereticos
567 4632 635 4687 istos
649 4631 766 4702 penitus
779 4633 984 4704 expugnandos
1073 4640 1174 4691 tractat
1185 4636 1223 4691 ud
1234 4637 1348 4707 piebem,
1363 4640 1445 4693 ctiam
1457 4641 1588 4708 prasente
1604 4638 1664 4706 ipso
1679 4637 1815 4706 episeopo.

131 4718 287 4775 desiderari
312 4721 478 4791 comperiat.
504 4723 608 4794 Optare
633 4737 664 4776 sc
685 4720 764 4792 dicit,
791 4721 852 4792 ejus
866 4721 984 4778 errribus
1073 4729 1098 4780 1.
1115 4723 1282 4781 Triennium
1298 4725 1388 4781 ferme
1407 4726 1470 4797 jam
1490 4725 1649 4795 eltluxerat,
1664 4740 1697 4779 ex
1717 4740 1776 4797 quo
1792 4726 1886 4794 Augu·

132 4807 282 4880 quidpiam
296 4807 408 4864 assidue
419 4809 559 4881 ingerere,
576 4816 609 4866 ut
621 4825 650 4865 sc
667 4809 806 4866 nimirum
818 4828 983 4883 supervaca·
1036 4812 1128 4869 stinus
1143 4829 1222 4869 move
1243 4830 1275 4868 ac
1294 4814 1424 4870 instituto
1448 4814 1655 4870 monachorum
1670 4829 1736 4868 cum
1755 4811 1840 4868 sociis
1853 4811 1883 4866 iu

131 4896 193 4951 uois
202 4895 278 4951 curis
288 4902 416 4965 curreret,
432 4915 464 4954 ec
478 4900 598 4956 utilibus
612 4904 641 4955 et
655 4899 822 4955 necessariis
831 4899 977 4959 indueret.
1036 4902 1201 4973 Tagastensi
1220 4919 1331 4958 secessu
1356 4903 1479 4971 vivebat,
1503 4919 1569 4959 oum
1589 4903 1750 4975 llipponem
1773 4898 1889 4974 profici·

131 4985 235 5042 Omnia
252 4985 400 5041 christiani
414 4986 541 5042 bominis
558 4989 651 5045 oflicia
666 5005 723 5044 auo
741 4988 783 5044 ihi
799 4990 884 5046 verbo
903 5007 983 5046 com·
1037 4991 1134 5047 scendi
1149 4991 1282 5063 quaedam
1293 4991 1320 5048 ei
1334 4992 1503 5048 adsalutem
1517 4992 1602 5048 amici
1614 4991 1826 5063 procurandam
1841 5005 1889 5044 ne·

38 5092 47 5101 ·
130 5074 279 5147 plectitur:
291 5073 728 5133 intimumscilicetbooumnon
742 5077 871 5149 diligere,
883 5079 913 5133 in
925 5095 983 5135 me·
1035 5080 1149 5135 cessitas
1164 5081 1300 5152 impositu
1323 5085 1366 5136 est
1391 5081 1486 5151 (Serra.
1502 5084 1565 5150 355,
1584 5098 1612 5137 n.
1637 5079 1677 5152 2).
1700 5081 1798 5152 Usque
1821 5078 1888 5133 adeo

133 5164 180 5220 dio
200 5181 248 5219 seu
264 5163 295 5218 in
313 5178 364 5218 suo
384 5163 461 5219 bono
476 5180 536 5219 nou
549 5163 731 5237 insolescere,
745 5183 777 5223 ac
790 5167 830 5222 sic
842 5168 876 5222 ad
893 5167 983 5224 inhve·
1035 5171 1182 5227 metuebat
1197 5171 1233 5227 ed
1247 5170 1445 5244 episcopatum
1469 5172 1599 5244 provehi,
1628 5175 1660 5226 ut
1678 5186 1745 5226 cum
1764 5168 1889 5225 nominis

134 5254 256 5310 rendum
266 5252 463 5308 summobono
481 5252 618 5309 idoneum
630 5271 659 5309 se
672 5256 800 5326 prebere
816 5256 914 5328 (Epist.
929 5256 982 5327 18.)
1035 5256 1126 5329 ipsius
1139 5258 1216 5314 lama
1229 5259 1304 5315 inter
1319 5259 1369 5314 llei
1384 5276 1481 5314 servos
1492 5260 1552 5331 iam
1568 5257 1692 5314 dillundi
1707 5262 1737 5313 et
1750 5254 1889 5314 celebrari

165 5347 192 5398 7.
212 5345 274 5399 Non
292 5342 406 5399 videtur
425 5343 455 5397 in
473 5341 553 5398 aliud
572 5346 686 5413 tempus
704 5345 855 5401 referenda
868 5345 930 5418 ejus
946 5345 982 5402 ad
1034 5346 1175 5419 coepisset,
1191 5348 1226 5404 ad
1236 5349 1342 5405 caloae
1356 5349 1461 5421 quibus
1475 5349 1587 5404 deesset
1601 5347 1765 5420 episcopus,
1776 5348 1888 5402 caveret

130 5429 232 5487 Caium
249 5432 380 5506 epistola.
400 5431 451 5489 llic
469 5431 588 5487 fortasse
602 5431 774 5489 llanichaeus
788 5438 850 5491 erat
863 5439 912 5490 aut
926 5436 981 5491 llo·
1035 5436 1178 5495 accedere.
1195 5440 1250 5494 Pro
1268 5436 1346 5493 virili
1358 5442 1439 5509 parte
1467 5436 1581 5508 agebat.
1596 5440 1627 5490 nt
1650 5435 1682 5490 in
1699 5435 1809 5492 humili
1828 5434 1886 5490 loco

131 5518 254 5577 netista:
278 5527 354 5580 certe
368 5539 386 5579 a
399 5521 538 5580 calleolico
558 5521 660 5578 Christi
680 5538 767 5595 grege
783 5523 916 5594 alienus;
932 5524 982 5580 sed
1037 5524 1204 5597 solveretur,
1218 5530 1248 5581 et
1261 5525 1414 5582 eminentis
1428 5525 1533 5597 gradus
1546 5522 1674 5596 pericula
1693 5523 1826 5581 evitaret.
1842 5521 1886 5578 lli·
