3884 6112
92 249 160 305 ttoa

89 371 126 426 ab
137 368 233 441 amplo
241 367 346 437 ample,
359 366 638 435 amiuimomiuime,
650 372 678 423 et
688 367 752 424 alia.
761 368 881 434 Quando
891 385 940 425 an-

89 445 150 497 tem
165 438 390 510 iutersyllabam
406 440 463 494 exit
477 439 653 505 adverbium,
669 439 809 509 similiter,
826 444 857 495 nt
869 441 938 509 dixi,

90 511 316 568 ablativusdeect
327 511 377 565 :ab
392 511 461 581 agili
473 511 593 580 agiliter,
608 512 643 566 ab
658 511 761 566 humili
780 512 938 580 humiliter,

90 584 126 640 ab
137 583 195 637 acri
211 582 324 643 acriter,
341 599 357 635 a
372 581 437 636 torti
452 582 573 647 fortiter,
591 598 608 636 a
623 583 676 637 levi
692 581 833 652 leviter,a
858 583 938 654 gravi

88 655 223 728 graviter,
240 670 256 708 a
272 652 334 723 jugi
347 653 467 725 jugiter.
486 654 540 709 Sed
560 659 627 708 sunt
641 654 773 727 quasdam
789 671 854 726 qna
873 671 938 709 enm

90 741 190 798 aspere
204 730 348 790 sonarent,
365 724 481 778 dimissa
496 730 572 790 sunt,
585 741 637 780 nec
662 727 697 780 ab
717 725 789 779 hauc
807 728 938 797 regulam

88 796 235 852 tractanda
250 800 325 859 suut,
343 799 402 850 uta
418 797 481 849 miti
494 797 600 851 mititer
610 812 668 850 non
687 796 817 864 dicimus,
833 814 850 850 a
865 798 939 852 tristi

89 867 208 924 tristiter
232 883 288 921 non
306 867 436 921 dicimus.
454 868 532 921 Talia
547 884 582 921 ne
597 883 696 938 aspere
712 875 857 934 sonarent,
871 885 937 939 per·

88 937 224 994 dideruut
252 938 384 992 ultimam
399 938 547 1009 syllabam,
564 944 596 993 ut
610 957 626 993 a
640 939 762 1010 sapienti
783 939 936 1009 sapienter,

88 1009 352 1079 nousapientiter,a
362 1010 668 1081 prudentiprudenter,
680 1028 735 1064 non
747 1012 937 1082 prudentiter,

88 1080 264 1149 apraestanti
288 1085 466 1152 praestanter,
495 1098 553 1136 non
579 1083 782 1152 praestantiter.
800 1082 844 1138 Sic
869 1099 937 1154 ergo

87 1151 934 1225 observemus,ntneceuphoniamapplicemnsadragulam,

87 1229 136 1278 aut
150 1225 508 1305 euphoniamrejiciamus.
528 1225 598 1280 Nam
615 1225 769 1296 euphonia,
786 1225 814 1279 id
825 1230 866 1278 est
875 1243 938 1280 sua·

87 1294 159 1349 ritas
169 1295 242 1349 bene
254 1295 376 1349 sonandi
389 1295 512 1351 admissa
529 1302 570 1350 est
585 1297 617 1351 ad
632 1296 751 1350 latinum
764 1312 935 1364 sermonem,

85 1370 118 1420 ut
124 1382 224 1437 aspera
236 1372 390 1434 temperet:
403 1373 431 1420 et
444 1367 478 1421 ab
490 1372 549 1421 arte
560 1384 592 1421 ex
604 1375 665 1421 arte
676 1367 785 1421 ratione
794 1383 936 1422 recessum

86 1440 140 1503 est,
157 1437 206 1491 ubi
221 1438 358 1508 asperitas
374 1438 538 1491 offendebat
553 1438 692 1492 auditum.
710 1439 754 1493 Sic
771 1438 867 1494 Cicero
879 1439 934 1493 ait:

87 1508 274 1578 Impetratnm
291 1519 334 1562 est
349 1525 365 1561 a
379 1509 499 1575 ratione,
515 1513 544 1563 ut
560 1525 676 1581 peceare
692 1508 837 1564 suavitatis
852 1526 937 1564 causa

85 1577 195 1632 liceret.
211 1578 265 1633 Sed
280 1583 376 1633 tamen
396 1579 425 1633 iu
452 1581 550 1648 paucis
565 1581 688 1634 admissa
714 1580 859 1650 euphonia
883 1586 934 1636 est.

88 1649 158 1704 Nam
176 1649 248 1704 ratio
265 1651 392 1719 locuples
407 1654 448 1704 est
463 1651 763 1705 etvirislatinissimis.
779 1653 851 1706 Sane
862 1652 937 1706 circa

86 1719 138 1775 has
152 1723 266 1792 regulas
280 1721 432 1775 auctoritas
448 1737 515 1775 ausa
530 1728 583 1789 est,
598 1728 627 1777 et
641 1723 670 1776 in
686 1722 783 1792 paucis
798 1739 936 1793 prasum-

86 1791 156 1862 psit,
166 1799 197 1845 ut
206 1792 313 1846 diceret
324 1792 431 1860 Cicero,
444 1792 619 1858 humaniter,
629 1809 694 1848 cnm
706 1795 830 1848 humane
842 1794 935 1848 dicero

86 1862 205 1918 debuit:
223 1867 251 1917 et
263 1864 422 1927 Terentius,
442 1867 532 1919 Vitam
547 1881 628 1934 parrae
654 1881 685 1919 uc
709 1865 815 1919 duriter
839 1866 936 1932 opstat

87 1933 129 2014 (lu
143 1934 263 1997 Andria,
278 1941 331 1989 aet.
346 1940 368 2002 t,
380 1951 450 1989 scen.
468 1939 491 2004 l,
509 1952 534 1988 v.
551 1935 764 2006 litprodnra:
774 1936 826 1990 Sed
838 1941 935 1989 tamen

32 2037 40 2048 ·
86 2004 142 2076 ipsi
157 2010 286 2059 auctores
302 2006 458 2060 modestius
468 2013 496 2060 et
506 2023 571 2061 cum
582 2008 704 2078 quodam
716 2007 826 2076 pudore
837 2012 936 2061 eontra

86 2076 217 2146 regulam
233 2093 323 2147 pauca
337 2085 591 2147 praesumpserunt.
606 2079 677 2132 Nam
690 2079 793 2132 etlalso
803 2078 937 2132 dixerunt

86 2161 139 2216 pro
155 2147 234 2214 false,
251 2153 279 2202 et
294 2150 453 2202 necessario
469 2165 521 2219 pro
537 2148 704 2215 necessarie,
721 2154 750 2203 et
770 2148 868 2202 sedulo
882 2165 936 2219 pro

87 2218 194 2280 sedule,
211 2224 239 2272 et
253 2235 317 2272 raro
333 2235 467 2289 proram,
483 2224 511 2273 et
525 2220 624 2273 crebro
639 2236 691 2290 pro
707 2219 816 2284 crebre,
831 2225 860 2274 et
873 2225 935 2274 tuto

86 2304 138 2360 pro
151 2293 231 2343 tute:
247 2289 329 2344 sicet
345 2290 410 2355 alia,
425 2295 520 2344 tamen
535 2307 635 2360 panea,
653 2307 708 2345 non
733 2292 860 2352 licenter,
887 2291 937 2345 sed

85 2359 244 2413 verecunde
265 2365 331 2414 sunt
353 2367 496 2429 usurpata.
512 2362 584 2415 Sane
604 2368 671 2415 sunt
687 2361 820 2415 adverbia
841 2365 869 2415 et
885 2377 937 2430 per

86 2429 156 2483 alias
172 2430 293 2499 syllabas
307 2431 450 2494 exeuntia,
472 2437 504 2484 nt
527 2448 544 2484 a
564 2432 652 2485 fundo
680 2432 811 2485 funditur
835 2432 936 2486 aeoelo

86 2500 206 2565 roelitus,
222 2516 239 2554 a
254 2501 348 2554 radice
363 2500 506 2566 radicitus,
533 2519 550 2554 a
563 2502 757 2572 penetralibus
772 2502 840 2556 locis
854 2503 935 2573 peni·

87 2576 143 2637 tus,
160 2588 177 2625 a
197 2571 284 2640 stirpe
300 2571 416 2641 stirpus.
434 2572 502 2625 ltem
531 2573 560 2625 in
584 2573 634 2635 im,
650 2578 682 2627 nt
697 2590 712 2626 a
727 2572 787 2626 vico
811 2573 935 2638 vicatim,

86 2642 122 2697 ab
142 2641 214 2696 ostio
231 2641 392 2706 ostiatim,a
408 2642 475 2695 viris
489 2642 606 2697 viritim.
624 2645 692 2697 ttem
708 2643 934 2711 animionimis;

86 2717 131 2782 ut,
148 2714 186 2767 Ne
202 2713 271 2783 quid
285 2713 382 2767 nimis.
410 2714 519 2768 Exennt
538 2716 569 2768 in
592 2730 652 2779 ens,
673 2720 705 2768 nt
726 2730 834 2780 recens,
852 2715 937 2770 idest

87 2784 194 2839 recenti
210 2789 350 2854 tempore,
367 2783 531 2854 Virgillius;
548 2785 607 2840 Sole
628 2800 717 2840 recens
746 2791 804 2839 orto
828 2786 934 2854 (Georq.

86 2855 134 2910 tie.
151 2858 177 2922 3,
194 2872 221 2909 r.
242 2858 320 2921 tuti).-
346 2854 375 2909 id
402 2860 444 2909 est
473 2856 580 2909 recenti
602 2861 742 2927 tempore.
774 2857 846 2926 Ergo
876 2858 937 2911 brac

88 2925 186 2980 omnia
201 2925 336 2981 adverbia
351 2931 417 2980 sunt
430 2926 492 2981 sine
507 2927 675 2982 ditiorentia.
692 2929 762 2982 ltem
777 2927 852 2982 inter
863 2927 938 2982 intro

87 3002 115 3051 et
127 2997 266 3051 intusboc
281 2997 410 3062 interest,
427 2997 504 3051 iutro
517 2998 548 3052 iu
563 3003 643 3052 motu
661 3003 712 3061 est,
727 2999 805 3051 intus
821 2999 850 3051 in
866 2999 937 3053 situ:

87 3068 204 3122 utintro
219 3085 261 3130 eo,
278 3068 443 3123 iniussum.
463 3071 510 3123 Est
529 3071 605 3123 enim
620 3074 726 3136 motus,
741 3085 793 3123 eo:
809 3085 884 3135 sum,
900 3069 938 3123 si-

86 3141 132 3193 tus
146 3143 199 3193 cst.
217 3140 264 3193 Est
278 3139 363 3194 etiam
377 3140 508 3210 quaedam
523 3140 681 3194 obscuritas
695 3141 725 3194 in
737 3139 887 3202 abvcrbiis‚
902 3140 936 3194 de

88 3210 222 3278 seeundo,
240 3211 333 3273 tertio,
355 3217 469 3280 quarto,
485 3211 595 3281 quinto,
612 3216 704 3265 sexto:
737 3216 765 3264 et
780 3210 937 3265 secuudum

87 3280 216 3349 tertium,
230 3286 374 3351 quartum,
389 3282 533 3352 quintum,
546 3289 656 3335 sextum
670 3299 677 3336 ι
694 3286 725 3335 nt
735 3282 936 3351 putaseeundo

1 3390 2 3394 η
85 3350 176 3406 tactus
192 3356 234 3405 est
247 3353 356 3416 consul,
387 3357 415 3406 et
444 3352 601 3406 secundnm
629 3352 719 3406 factus
747 3352 801 3406 tuit
826 3353 934 3408 consul.

87 3421 217 3477 Secundo
240 3429 337 3477 autem
360 3422 484 3492 pertinet
504 3423 538 3477 ad
556 3423 697 3485 ordinem,
723 3422 881 3477 secundnm
903 3423 937 3477 ad

86 3509 265 3548 numerum:
291 3499 323 3548 ιιι
348 3500 418 3565 puta
440 3510 505 3548 cum
530 3493 603 3555 dico,
626 3494 756 3549 Secundo
780 3494 869 3548 factrus
897 3498 938 3548 est

86 3565 204 3630 consul;
220 3565 353 3635 pertinet,
370 3571 402 3621 ut
422 3565 490 3629 dixi,
507 3565 543 3620 ad
572 3565 712 3633 ordinem,
740 3565 817 3636 quod
844 3565 937 3636 primo

88 3635 160 3690 alter
173 3636 263 3690 laetus
274 3636 319 3703 sit,
346 3641 375 3691 et
395 3635 435 3690 sic
450 3637 522 3691 alter
536 3637 667 3691 seeundo.
685 3639 755 3692 Cum
770 3642 866 3691 autern
891 3636 937 3690 di·

86 3705 178 3760 cimus
193 3708 349 3761 secundum
371 3709 479 3773 consul,
496 3708 541 3761 vel
567 3708 695 3774 tertium,
724 3707 768 3761 vel
791 3704 937 3780 quartum,

86 3779 130 3831 vel
146 3776 289 3849 quintum,
304 3778 348 3832 vel
364 3786 485 3845 sextum,
501 3778 537 3831 ad
553 3795 707 3833 ursmarum
723 3779 846 3860 pertinet
862 3778 938 3851 quod

87 3848 178 3902 sexies
192 3849 278 3901 luerit
291 3849 400 3902 consul.
416 3849 484 3903 lude
500 3849 596 3903 Cicero
613 3851 647 3903 de
664 3851 751 3903 Mario
764 3850 804 3902 sic
818 3849 875 3904 ait:
892 3850 938 3904 Se-

87 3923 166 3972 xtum
181 3918 288 3982 consul,
304 3917 389 3971 idest
404 3919 454 3989 qui
470 3935 518 3972 sex
534 3920 699 3973 consulatus
709 3920 824 3987 meruit,
848 3925 877 3973 et
891 3936 938 3973 se·-

87 3989 935 4114 pqtimumconsulqnodest,septimumconsulatummeruit.

113 4075 145 4114 oc
161 4060 247 4113 Varro
263 4059 393 4114 distinxit
408 4058 439 4114 in
453 4059 534 4113 libris
553 4060 755 4116 Numerorum.
783 4063 814 4116 Et
837 4066 937 4115 caetera

85 4131 145 4213 jam
161 4129 246 4201 plana
261 4130 372 4185 suntin
399 4130 550 4199 adverbiis,
576 4136 605 4186 et
619 4149 652 4186 ex
668 4131 816 4203 quibusvis
830 4133 938 4187 artibus

88 4202 235 4258 intellectu
250 4200 353 4256 facilia.

253 4274 367 4329 caput
376 4271 455 4327 Xliil.
467 4303 502 4312 —
514 4274 581 4327 Item
591 4272 623 4327 de
637 4272 776 4329 adverbio.

124 4343 297 4399 adverbium
321 4349 363 4399 est
386 4359 452 4414 pars
473 4343 620 4409 orationis,
637 4360 701 4415 qnae
717 4345 825 4413 adjecta
851 4343 937 4398 rerba

88 4414 326 4486 significationem
340 4415 402 4485 aJus
417 4415 550 4485 explanat
563 4420 648 4486 atqua
666 4416 781 4486 implet:
799 4420 832 4470 ut
846 4416 937 4470 scribo

87 4486 171 4553 benc,
194 4486 257 4556 lego
282 4486 398 4556 optime,
426 4486 566 4540 adverbio
595 4486 727 4540 accidunt
757 4486 935 4557 significatio,

88 4556 190 4625 figura,
204 4558 322 4628 gradus.
347 4557 487 4612 adverbia
501 4562 551 4612 aut
565 4573 621 4611 ase
635 4562 800 4623 nascuntur,
815 4562 847 4611 ut
861 4558 935 4625 heri,

88 4643 196 4698 nuper;
209 4634 258 4682 aut
277 4629 312 4682 ab
327 4628 391 4683 aliis
407 4632 566 4694 transeunt,
580 4634 612 4683 ut
626 4628 719 4693 docte,
735 4628 887 4699 sapienter,
903 4629 938 4683 ab

88 4714 122 4754 eo
138 4699 216 4769 quod
232 4705 274 4753 est
288 4699 387 4754 doctus
403 4704 432 4753 et
456 4700 578 4770 sapiens.
599 4699 808 4754 Adverbiorum
828 4699 937 4764 signiti-

88 4768 215 4824 catioues
228 4775 295 4824 suut
309 4770 416 4825 multa.
431 4771 503 4826 Sunt
513 4769 589 4824 euim
606 4776 655 4825 aut
666 4771 814 4841 temporis,
826 4770 935 4836 utheri,

87 4855 198 4911 nuper,
213 4847 263 4895 aut
298 4857 418 4907 ersonae,
432 4848 463 4896 ut
478 4857 600 4905 mecum,
617 4846 709 4895 tecum
725 4859 731 4908 ;
747 4848 797 4896 aut
815 4840 880 4905 loci,
906 4845 938 4895 nt

87 4910 142 4977 hie,
164 4911 257 4966 isthic.
276 4857 308 4966 it
319 4913 449 4967 adverbia
462 4913 560 4967 localia
575 4913 791 4983 interrogativa,
807 4917 839 4967 ut
849 4912 936 4978 unde,

86 4982 146 5045 ubi,
161 4999 226 5054 qua.
245 4982 432 5052 Responsiva,
448 4983 535 5047 illinc,
552 4983 629 5050 hine,
646 4983 704 5038 itto.
721 4985 794 5039 Sunt
817 4983 938 5054 duplicis

86 5053 198 5116 formas,
214 5060 245 5110 ut
259 5055 338 5109 intus
350 5054 435 5124 intra,
451 5055 519 5109 ioris
533 5055 617 5110 foras.
636 5056 763 5120 Quorum
780 5055 938 5110 observatio

86 5125 151 5180 talis
163 5130 215 5192 est,
228 5127 295 5180 toris
308 5131 335 5180 et
348 5125 425 5181 intus
441 5126 470 5180 in
485 5126 557 5193 loco,
574 5130 606 5180 ut
620 5126 696 5180 intus
714 5131 766 5195 est,
780 5127 857 5180 intus
872 5126 936 5193 tuit,

85 5194 201 5252 iuturus
212 5202 270 5263 est;
281 5197 358 5252 intus
373 5201 445 5264 erat,
461 5198 575 5251 iuturus
588 5203 648 5251 erat
660 5214 666 5260 ς
676 5198 745 5252 foris
756 5204 825 5263 erat,
834 5199 936 5263 tuerat,

86 5267 201 5322 iuturus
216 5275 285 5324 erat.
303 5271 342 5324 lle
356 5269 429 5331 loco,
446 5268 524 5323 intus
538 5268 632 5336 venio,
651 5269 720 5322 foris
734 5269 827 5323 venio.
852 5270 938 5324 Foras

86 5343 182 5394 autem
199 5345 228 5394 et
242 5340 318 5395 iutro
328 5341 362 5395 ad
378 5341 471 5395 locum
488 5339 661 5411 significant,
679 5339 849 5401 utioraseo.
863 5341 938 5394 toras

87 5410 190 5478 venio;
205 5410 281 5465 intro
297 5428 341 5478 eo,
351 5412 425 5467 intro
438 5412 521 5466 venio
535 5429 541 5478 ;
556 5412 632 5466 foras
641 5411 741 5474 ieram,
753 5412 827 5465 intro
837 5411 936 5465 ieram.

88 5481 153 5536 llaec
168 5487 292 5552 quatuor
306 5484 399 5538 modis
415 5483 587 5554 ligurantur,
605 5483 773 5554 perlocnm,
784 5482 818 5536 ad
832 5484 937 5548 locum,

86 5549 116 5605 in
131 5550 207 5620 loco,
223 5569 238 5607 e
252 5555 323 5631 tpco.
340 5555 393 5609 Per
408 5557 517 5622 locum,
534 5559 575 5621 ut,
603 5557 662 5610 Hoc
672 5556 725 5609 iter
740 5554 865 5624 Elysium
887 5568 938 5608 aa·

87 5619 130 5677 bis
146 5623 261 5686 (ednod.
278 5625 326 5681 ut.
354 5628 381 5692 6,
395 5641 422 5681 ιι.
444 5627 515 5694 ste).
539 5625 580 5681 Ad
607 5625 702 5680 locum
728 5630 770 5692 ιιι,
789 5627 848 5682 Huc
861 5623 936 5691 odes,

86 5691 233 5750 adularer
247 5694 347 5767 [Batou.
363 5699 389 5766 9,
409 5712 438 5751 v:
454 5699 507 5762 39].
523 5695 556 5752 In
576 5696 648 5763 loco,
664 5699 707 5763 ut,

749 245 797 302 DE
815 241 1055 303 aaauumtut
1073 242 1190 302 LIBER.

1087 387 1134 436 liic
1149 385 1444 512 etchippqsuemnt
1460 382 1573 434 maenia
1590 380 1683 431 locri.

1333 447 1384 499 eid.
1399 447 1446 500 tit.
1463 444 1492 504 ³,
1511 461 1540 497 v.
1557 445 1634 506 399.)

995 511 1102 577 Eloco,
1117 514 1160 578 ut,

1088 590 1153 639 ilinc
1168 602 1210 639 me
1222 588 1368 653 digressum
1385 589 1484 640 vestris
1495 587 1572 638 deus
1585 585 1702 651 appulit
1717 585 1780 635 oris.

1511 649 1603 712 (reid.
1623 663 1650 700 a.
1663 649 1740 712 ¹115.)

992 723 1142 795 Suntque
1162 723 1269 795 pariter
1294 723 1323 778 in
1347 723 1410 778 loco
1429 721 1614 794 signiticant
1644 725 1677 774 et
1702 721 1739 773 de
1755 720 1859 783 locant

992 795 1070 849 intus
1084 811 1158 861 sum,
1171 795 1248 849 intus
1262 795 1355 849 venio.
1372 795 1444 849 Sunt
1460 810 1531 866 quae
1545 793 1581 847 in
1599 793 1669 846 loco
1688 795 1720 844 et
1735 791 1765 846 in
1780 792 1857 848 locun

992 870 1050 921 eto
1071 866 1142 927 loco,
1159 871 1190 920 ut
1205 866 1318 937 penitus
1333 880 1408 933 stam,
1423 881 1471 934 eo,
1496 864 1606 920 venio.
1635 863 1717 918 Sunt
1742 864 1856 919 adverbia

992 934 1732 1063 tritulatit,¹¹¹¹uilhtlztitffiiiiutl
1749 934 1854 1077 litt·

991 1079 1068 1145 dem,
1084 1080 1200 1151 quippe
1221 1049 1405 1141 litirtationis,
1421 1084 1454 1132 ut
1469 1077 1530 1134 eia.
1560 1046 1818 1148 iuterrogaiiouis,
1831 1085 1853 1132 ut

992 1166 1052 1216 cur,
1067 1165 1164 1221 quare,
1182 1150 1392 1214 Similitudinis,
1418 1154 1452 1203 ut
1467 1149 1520 1214 sic,
1541 1148 1646 1217 quasi.
1675 1149 1854 1219 Comparatio

990 1221 1036 1275 nis
1051 1222 1094 1274 vel
1119 1221 1305 1293 praelationis,
1329 1226 1360 1274 nt
1375 1220 1478 1292 magis,
1493 1219 1618 1291 potius.
1652 1220 1817 1282 Dubitandi,
1830 1227 1853 1274 ut

991 1292 1119 1346 fumasse.
1136 1292 1299 1360 annuendi,
1321 1296 1353 1345 nt
1379 1294 1475 1362 plane,
1506 1306 1597 1345 sane.
1618 1289 1852 1353 Discretionis,ut

991 1379 1129 1431 seorsum,
1145 1363 1325 1435 segregatim.
1347 1362 1481 1432 Optandi,
1511 1366 1551 1417 ut
1582 1360 1721 1416 utinam.
1739 1362 1850 1425 Voraudi,

991 1434 1114 1489 atheus.
1137 1433 1349 1504 Respondendi,
1368 1439 1402 1487 ut
1424 1435 1471 1488 he.
1500 1433 1700 1503 Derogandi,
1717 1437 1750 1486 ut
1764 1449 1851 1503 nequa-

991 1522 1089 1577 quam,
1105 1504 1219 1559 frustra.
1239 1504 1366 1570 iurandi,
1383 1508 1414 1558 ιιι
1431 1503 1572 1574 AEdepol,
1592 1505 1746 1558 AEcastor.
1771 1504 1849 1558 Prohi-

990 1576 1087 1642 bendi,
1112 1581 1144 1630 nt
1159 1591 1203 1631 ne.
1222 1575 1360 1657 Negandi,
1376 1583 1493 1641 utnon,
1517 1574 1615 1641 haud,
1643 1575 1780 1629 minime.
1794 1576 1850 1629 Con·

989 1646 1351 1719 gregandi‚utnna,s1mul.
1367 1646 1544 1712 Ordinandi,
1558 1646 1848 1717 utdeinde,deniqur.

990 1718 1168 1784 hirundini
1191 1734 1284 1788 papa.
1303 1717 1462 1781 Laudaudi,
1493 1721 1530 1770 ut
1557 1732 1654 1788 enge.
1676 1718 1848 1777 Exclamandi,

990 1795 1022 1844 ut
1036 1791 1119 1860 prob.
1146 1789 1275 1854 liniendi,
1302 1793 1332 1842 nt
1347 1789 1412 1842 beu.
1430 1787 1584 1858 Eligendi,
1604 1792 1642 1843 ut
1661 1788 1732 1843 vah.
1747 1788 1848 1855 ingeni·

990 1860 1199 1928 scendi,utbei.
1212 1860 1267 1914 Sed
1275 1860 1336 1914 baec
1346 1859 1414 1930 quia
1424 1859 1518 1913 animi
1531 1859 1685 1913 affectum
1697 1860 1847 1929 siguiliraut

990 1947 1006 1985 a
1024 1931 1121 1985 multis
1137 1930 1349 2002 luterjectiones
1363 1930 1511 1998 dicuntur,
1526 1930 1617 2001 qnod
1631 1930 1848 2000 interjectionem

953 2014 956 2019 ·
990 2008 1150 2072 separatam
1166 2003 1202 2057 ab
1222 2001 1363 2066 adverbio,
1385 2006 1414 2055 et
1428 2007 1550 2071 partem
1572 2001 1729 2056 orationis
1744 2003 1848 2072 aliquan

990 2072 1094 2127 idcirco
1110 2073 1218 2138 volunt,
1227 2071 1427 2144 quiaadverbii
1438 2072 1604 2142 proprium
1623 2078 1684 2138 est,
1697 2073 1774 2143 quod
1785 2073 1850 2125 verbo

990 2143 1108 2215 adjungi
1123 2149 1225 2215 potest.
1243 2143 1331 2199 Graeci
1341 2148 1436 2197 autem
1453 2143 1712 2214 interjectionem
1728 2144 1848 2198 abadrer·

990 2215 1038 2269 bio
1052 2231 1110 2269 non
1125 2220 1259 2285 separant
1273 2231 1280 2268 τ
1297 2220 1449 2286 propterea
1463 2213 1539 2284 qnia
1554 2219 1664 2268 motus
1675 2215 1849 2284 auimiqnali·

990 2287 1042 2340 tati
1058 2285 1214 2356 assignant,
1239 2290 1267 2339 et
1291 2285 1351 2338 baec
1377 2284 1475 2338 omnia
1500 2285 1560 2340 sub
1593 2302 1712 2355 genere
1727 2286 1851 2358 qualitatis

990 2361 1093 2427 putant
1110 2356 1255 2410 adverbia.
1273 2356 1345 2410 Sunt
1356 2355 1491 2410 adverbia
1508 2357 1711 2427 quantitatis,
1728 2364 1761 2410 ιιι
1775 2359 1850 2426 louge,

990 2430 1059 2482 lata.
1084 2427 1242 2491 Qualitatis,
1263 2432 1295 2481 nt
1311 2428 1392 2493 bene,
1408 2427 1496 2482 male.
1519 2428 1682 2482 Adverbia
1706 2445 1766 2482 non
1779 2430 1852 2480 solun

991 2498 1026 2553 ad
1054 2498 1294 2571 appellationibus
1313 2504 1471 2561 transeunt,
1505 2498 1564 2552 hoc
1587 2503 1678 2553 esta
1705 2498 1852 2553 nominibus

990 2569 1179 2638 appellativis,
1197 2575 1228 2622 ut
1243 2586 1260 2622 a
1279 2569 1408 2640 pulchro,
1421 2568 1569 2639 pulchre:
1590 2569 1649 2624 sed
1663 2586 1682 2623 a
1692 2571 1821 2641 propriis,
1830 2574 1853 2622 nt

990 2640 1107 2701 Tullius,
1123 2640 1262 2694 Tulliana.
1278 2644 1301 2693 Α
1317 2639 1543 2710 pronominibus
1557 2641 1672 2703 etiam,
1687 2661 1704 2695 a
1719 2658 1791 2701 meo,
1806 2646 1851 2701 tuo,

990 2711 1117 2772 meatim,
1133 2710 1253 2764 tuatim:
1268 2710 1386 2764 averbis
1398 2726 1529 2781 quoque,
1546 2715 1584 2764 ut
1601 2728 1621 2765 a
1638 2728 1729 2767 curro
1753 2712 1851 2766 cursim.

991 2782 1251 2852 Deprehcuduntur
1265 2797 1298 2834 ex
1311 2786 1444 2851 utroque,
1455 2787 1489 2835 ut
1503 2782 1706 2850 pedetentim
1723 2801 1740 2837 a
1755 2783 1820 2854 pede
1832 2786 1852 2834 et

990 2856 1082 2912 tento,
1099 2852 1128 2905 id
1144 2859 1214 2906 esta
1229 2852 1346 2905 nomine
1361 2852 1445 2905 simul
1459 2857 1491 2905 et
1503 2852 1612 2907 uerbo.
1628 2855 1707 2909 Sunt
1720 2855 1802 2908 etiam
1814 2853 1851 2906 ad·

992 2923 1290 2993 verbia,quaent1um
1313 2923 1460 2976 anomine
1486 2929 1665 2991 transeant,
1683 2942 1722 2979 an
1744 2943 1761 2979 a
1783 2922 1851 2976 rerba

992 2994 1133 3048 incertum
1158 2998 1210 3061 est,
1229 2994 1381 3048 utlnrtim.
1399 2995 1548 3048 incertum
1567 3002 1619 3050 est
1630 2997 1715 3051 enirn
1726 2995 1848 3058 anulare,

992 3065 1068 3135 quod
1089 3080 1195 3118 nornen
1219 3069 1262 3118 cst
1275 3068 1410 3129 transeat,
1427 3081 1463 3118 an
1480 3080 1499 3117 a
1527 3066 1627 3122 verbo
1646 3069 1743 3134 furor,
1757 3067 1849 3122 furaris.

991 3135 1189 3206 Apartieipiis
1213 3135 1331 3206 quidam
1346 3138 1464 3201 nolunt;
1491 3136 1545 3191 sed
1579 3137 1792 3201 inveniuntur,
1805 3143 1851 3190 uta

990 3207 1106 3261 decente
1121 3207 1261 3261 decenter.

992 3286 1103 3341 caput
1130 3285 1222 3339 xxttt.
1243 3315 1277 3324 —
1298 3285 1439 3341 Aduerbiu
1463 3303 1483 3339 o
1513 3289 1690 3344 nominibus
1717 3293 1803 3344 tracto
1816 3303 1850 3342 ser

1111 3357 1210 3410 tutent
1222 3359 1432 3412 terminationes.
1450 3358 1563 3426 ueruto
1578 3363 1753 3415 communis.

1026 3427 1227 3481 Anominibus
1243 3432 1333 3482 tracta
1358 3428 1493 3482 adverbia
1509 3445 1562 3483 sex
1585 3431 1690 3486 modis
1708 3431 1849 3486 terminan-

992 3501 1056 3551 tur:
1078 3498 1171 3551 autin
1197 3513 1223 3564 e,
1248 3502 1280 3552 ut
1299 3499 1378 3553 docte
1396 3498 1530 3569 pulchre,
1557 3500 1714 3565 honeste;
1737 3509 1786 3557 aut
1798 3502 1821 3555 in
1833 3518 1851 3569 r,

991 3572 1023 3622 ut
1037 3568 1172 3622 velociter
1182 3575 1232 3622 aut
1246 3567 1275 3622 in
1291 3569 1340 3632 im,
1357 3574 1389 3623 ιιι
1405 3570 1543 3638 ubertim,
1560 3571 1851 3644 singillatim;sutin

990 3654 1035 3704 us,
1051 3645 1083 3720 ut
1096 3639 1241 3720 radicitus,
1269 3640 1428 3705 mordicus;
1446 3645 1497 3694 aut
1522 3641 1556 3695 in
1573 3659 1607 3703 ιι,
1626 3651 1661 3698 nt
1682 3651 1784 3709 noctu,
1798 3646 1850 3707 dim

992 3715 1085 3764 autin
1102 3726 1121 3776 ι,
1146 3713 1177 3763 ut
1194 3710 1282 3774 domi,
1296 3711 1386 3779 humi,
1401 3712 1526 3780 vesperi.
1552 3714 1715 3770 Aduerbia
1730 3714 1852 3788 qualitatis

991 3780 1020 3834 in
1037 3796 1051 3834 e
1067 3781 1191 3835 litteram
1216 3783 1348 3836 exeuntia
1375 3781 1496 3851 produci
1513 3781 1646 3840 debent.
1681 3788 1750 3842 liaeo
1775 3793 1851 3841 tanen

991 3851 1233 3923 dissentiuntqnae
1244 3854 1331 3907 autin
1343 3855 1555 3924 comparativo,
1576 3863 1632 3923 uui
1643 3858 1677 3912 in
1693 3860 1852 3930 superlativo

992 3923 1083 3994 gradu
1097 3923 1240 3990 vacillant,
1256 3928 1288 3978 ut
1304 3924 1387 3992 bene,
1404 3925 1478 3978 male
1494 3941 1500 3992 ;
1517 3931 1574 3981 aut
1591 3944 1665 3999 qnae
1692 3931 1732 3985 ab
1747 3930 1852 4001 appella·

991 3994 1070 4048 tione
1085 4010 1143 4048 non
1167 3998 1327 4062 transeunt,
1348 4000 1379 4049 ut
1393 3995 1525 4067 impune,
1552 3994 1650 4070 saepe.
1670 3999 1852 4056 Caetemmta

991 4064 1043 4119 cite
1059 4070 1087 4118 et
1102 4065 1227 4132 diltioile,
1243 4082 1308 4136 quae
1320 4066 1452 4122 adverbia
1467 4075 1641 4138 ponuntur,
1660 4074 1851 4132 nominasnnt,

992 4152 1025 4190 ex
1042 4136 1145 4207 quibus
1161 4137 1221 4191 baec
1235 4143 1391 4191 nascuntur
1406 4137 1558 4208 adverbia,
1585 4142 1733 4208 faciliter,
1750 4142 1853 4198 diflicili-

992 4211 1052 4262 ter:
1069 4208 1118 4262 sed
1134 4223 1200 4260 usus
1212 4207 1358 4279 bracquasi
1370 4208 1504 4262 adverbia
1517 4210 1705 4270 vindicavit.
1723 4216 1853 4281 Quamn-

992 4293 1048 4348 que
1060 4278 1177 4332 nomina
1191 4278 1337 4349 qualitatis
1352 4284 1402 4333 aut
1414 4280 1607 4350 quantitatis,
1620 4301 1696 4339 casu
1709 4287 1802 4341 dativo
1813 4285 1855 4337 sin·

992 4349 1095 4420 gratari,
1113 4366 1128 4402 o
1143 4350 1237 4403 littera
1250 4351 1450 4416 terminantur,
1463 4351 1611 4408 adverbia
1623 4355 1657 4412 in
1671 4359 1853 4428 eproduetant

993 4421 1128 4474 mittunt:
1149 4426 1213 4474 uta
1234 4420 1322 4491 justo,
1338 4421 1425 4492 juste.
1446 4421 1502 4475 Sed
1527 4423 1599 4479 haec
1616 4434 1740 4482 veteres
1755 4427 1854 4483 inditia·

991 4495 1088 4545 rentes·
1103 4496 1272 4561 posuerunt.
1303 4498 1335 4546 nt
1347 4492 1522 4559 humaniter,
1543 4495 1679 4552 duriter.
1696 4501 1856 4564 Onaeauten

992 4561 1022 4615 in
1039 4561 1048 4614 i
1062 4560 1176 4615 literam
1187 4561 1389 4628 terminantur,
1402 4563 1432 4616 in
1456 4566 1501 4617 ter
1514 4566 1669 4645 syllabam
1687 4571 1822 4625 mittant:
1833 4570 1858 4620 ut

992 4631 1071 4700 agili,
1089 4633 1186 4693 nobili,
1198 4633 1308 4701 audaci,
1323 4633 1448 4701 difficiti;
1462 4635 1599 4705 agiliter,
1610 4641 1773 4705 nobiliter,
1789 4640 1858 4695 anda

992 4703 1071 4768 citer,
1087 4703 1252 4758 difficiliter.
1275 4704 1327 4758 Sed
1352 4721 1384 4758 ex
1401 4704 1435 4759 iis
1459 4706 1604 4776 quasdam
1622 4726 1684 4780 per
1715 4725 1857 4784 syncopen

992 4774 1145 4855 euphonia
1159 4790 1244 4828 eausa
1258 4774 1387 4837 dicimus,
1403 4780 1436 4830 ut
1449 4776 1606 4846 audacter,
1625 4772 1803 4851 difficulter,
1825 4798 1858 4835 sa·

991 4847 1859 4990 titulariusillillitteratura

992 4989 1033 5042 ait
1046 4987 1195 5042 Sallustius
1208 5004 1213 5040 :
1228 4989 1305 5042 Falso
1317 4991 1440 5057 queritur
1453 4989 1486 5042 de
1501 4996 1615 5047 natura
1642 5011 1702 5052 suo
1718 5014 1804 5067 penus
1819 4998 1857 5050 ltu·

992 5074 1107 5114 monum
1124 5060 1169 5122 (ln
1183 5059 1256 5113 netto
1281 5060 1444 5128 Jtvqurttvl:
1460 5076 1514 5130 pro
1544 5063 1633 5120 false.
1670 5069 1820 5141 Virgilius,
1834 5068 1859 5120 tt

990 5131 1059 5200 pede
1079 5135 1179 5184 terram
1195 5130 1287 5185 erebro
1300 5134 1366 5197 serit
1380 5129 1486 5200 (Georq.
1503 5132 1556 5186 lib.
1576 5137 1605 5200 3,
1618 5153 1650 5192 u.
1670 5142 1742 5211 500)
1759 5159 1766 5195 ε
1782 5146 1817 5199 et.

1070 5207 1151 5257 blnlta
1167 5207 1258 5257 lovem
1272 5208 1395 5258 manibus
1410 5209 1523 5272 supplex
1540 5225 1642 5265 orasse
1654 5221 1780 5279 supinis,

1397 5270 1514 5332 (amru.
1529 5272 1581 5324 uo.
1595 5279 1621 5338 t,
1632 5291 1664 5329 υ.
1680 5283 1754 5343 aas.)

992 5339 1192 5411 Conjunetioui
1207 5344 1249 5408 ut,
1266 5341 1381 5413 quando
1395 5342 1571 5402 adverbium
1589 5365 1701 5408 secum
1720 5358 1775 5422 est,
1791 5355 1860 5427 plura

993 5411 1143 5482 signifieat.
1162 5412 1385 5467 similitudinem
1400 5413 1450 5480 sic,

1072 5491 1102 5540 [ιι
1114 5490 1248 5555 qnondam
1265 5492 1341 5543 Creta
1352 5491 1434 5543 fertur
1450 5492 1647 5570 Labyrinthus
1662 5504 1694 5554 in
1713 5505 1780 5556 alta.

1460 5556 1512 5618 (td.
1527 5559 1581 5613 tab.
1599 5566 1626 5626 5,
1640 5568 1749 5632 2588.)

993 5624 1117 5768 puppup
1140 5625 1190 5752 sito.
1225 5627 1260 5682 Ut
1285 5641 1375 5697 reqem
1408 5641 1562 5698 aquenum
1609 5634 1718 5708 (taem,
1761 5639 1808 5696 us,
1840 5638 1858 5693 i,

1014 5736 1020 5751 .
1093 5713 1191 5767 .,sc.
