3884 6112
698 217 805 277 traua
829 219 957 279 uenus.
1630 239 1684 296 τω

76 328 108 384 in
122 330 177 385 hoe
191 328 343 402 quisquam
359 347 506 391 servorum
521 339 636 394 tuorum
650 339 773 398 fratrum

70 416 185 486 dixerit,
203 419 281 491 quod
294 419 355 491 jam
371 422 456 493 pleno
479 425 564 481 eorde
585 428 689 485 militia
712 435 772 500 tua,

71 507 207 562 afuerim
231 509 275 562 vel
293 525 351 564 una
374 510 446 565 hora
466 514 564 569 sedere
585 516 617 571 in
640 519 774 575 cathedra

88 597 124 651 dt
139 613 192 668 cgo
207 613 266 652 non
281 599 431 655 contendo.
448 601 502 657 Sed
516 607 557 670 tu,
580 606 701 662 Domine
723 609 774 663 mi-

72 685 155 752 sime,
177 701 272 742 nonne
293 692 321 741 et
343 686 398 743 hoc
412 695 559 760 peceatum
578 709 643 749 cum
663 697 773 753 crateris

86 780 115 829 et
128 774 264 844 funereis,
281 775 311 831 iu
323 792 399 849 aqua
413 783 510 836 sancta
528 780 664 854 ignovisti
685 790 714 842 et
727 803 773 844 rc·

71 862 128 919 ihi?
502 887 505 892 ·

253 954 367 1010 CAPUT
391 955 440 1011 ill.

78 1042 252 1098 Verecuadus
271 1044 391 1099 concedit
406 1045 449 1100 itti
463 1061 511 1101 rus
527 1061 616 1104 suum.

71 1129 192 1185 trahatur
207 1131 391 1186 anxietudine
407 1133 589 1189 verecundus
604 1134 640 1192 de
654 1133 709 1191 isto
719 1152 773 1192 no·

71 1239 84 1286 v,
100 1217 177 1289 qued
191 1223 311 1290 propter
324 1218 438 1275 vincula
454 1237 515 1290 sua,
527 1223 633 1294 quibus
651 1223 773 1280 tenuris·

71 1305 176 1374 ebatur,
202 1307 296 1362 deseri
322 1324 352 1362 se
374 1312 472 1365 nostro
487 1311 630 1367 consortio
646 1311 771 1368 videbat.

71 1394 251 1464 christianus,
279 1397 401 1469 conjuge
422 1399 512 1467 fideli,
537 1416 570 1454 eu
591 1399 654 1472 ipsa
676 1406 774 1457 tamen

71 1500 118 1539 rrae
142 1485 251 1540 caeteris
271 1487 421 1558 compede,
437 1489 474 1543 ab
498 1488 601 1544 itinere
622 1490 700 1562 quod
722 1507 773 1563 ag·

71 1589 154 1642 rmus,
180 1575 396 1632 retardabatur:
422 1593 475 1633 uec
502 1577 691 1634 christianum
712 1595 773 1635 esse

71 1679 77 1715 v
92 1677 122 1716 se
136 1663 208 1717 velle
218 1663 339 1731 dicebat,
351 1680 438 1735 quam
451 1665 501 1721 illo
510 1683 567 1738 quo
578 1683 636 1722 nou
648 1672 771 1739 poterat.

71 1765 130 1805 rane
143 1751 257 1819 obtulit,
269 1756 301 1807 at
313 1753 450 1824 quamdiu
461 1754 501 1809 ibi
512 1770 649 1823 essemus,
666 1756 773 1813 iurare

71 1855 126 1894 nus
144 1838 165 1895 ¹.
180 1839 331 1896 Retribues
345 1840 389 1897 illi
408 1844 430 1909 ²,
446 1842 578 1914 Domine,
593 1844 623 1899 in
643 1861 773 1901 resurre-

71 1931 180 1997 torum,
191 1928 327 2001 quiajam
342 1929 434 2001 ipsum
449 1937 557 1988 sortem
565 1932 722 1989 retribuisti
735 1934 770 1990 ei.

71 2015 148 2071 euim
163 2016 329 2073 absentibus
344 2020 428 2075 nobis
452 2036 518 2076 cum
533 2022 630 2078 llomae
640 2023 702 2094 jam
726 2038 774 2078 es-

71 2106 186 2176 »rporali
201 2106 373 2177 egritudine
392 2114 547 2182 correptus,
564 2116 594 2167 et
606 2110 636 2166 in
651 2127 684 2167 ea
698 2111 773 2168 ebri-

71 2208 75 2249 ;
101 2194 193 2251 lldolis
211 2196 311 2263 luctus,
336 2213 369 2252 ex
394 2196 518 2254 hacvitu
539 2199 704 2271 emigravit:
734 2199 774 2255 ita

75 2298 106 2338 es
119 2299 177 2339 non
198 2285 290 2340 solum
305 2285 377 2356 ejus,
393 2287 441 2342 scd
457 2286 542 2342 etiarn
557 2287 656 2355 nostri,
675 2304 711 2343 ne
725 2304 773 2343 co·

72 2373 202 2446 gregium
217 2390 285 2446 erga
300 2390 352 2429 uos
378 2373 463 2430 amici
484 2376 705 2445 humanitatem,
720 2392 773 2432 nec

77 2476 164 2533 grege
189 2467 239 2517 tao
263 2468 458 2533 numerantes,
484 2464 581 2520 dolore
600 2464 772 2520 intolerabili

71 2566 125 2607 rar.
151 2551 260 2607 Gratias
285 2551 349 2621 tibi,
377 2554 449 2607 lleus
473 2557 582 2624 noster,
599 2554 771 2622 tuisumus;

71 2640 242 2695 hortationes
254 2646 282 2695 et
290 2641 500 2697 consolationes
512 2646 588 2699 tuae:
604 2642 696 2699 fidelis
708 2659 774 2714 pro·

71 2728 160 2784 addes
183 2730 424 2801 Verecundo,pro
444 2746 511 2786 rure
531 2730 581 2787 illo
601 2732 665 2803 ojus
680 2730 773 2788 Cassi-

71 2863 73 2870 ,
86 2816 121 2872 ab
135 2822 207 2872 sustu
221 2817 316 2873 saeculi
326 2818 522 2891 requievimus
534 2819 564 2874 in
575 2824 612 2889 te,
624 2821 772 2876 amoenitu·

71 2906 178 2979 pitarne
193 2907 311 2963 virentis
325 2908 451 2979 paradisi
466 2909 518 2976 tui,
535 2909 673 2981 quonium
688 2910 773 2966 dimi·

72 3001 166 3051 eccatu
195 3001 421 3067 superterram,
444 2996 475 3051 in
503 3002 598 3054 monte
619 2998 773 3070 incaseato,

71 3099 89 3150 t,
102 3089 198 3140 moute
213 3085 296 3141 uberi
311 3086 394 3158 (Prot.
407 3101 489 3154 th'tt,
505 3089 559 3155 re).

71 3171 166 3227 ebatur
180 3189 249 3245 ergo
265 3178 333 3228 tuuc
344 3173 421 3244 ipse;
439 3174 591 3231 Nebridius
609 3179 706 3231 autem
719 3175 774 3231 col·

71 3276 83 3316 ³.
99 3260 233 3326 Quamvis
248 3262 326 3318 enim
339 3261 438 3334 etipse
457 3263 588 3319 nondum
603 3263 775 3321 christianus

71 3347 174 3404 bveam
197 3349 430 3422 perniciosissimi
449 3351 553 3406 erroris
574 3351 723 3421 inciderat,
742 3355 775 3409 ut

79 3435 144 3493 Filii
166 3438 209 3492 lui
232 3455 347 3494 curnem
374 3439 545 3512 phantasma
563 3441 708 3508 crederet3
728 3445 773 3496 ta·

83 3541 242 3598 emergens,
252 3528 292 3583 sic
310 3528 365 3583 sibi
374 3533 444 3597 erut,
459 3530 587 3585 nondum
597 3529 664 3585 ullis
684 3531 775 3585 Eccle-

71 3616 255 3671 sucramentis
277 3616 417 3688 imbutus,
442 3619 491 3674 sed
504 3617 658 3691 inquisitor
671 3618 773 3674 arden·

71 3703 197 3761 veritatis.
212 3706 301 3770 Quem
317 3708 476 3762 noumnlto
488 3706 775 3778 postconversionem

72 3796 101 3849 et
128 3793 375 3865 regenerationem
399 3811 452 3867 per
475 3795 654 3868 baptismum
680 3799 774 3864 tuum,

71 3897 120 3938 ,am
136 3883 249 3939 lidelem
265 3884 439 3940 catholicum
453 3885 583 3941 castitate
593 3884 720 3958 perfecta
731 3888 776 3940 ut-

71 3970 172 4025 nentia
187 3969 240 4026 tibi
261 3971 433 4027 servientem
452 3972 484 4027 in
496 3972 590 4028 Africa
605 3972 684 4044 apud
697 3987 775 4035 suos,

83 4058 185 4114 domus
199 4058 260 4129 ejus
274 4075 327 4129 per
342 4076 409 4114 eum
431 4059 588 4116 christiana
601 4061 676 4117 facta
691 4065 775 4130 esset,

71 4146 153 4215 lvisti;
181 4151 210 4202 ct
223 4163 299 4203 nuno
321 4148 369 4204 ille
388 4148 457 4206 vivit
477 4148 508 4204 in
526 4149 592 4204 sinu
613 4149 771 4208 Abraham.

87 4233 160 4291 illud
185 4240 228 4292 est
246 4237 322 4308 quod
334 4237 383 4293 illo
397 4236 576 4309 significatur
587 4236 651 4293 sinu
668 4238 719 4310 (a),
735 4238 776 4293 ibi

71 4325 258 4393 vmcnsvivit,
268 4325 357 4381 dulcis
367 4325 475 4381 amicus
489 4342 582 4395 meus,
591 4330 658 4381 tuus
668 4330 775 4397 uatem,

72 4412 223 4486 adoptivus
248 4429 281 4469 er
299 4414 402 4471 liberto
423 4413 517 4483 lilias;
543 4414 584 4471 ibi
607 4414 685 4471 vivit.
705 4415 776 4472 Nam

71 4503 144 4559 erati
155 4504 259 4559 animae
273 4503 366 4559 locust
383 4503 425 4560 lbi
439 4503 518 4573 vivit,
529 4504 604 4560 unde
625 4519 671 4560 me
685 4504 775 4561 multa

71 4590 122 4648 bat
131 4593 356 4649 homuncionem
370 4593 563 4666 inexpertum.
578 4595 642 4650 tam
657 4608 716 4649 non
728 4610 778 4667 po-

71 4681 132 4737 rad
145 4699 175 4736 os
190 4698 298 4751 meum,
322 4682 371 4738 sed
393 4683 543 4755 spirituale
564 4700 595 4739 os
614 4683 650 4739 ad
669 4684 777 4740 ionmm

71 4769 173 4839 lbibit,
190 4774 329 4843 quantum
344 4774 447 4843 potest,
464 4770 637 4844 sapientium
650 4788 703 4845 pro
719 4772 777 4829 avi·

72 4873 100 4928 a,
117 4857 177 4914 sine
192 4860 248 4915 line
263 4858 339 4915 felix.
356 4861 413 4915 Nec
436 4859 476 4915 sic
497 4876 563 4916 eum
588 4860 710 4916 arbitror
731 4860 776 4916 iu·

71 4985 132 5038 rullo
145 4987 199 5039 lere
210 5003 273 5039 erce
292 4994 327 5047 to,
340 4989 452 5040 habant:
465 4991 498 5040 Iu
508 5002 537 5041 rc
549 4990 609 5055 ejus
619 5001 745 5041 essemus.

71 5062 101 5102 rte
113 5049 163 5110 ttu,
174 5051 252 5114 juxta
266 5005 342 5101 bloet.
357 5066 389 5101 en
406 5053 493 5102 llius.
509 5053 543 5124 bl.
648 5114 653 5125 Ι

71 5112 778 5177 sinuhbrahaesignilicaricredideritAugustinusupe·

71 5179 148 5224 ustcu
161 5175 188 5224 in
201 5176 269 5225 libi
281 5177 313 5226 de
325 5175 421 5225 Anima
430 5176 522 5239 atejus
535 5176 641 5248 Origine
651 5191 673 5225 c.
685 5179 721 5232 ld,
732 5177 775 5224 tl:

71 5236 171 5286 lbrahae
182 5238 299 5302 intellige
311 5244 437 5287 remotam
449 5239 536 5287 sedem
546 5238 642 5312 quietis
656 5243 776 5301 atqueae-

71 5298 306 5359 ubiestbbraham;
317 5305 343 5350 et
351 5300 525 5350 ideohbrabae
536 5300 634 5350 dietum
643 5299 777 5371 nonquod

71 5362 777 5475 utumslt,sedquodipsepatormulturumgeutiumsvt

73 5423 169 5488 quibus
177 5429 217 5477 est
230 5439 245 5476 a
276 5424 434 5477 imitandum
445 5425 504 5476 fidei
516 5425 665 5491 principatu
679 5437 775 5491 propo·

829 342 936 400 ebriari
949 361 984 401 ex
998 361 1043 414 ea,
1056 351 1088 402 ut
1111 347 1294 406 obliviscatur
1318 352 1386 423 mei,
1407 370 1473 410 cvvm
1487 359 1529 423 tu,
1546 357 1680 427 Domine,

830 449 916 505 quem
934 438 1016 506 potat
1029 435 1078 491 ille
1096 436 1116 503 ¹,
1133 437 1225 494 nostri
1239 439 1277 495 sis
1291 456 1411 497 memor.
1428 443 1551 514 sicergo
1566 462 1680 503 eramus

830 522 1027 580 verecundam
1048 527 1228 583 consolantes
1247 529 1368 599 tristem,
1391 532 1468 586 salva
1492 533 1628 603 amicitia,
1643 537 1680 592 de

829 609 879 666 tuli
909 613 1093 669 conversione
1111 621 1210 672 nostra
1227 620 1249 686 2,
1279 622 1308 674 ut
1329 620 1510 677 exhortantes
1532 622 1568 677 ad
1591 623 1678 681 iidem

829 701 934 770 gradus
947 701 1003 771 sui,
1017 702 1083 759 vitre
1098 704 1203 760 scilieet
1212 706 1387 779 conjugalis;
1400 709 1568 767 Nebridium
1582 717 1679 769 autem

829 789 1010 861 opperientes
1026 793 1142 865 quando
1159 797 1425 869 sequeretur,quod
1435 799 1469 854 de
1479 801 1678 872 tamproximo

828 882 950 950 poterat,
967 884 996 936 ct
1010 886 1072 937 erat
1088 882 1148 953 jam
1161 883 1279 956 jamque
1293 885 1419 941 facturus
1430 902 1437 943 s
1450 903 1516 942 eum
1531 904 1594 944 cecc
1609 906 1679 946 evo-

828 967 882 1023 luti
893 973 960 1024 sunt
969 969 1030 1025 dies
1041 969 1085 1025 illi
1095 971 1211 1027 tandem
1222 988 1228 1040 ;
1240 989 1307 1030 nam
1322 974 1400 1046 longi
1412 975 1533 1030 etmulti
1543 976 1677 1034 videban-

828 1060 876 1111 tur
896 1073 957 1128 prae
979 1074 1077 1114 amore
1100 1059 1238 1116 libertatis
1261 1063 1369 1131 otiosa,
1395 1062 1431 1118 ad
1453 1065 1628 1121 cantandum
1643 1067 1679 1122 de

829 1145 1114 1210 medullisomnibus,
1128 1149 1190 1204 Tibi
1199 1149 1273 1207 dtm't
1283 1166 1432 1220 cormeum,
1448 1152 1678 1219 Quaesioiuuttum

829 1237 922 1305 tuum3
938 1237 1043 1292 uultum
1058 1241 1144 1305 tuum,
1159 1239 1276 1303 Domina,
1290 1241 1431 1309 requiram
1446 1243 1529 1312 (Psoi.
1545 1259 1619 1312 aava,
1634 1243 1674 1314 8).

1172 1379 1284 1436 CAPUT
1300 1382 1345 1438 lV.

828 1463 907 1520 Lv'trr'
919 1463 995 1536 opud
1007 1464 1191 1525 cassiciacum
1205 1471 1303 1540 stupu
1314 1470 1442 1539 Epistola
1456 1470 1493 1525 ad
1508 1471 1679 1530 Nebridium.

864 1555 902 1607 De
922 1553 1013 1610 ableto
1038 1560 1145 1627 repente
1172 1556 1262 1614 dolore
1289 1558 1413 1616 deultum
1438 1564 1581 1631 acerrima,
1611 1561 1676 1619 dum

864 1642 982 1712 psoium
988 1645 1035 1714 pie
1046 1644 1154 1700 enotuit.
1405 1640 1409 1651 '

863 1751 891 1805 7.
907 1750 940 1804 iit
961 1748 1040 1805 venit
1053 1749 1113 1806 dics
1127 1750 1159 1806 in
1174 1767 1232 1824 quo
1247 1752 1334 1808 utiam
1354 1756 1420 1809 actu
1440 1754 1567 1810 solverer
1582 1770 1680 1828 apro·

829 1836 951 1893 iussione
972 1839 1123 1908 rhetorica,
1149 1842 1224 1898 unde
1242 1842 1304 1912 jam
1319 1843 1444 1915 cogitatu
1457 1844 1568 1900 solutas
1584 1861 1676 1902 eram.

830 1927 862 1981 Et
873 1925 979 1982 iactum
993 1931 1046 1992 est,
1067 1932 1096 1983 ct
1116 1929 1217 1985 eruisti
1239 1930 1370 2002 linguam
1394 1947 1500 2000 meam,
1522 1932 1598 1988 unde
1617 1933 1681 2005 jam

829 2030 944 2071 erueras
953 2031 1001 2071 cor
1013 2032 1125 2087 meum;
1138 2022 1166 2074 et
1179 2018 1384 2075 benedicebam
1398 2019 1451 2075 tibi
1464 2020 1603 2093 guadeas,
1616 2038 1681 2095 pro-

828 2104 918 2159 fectus
932 2104 963 2160 in
977 2104 1072 2162 villam
1087 2122 1152 2163 eum
1168 2107 1240 2163 mais
1259 2108 1404 2165 omnibus.
1420 2108 1464 2166 lbi
1485 2109 1554 2181 quid
1570 2111 1680 2183 egerim

829 2192 858 2247 iu
880 2191 991 2262 litteris,
1008 2194 1070 2265 Jum
1093 2196 1211 2268 quidem
1231 2197 1422 2253 servientibus
1446 2196 1508 2267 tibi,
1525 2197 1574 2253 sed
1588 2198 1681 2255 adhuc

828 2281 969 2353 superbire
979 2282 1117 2354 saboiam,
1129 2289 1267 2357 tanquam
1282 2285 1314 2340 in
1328 2286 1496 2357 pausatione
1513 2286 1679 2342 anhelanti-

828 2370 881 2426 bus
892 2374 913 2439 ⁸,
924 2373 1064 2427 testantur
1072 2371 1139 2428 libri
1149 2372 1286 2445 disputati
1295 2374 1567 2447 eompraesenbbos,
1577 2378 1606 2431 et
1615 2390 1681 2432 cum

829 2458 890 2530 ipso
905 2475 952 2515 me
966 2459 1027 2515 solo
1041 2477 1139 2517 eoram
1151 2466 1196 2518 te:
1212 2479 1278 2534 qnae
1296 2466 1393 2518 utitem
1413 2479 1479 2518 eum
1494 2463 1610 2520 absente
1626 2466 1681 2521 Ne·

828 2548 933 2614 bridio,
954 2553 1094 2605 testantur
1113 2550 1255 2623 epistolae.
1280 2552 1314 2607 Et
1329 2552 1445 2624 quando
1464 2550 1537 2607 mihi
1560 2552 1683 2609 suilleiat

829 2642 942 2710 tempus
954 2638 1197 2694 commemorandi
1207 2638 1416 2711 omniumagua
1432 2656 1500 2713 erga
1513 2657 1565 2696 nos
1575 2641 1680 2700 beneti-

829 2726 872 2782 cia
881 2731 931 2782 tua
944 2727 974 2781 iu
985 2726 1035 2782 illo
1046 2731 1187 2799 tempore,
1198 2729 1360 2799 praesertim
1370 2728 1406 2784 ad
1420 2729 1477 2783 aliu
1491 2729 1601 2800 majora
1613 2747 1681 2802 pro-

828 2815 961 2887 paranti?
976 2816 1099 2872 Revoeat
1117 2815 1196 2871 euim
1218 2831 1264 2871 ma
1277 2815 1439 2873 recordatio
1454 2832 1529 2880 mea,
1549 2820 1578 2872 et
1597 2817 1680 2874 dulce

830 2903 901 2959 mihi
914 2903 957 2972 tit,
974 2902 1104 2972 Domine,
1119 2903 1250 2959 confiteri
1263 2903 1556 2976 tibiquibasintcrnis
1571 2920 1617 2962 me
1629 2906 1679 2961 sti·

829 2992 914 3049 mulis
928 2991 1138 3064 perdomueris,
1152 2997 1180 3047 et
1192 2991 1439 3065 quemadmodum
1455 3009 1501 3049 me
1513 2994 1680 3066 complana-

829 3079 912 3148 veris,
937 3079 1098 3137 humiliatis
1116 3081 1262 3136 montibus
1280 3084 1309 3136 et
1329 3081 1450 3138 collibus
1473 3082 1681 3155 cogitationum

828 3185 969 3238 mearum,
980 3172 1009 3224 et
1020 3172 1147 3225 tortuosa
1156 3185 1222 3224 mea
1233 3168 1383 3241 direxeris,
1394 3175 1423 3227 et
1437 3187 1537 3243 aspera
1551 3171 1679 3241 lenieris3

829 3274 943 3332 quoque
966 3258 1052 3313 modo
1072 3258 1167 3330 ipsam
1189 3258 1276 3313 etiarn
1298 3259 1412 3330 Alypim
1443 3261 1560 3317 fratrem
1590 3261 1682 3317 cordis

829 3346 887 3402 mei
898 3345 1044 3420 subegeris
1063 3345 1174 3403 nomini
1193 3346 1338 3420 unigeniti
1357 3348 1400 3403 tui
1415 3347 1529 3404 Domini
1543 3353 1571 3404 ot
1584 3350 1681 3407 Salva·

829 3434 999 3497 torisuostri
1011 3436 1076 3491 iesu
1088 3435 1203 3506 Christi,
1213 3436 1290 3508 qaod
1301 3435 1396 3509 primo
1410 3436 1620 3509 dedignabatur
1633 3437 1683 3494 in·

829 3525 885 3581 scri
900 3524 1003 3581 litteris
1024 3525 1136 3581 nostris.
1154 3524 1242 3599 llagis
1267 3525 1345 3581 enim
1360 3541 1408 3581 eas
1427 3526 1540 3581 volebat
1553 3526 1681 3583 redolere

830 3613 1044 3687 gymnasiorum
1067 3613 1176 3682 cedros,
1198 3629 1270 3686 quas
1286 3615 1348 3686 jam
1371 3614 1506 3670 contrivit
1529 3614 1683 3686 Dominus,

829 3720 916 3777 qaum
930 3702 1057 3760 salubres
1069 3703 1174 3760 herbas
1189 3703 1392 3761 ecclesiasticus
1412 3704 1543 3760 adversas
1562 3719 1681 3776 serpen·

829 3792 917 3849 tibus.

865 3884 890 3938 8.
907 3881 983 3947 Quas
995 3879 1060 3952 tibi,
1076 3882 1151 3937 Deus
1165 3898 1257 3950 meus,
1280 3898 1363 3938 voces
1377 3881 1456 3953 dedi,
1472 3898 1537 3938 eum
1555 3881 1682 3955 lugerem

830 3971 957 4027 Psalmos
970 3969 1069 4039 David,
1085 3970 1196 4027 cantica
1209 3970 1317 4041 tidelia,
1333 3975 1456 4027 etsonos
1466 3971 1683 4045 pietatisexclu-
1779 3983 1781 3987 ’

830 4060 929 4116 dentes
947 4059 1095 4132 turgidum
1118 4059 1268 4131 spiritam;
1282 4059 1363 4116 rudis
1376 4060 1407 4116 iu
1428 4077 1567 4133 germano
1584 4077 1683 4117 amore

830 4154 891 4214 tuo,
902 4149 1123 4205 catechumenus
1131 4149 1161 4204 in
1169 4149 1237 4205 villu
1246 4165 1312 4205 cum
1320 4149 1525 4205 catechumeno
1534 4149 1635 4221 alypio
1644 4150 1683 4205 ie-

830 4237 928 4305 riutus,
947 4242 1040 4294 matre
1054 4237 1219 4293 adhrerente
1234 4237 1318 4294 nobis
1332 4236 1468 4293 muliebri
1481 4237 1592 4305 habitu,
1607 4237 1682 4293 virili

831 4328 898 4394 lide,
920 4325 990 4382 anili
1011 4325 1171 4392 securitate,
1196 4330 1329 4382 materna
1352 4325 1502 4393 charitate,
1526 4324 1684 4381 christiana

831 4415 956 4487 pietate?
976 4414 1051 4481 Quas
1075 4413 1127 4471 tibi
1150 4430 1233 4471 voces
1257 4414 1361 4471 dabam
1383 4413 1415 4469 in
1436 4413 1552 4486 psalmis
1571 4413 1638 4483 illis,
1654 4418 1684 4470 ut

832 4504 976 4578 quomodo
991 4502 1059 4561 inte
1072 4502 1274 4561 inflammabar
1289 4520 1324 4560 ex
1337 4501 1389 4570 eis,
1404 4504 1434 4558 et
1447 4501 1621 4558 accendebar
1633 4518 1683 4560 eos

830 4593 963 4665 recitare,
977 4592 1002 4650 si
1014 4609 1139 4666 possem,
1154 4597 1214 4650 toto
1228 4592 1296 4649 orbe
1314 4594 1467 4659 terrarum,
1490 4591 1624 4648 adversus
1637 4596 1683 4666 ty·

831 4683 922 4756 phum
932 4682 1047 4756 generis
1055 4673 1195 4738 humaui?
1205 4682 1237 4737 Et
1250 4684 1348 4736 tamen
1362 4683 1423 4736 toto
1439 4679 1508 4737 orbe
1519 4684 1682 4751 cantantur,

831 4776 861 4829 et
873 4788 933 4829 nou
948 4771 1057 4845 estqui
1070 4787 1100 4827 se
1115 4768 1292 4827 abscondata
1306 4768 1401 4824 calore
1416 4771 1477 4825 tuo.
1493 4768 1586 4835 Quam
1600 4769 1685 4826 veba-

824 4848 923 4919 'menti
934 4865 962 4918 et
975 4859 1035 4918 acri
1049 4857 1147 4916 dolore
1156 4856 1329 4931 indignabar
1340 4855 1503 4914 liauiehreis
1511 4877 1519 4928 ς
1528 4861 1559 4915 et
1567 4856 1683 4916 misera·

863 5049 872 5086 ¹
888 5048 918 5098 ln
933 5046 1037 5098 duobus
1051 5046 1123 5103 llas,
1139 5057 1158 5096 a
1168 5056 1219 5107 quo
1229 5041 1409 5106 peracutus.

862 5112 946 5160 ²Lev.
960 5122 1021 5159 cum
1033 5107 1228 5172 antiquioribus
1241 5105 1317 5166 lidd,
1331 5106 1533 5157 conuersatione
1545 5105 1650 5155 nostru.

863 5173 952 5222 ³som.
961 5170 1026 5222 :sed
1031 5169 1120 5221 adbuc
1125 5166 1421 5230 iusuperbtescbotam,
1432 5172 1568 5232 tauquam
1579 5169 1682 5230 lapau-

832 5237 965 5287 salloucm
973 5231 1245 5288 meruissemus.
1260 5235 1287 5281 et
1300 5230 1361 5280 llas.
1371 5235 1487 5280 nostram
1497 5224 1683 5299 prosternatio-

832 5299 955 5349 ctionem.
965 5297 1064 5358 Nempe
1074 5294 1178 5344 adillud
1187 5291 1452 5357 Augustinusulludit
1460 5290 1531 5356 qaod
1539 5287 1682 5339 uecvdrttu·

850 5359 976 5419 ‘eutibua
989 5358 1036 5422 qui
1049 5370 1110 5406 eum
1123 5356 1237 5420 primaru
1250 5359 1372 5421 pausuut,
1379 5352 1535 5426 aliquandiu
1546 5349 1683 5411 anbelant,

831 5375 901 5473 iud
916 5419 1117 5483 porroquoubie
1130 5418 1194 5469 dicit
1204 5419 1232 5469 iu
1243 5413 1581 5485 villaSeriptos,rlsuntqui
1589 5425 1683 5470 mtu-

832 5487 924 5537 seutur
934 5482 960 5532 in
974 5480 1065 5539 libret
1083 5481 1197 5533 nausea
1211 5496 1268 5547 cap.
1284 5483 1331 5533 bt.
