3884 6112
694 259 799 318 mauu
820 262 989 322 OCTAVUS.
1666 278 1718 333 554

69 378 193 450 legerat,
210 396 276 435 cum
293 397 360 436 eum
381 383 556 454 respondere
575 387 639 438 octo
656 383 762 439 tuliani
777 384 814 439 li·
870 385 991 457 Speculo
1005 388 1153 460 praelixam
1171 391 1206 445 ab
1221 397 1336 447 auctore
1356 393 1468 448 silentio
1484 397 1664 465 praeterierit.

69 467 162 523 ortuit
175 467 279 538 (Epist.
295 470 358 536 224,
372 487 401 525 ιι.
416 471 452 540 i).
467 472 555 544 Atqui
570 488 606 527 ne
619 478 680 528 tum
695 474 812 546 quidem
1188 479 1302 536 CAPUT
1326 482 1400 536 t'lil.

69 572 99 626 u,
113 571 202 628 quem
218 557 325 630 oppido
349 560 538 616 necessarium
555 560 712 632 judicabat,
726 562 813 617 inter·
872 567 882 617 t
902 566 1059 633 bonifacius
1083 569 1229 623 smuridam
1243 585 1354 625 ararem
1369 569 1454 637 ducit,
1470 577 1495 628 ct
1507 577 1615 642 mugnis
1627 581 1721 644 postea

84 645 190 701 horum
214 661 336 716 operum
360 648 443 703 alteri
467 649 555 715 diem,
580 650 662 705 alteri
689 656 812 717 noctem,
905 654 1106 712 calamitatibus
1127 660 1307 726 conflictatur.
1327 660 1461 714 ibellum
1475 663 1501 715 ei
1524 662 1595 717 hosti
1614 665 1722 734 imperii

69 749 105 791 ou
119 733 199 789 aliud
213 735 330 807 majoris
349 736 489 791 momenti
507 737 657 809 negotium
679 738 814 801 obstaret,
905 741 1041 798 declarato
1063 745 1192 812 insertur,
1212 749 1294 801 misso
1315 748 1447 803 Macmtto
1471 749 1587 818 aliisque
1608 753 1638 805 in
1662 767 1721 806 eum

70 822 193 878 iebatur.
209 825 314 878 Verum
336 824 486 895 quantovis
507 829 650 880 teneretur
673 826 815 882 desiderio
906 828 1028 886 ducitae.
1047 834 1062 886 3
1084 833 1255 902 Augustinus
1270 836 1441 902 bonifacium
1459 853 1508 906 per
1522 839 1627 895 litteras
1641 843 1673 895 ut
1693 843 1722 895 irc

70 915 155 967 utum
180 928 252 983 opus
271 912 450 982 perficiendi,
467 913 538 968 illud
564 919 659 968 tannen
679 913 815 985 imperie-
905 917 1027 988 officiam
1041 920 1134 975 redeat
1145 921 1346 977 adhortationi
1361 923 1529 992 Segisouttus
1544 930 1624 997 capti
1633 930 1663 982 in
1673 929 1723 983 Bo

70 1000 221 1071 alinquere
233 1000 360 1072 primum
371 1001 522 1055 Vandalico
536 1001 620 1068 ballo,
630 1001 734 1056 dehinc
749 1018 814 1073 pro·
905 1005 1039 1072 attactum
1062 1007 1125 1062 betti
1147 1024 1239 1064 curam
1259 1012 1383 1080 suscipit.
1399 1015 1414 1067 5
1430 1013 1583 1082 Effundunt
1601 1030 1629 1070 sc
1649 1017 1722 1072 Vau-

70 1105 104 1143 ua
127 1093 219 1144 morte
249 1092 363 1144 coactus
392 1094 443 1145 est.
469 1089 613 1145 Possidius
639 1089 717 1145 enim
744 1092 816 1147 duos
907 1091 967 1147 dati
987 1095 1017 1147 ia
1032 1096 1159 1161 Africam
1174 1099 1360 1158 Montani
1372 1102 1598 1169 punianturalii,
1614 1103 1666 1157 alii
1679 1119 1721 1158 ca·

70 1176 337 1233 tlietractationum
352 1177 440 1232 libros
457 1177 591 1248 agnoscit.
607 1177 817 1249 Supplevithoc
905 1186 1044 1238 rorantur.
1061 1186 1076 1238 6
1091 1185 1196 1250 Africa
1207 1200 1258 1254 per
1283 1187 1420 1241 Vaadolas
1440 1190 1520 1255 feroc
1540 1196 1565 1245 et
1587 1190 1722 1246 horrenda

70 1280 92 1320 n
114 1265 200 1321 modo
224 1264 301 1319 idem
324 1265 468 1321 Possidius
487 1282 521 1320 eo
540 1266 674 1333 indiculo,
691 1283 777 1339 quem
801 1283 816 1322 e
907 1269 1090 1340 depopulatio.
1107 1275 1121 1324 7
1138 1272 1182 1325 Aa
1197 1275 1330 1343 episcopis
1343 1275 1422 1329 liceat
1435 1277 1465 1329 ia
1478 1278 1634 1332 istiusmodi
1647 1279 1723 1333 cala·

75 1352 134 1408 Viri
154 1353 245 1418 libris,
259 1354 387 1425 epistolis
405 1370 438 1409 ac
459 1355 636 1410 sermonibus
651 1355 815 1421 contexuit3
906 1357 1049 1413 mitotibus
1062 1359 1133 1426 suaa
1146 1359 1200 1412 sihi
1212 1361 1356 1416 consulere.

70 1463 72 1492 ι
93 1441 227 1497 omnibus
241 1458 385 1497 summam
403 1442 482 1497 mille
496 1442 614 1514 triginta
628 1443 816 1514 scriptionum
910 1450 939 1500 l.
956 1448 1117 1517 Antequam
1143 1447 1219 1502 hunc
1243 1464 1352 1504 atinum
1375 1448 1550 1518 claudamus,
1566 1453 1722 1522 repetenda

91 1528 231 1597 affirmat3
245 1533 364 1600 receptis
380 1533 427 1599 iis,
447 1531 526 1587 addit
540 1531 599 1597 ille,
617 1535 666 1601 qui
677 1534 818 1587 numerari
871 1538 914 1587 est
929 1532 1066 1588 Boniiacii
1080 1534 1192 1590 comitis
1206 1535 1339 1601 historia3
1356 1536 1407 1608 qui
1420 1552 1496 1592 nunc
1511 1537 1617 1593 mirum
1632 1554 1722 1611 quau·

70 1625 169 1684 tesard,
192 1621 257 1687 qaia
280 1634 327 1674 nec
350 1635 490 1674 nummum
518 1620 670 1687 designauit
696 1623 818 1690 ipsorum
872 1625 933 1675 tum
949 1626 1076 1677 mutatus
1090 1623 1125 1677 ab
1136 1623 1186 1679 illo
1198 1629 1250 1692 est,
1264 1626 1345 1697 cujus
1357 1629 1424 1680 ante
1435 1626 1544 1697 aliquot
1553 1642 1644 1681 annos
1657 1627 1723 1682 leci-

70 1707 130 1776 lius,
145 1711 174 1762 in
196 1708 334 1775 Indiculo,
356 1724 417 1779 cap.
435 1709 487 1776 10).
509 1709 734 1765 Innumerabiles
757 1726 817 1764 esse
872 1725 938 1764 mus
958 1710 1144 1767 mentionem.
1163 1711 1292 1768 Diximus
1309 1713 1391 1768 iilum
1407 1712 1436 1768 in
1452 1713 1545 1769 Africa
1559 1731 1635 1769 auno
1651 1731 1722 1786 qua-

70 1797 200 1869 epistolas
229 1813 262 1851 ac
285 1813 431 1852 sermones
458 1797 554 1852 Victor
577 1798 697 1853 Vitensis
720 1802 818 1852 auctor
873 1798 1097 1869 driugentesimo
1118 1799 1364 1872 decimoseptimo
1379 1801 1408 1856 in
1423 1801 1638 1874 hellogcreudo
1653 1819 1722 1858 con·

70 1888 268 1942 ·Persecutione
286 1886 424 1955 Vendat„
445 1887 495 1943 uc.
518 1889 541 1952 l,
556 1902 584 1941 a.
601 1888 636 1955 3).
653 1888 750 1959 Neque
765 1886 818 1942 hoc
873 1891 917 1941 tra
929 1887 1067 1943 Barbaros
1082 1894 1263 1960 occupatum,
1274 1889 1308 1944 de
1320 1889 1484 1945 abdicandis
1499 1890 1633 1946 omuibus
1645 1891 1722 1963 cogi-

70 1977 96 2029 la
115 1974 168 2028 sihi
191 1974 344 2046 quisquam
364 1990 440 2045 oegre
454 1974 626 2045 persuadeat
643 1975 678 2029 de
697 1975 747 2029 illo
764 1976 819 2029 An·
874 1979 962 2043 tasse;
976 1978 1006 2031 at
1024 1975 1050 2030 ei
1071 1976 1245 2045 persuasisse
1265 1976 1456 2047 Augustiuum
1476 1980 1561 2048 atqua
1575 1977 1721 2050 Alypium,

83 2062 134 2134 qui
147 2066 223 2116 totos
238 2061 354 2133 triginta
369 2077 459 2116 anuos
474 2062 583 2117 oraculi
596 2062 659 2118 loco
678 2062 818 2117 universae
873 2068 905 2118 ut
925 2063 955 2118 in
980 2063 1092 2119 comilis
1115 2080 1234 2120 munere
1256 2081 1451 2137 perseverans,
1471 2065 1524 2120 [lei
1544 2068 1573 2121 et
1592 2065 1722 2121 Ecclesia

71 2165 99 2204 re
117 2150 214 2205 latine.
230 2148 297 2216 snit3
314 2148 365 2220 qui
379 2149 502 2205 aliorum
516 2154 616 2222 rogatu
639 2166 819 2222 quacumque
874 2151 969 2218 rebus,
986 2151 1062 2224 quod
1077 2151 1204 2223 proiecto
1219 2152 1347 2218 iaciebat,
1365 2168 1484 2222 operam
1498 2153 1649 2225 preberet,
1664 2169 1723 2208 ser·

70 2238 198 2293 ccasiorm
218 2237 303 2292 verha
321 2238 414 2292 iacere
437 2238 600 2310 compulsus
614 2243 657 2293 est
670 2238 817 2309 (Retracta
874 2255 943 2294 vans
957 2239 1074 2296 interim
1085 2240 1265 2312 propositum
1278 2239 1390 2296 colendi
1404 2239 1558 2312 perfectam
1574 2241 1724 2297 coutinen-

71 2367 73 2378 .
95 2328 218 2399 prologo,
242 2342 271 2381 a.
296 2325 341 2395 2);
368 2324 419 2397 qui
449 2326 573 2398 deniqne
602 2326 636 2382 ad
663 2332 819 2382 extremam
875 2330 955 2397 tiam,
971 2346 1003 2386 ac
1017 2329 1089 2385 nihil
1111 2329 1146 2385 de
1160 2331 1282 2386 iortunm
1297 2331 1456 2386 commodis
1475 2335 1525 2387 aut
1539 2331 1618 2387 vanis
1632 2332 1724 2386 hono·

82 2415 285 2488 egritudinem
308 2414 422 2470 assidue
446 2414 564 2469 terbum
586 2415 636 2470 Dei
657 2415 820 2486 predicavit
875 2417 953 2472 ribus
963 2417 1358 2490 augendissollicituslhprst.
1369 2421 1433 2488 220,
1446 2434 1476 2474 n.
1489 2420 1527 2490 3).
1543 2419 1569 2474 ls
1579 2418 1724 2474 Castinum

70 2504 130 2571 lists,
144 2506 175 2559 iu
192 2506 256 2559 Vita
270 2505 431 2572 Augustini,
445 2519 467 2558 c.
485 2504 538 2574 at).
875 2506 905 2560 in
921 2506 1070 2579 Hispanias
1084 2522 1160 2562 anno
1172 2507 1309 2578 vigesimo
1321 2507 1444 2562 secundo
1459 2507 1727 2580 postquadringan·

71 2594 177 2650 lidetur
201 2592 344 2648 Possidius
372 2591 503 2658 innuere,
530 2592 722 2663 Augustiuum
750 2592 819 2648 illud
876 2595 1010 2649 tesimum
1029 2599 1151 2659 secutus,
1167 2595 1273 2650 ibidem
1289 2595 1419 2650 cumillo
1435 2595 1727 2650 adversusVandalos

78 2680 157 2754 quod
172 2681 319 2750 Speculum
333 2680 487 2751 inscripsit,
503 2681 695 2752 composuisse
709 2680 821 2735 circiter
875 2681 1049 2754 depugnavit
1068 2684 1200 2752 (Prosper,
1216 2685 1246 2737 ia
1265 2683 1419 2754 Chronico),·
1435 2698 1487 2737 uec
1507 2681 1637 2747 dubium,
1655 2682 1726 2755 quin

71 2786 186 2842 empus,
200 2786 257 2841 quo
272 2769 495 2824 Retractationes
507 2785 583 2835 suas,
599 2774 627 2824 et
638 2770 723 2840 paulo
740 2774 819 2824 aute·
876 2768 1009 2823 militaris
1029 2769 1089 2840 ejus
1107 2769 1211 2840 peritia
1229 2769 1374 2827 funestum
1395 2769 1514 2838 hujusce
1533 2768 1601 2824 belli
1618 2769 1726 2823 exitum

80 2859 125 2914 rel
148 2855 353 2913 descenderent
377 2856 408 2911 iu
431 2856 566 2924 Africam,
585 2856 629 2912 rel
650 2856 821 2927 Hipponem·
877 2857 1032 2923 avertisset,
1049 2857 1105 2911 nisi
1120 2873 1257 2928 arrogans
1277 2856 1426 2928 ingenium
1449 2854 1555 2911 Castini
1577 2855 1725 2920 reveritus,

71 2962 93 3002 n
116 2945 285 3002 accederent
309 2944 428 2999 Vandali
450 2944 545 3013 (ibid,
559 2960 581 2999 c.
601 2945 660 3015 ιθ).
684 2945 723 2998 Ea
742 2960 820 2998 com·
875 2944 1037 3015 inpactum
1055 2944 1147 3012 Urbis,
1163 2944 1275 3000 scinde
1291 2943 1323 2999 in
1338 2943 1463 3000 Africam
1478 2960 1539 2999 sese
1555 2943 1722 3015 recepisset.

71 3035 109 3091 tio
133 3037 243 3090 constat
275 3033 414 3105 excerptis
435 3048 467 3088 cx
491 3036 614 3103 utroque
642 3032 821 3087 Testamenta
876 3034 996 3103 Prosper
1011 3037 1086 3087 certe
1105 3033 1259 3088 discessum
1275 3032 1356 3088 illum
1371 3031 1492 3104 imperio
1513 3030 1601 3088 luisse
1622 3031 1726 3086 multa-

71 3125 97 3180 ἰιι
116 3122 220 3195 quibus
243 3122 326 3177 nohis
344 3119 453 3193 aliquid
472 3137 488 3175 a
507 3121 565 3176 Deo
584 3119 753 3192 praecipitur
772 3125 823 3176 aut
877 3136 942 3176 rum
956 3120 1150 3176 calamitatum
1165 3126 1193 3177 et
1207 3122 1349 3177 malorum
1363 3119 1598 3193 subsequentium
1612 3118 1727 3174 initium

71 3216 155 3268 imur:
167 3226 225 3267 non
241 3209 317 3265 enim
332 3215 485 3281 propterea
499 3208 656 3281 compositu
670 3214 722 3279 est,
735 3209 822 3265 utilia
877 3210 974 3266 tradit.
991 3211 1048 3266 Hoc
1066 3215 1164 3265 tamen
1178 3226 1237 3265 non
1257 3209 1297 3265 ita
1313 3209 1409 3264 statim
1427 3207 1583 3280 apparuit:
1599 3211 1729 3263 econtra

70 3316 124 3368 tus,
149 3316 214 3373 qum
234 3299 437 3355 tantummodo
466 3315 519 3354 nos
539 3302 669 3370 oporteat
691 3298 822 3368 credere;
877 3313 942 3353 cum
957 3297 1082 3354 Placidia
1095 3314 1171 3353 auno
1187 3295 1471 3370 quadringentesimo
1491 3296 1627 3368 vigesimo
1643 3294 1738 3350 tertio-

78 3393 113 3444 ut
125 3393 325 3461 proponantur
334 3387 365 3442 in
376 3389 481 3460 quihus
491 3403 569 3442 sacra
584 3387 707 3460 quadam
722 3388 822 3444 ohscu·
878 3387 996 3442 ineunte
1006 3385 1288 3457 ‚Constantinopolim
1299 3385 1452 3456 perfugere
1462 3389 1536 3439 esset
1547 3389 1660 3451 coacta;
1673 3384 1728 3437 Bo·

79 3491 279 3546 exemcamur3
297 3492 397 3531 verum
421 3480 453 3531 ut
474 3475 625 3547 praeceptis
647 3475 823 3548 simplicibus
878 3473 1010 3543 nilacius,
1025 3473 1099 3545 quod
1115 3471 1142 3527 ei
1164 3473 1241 3526 solus
1256 3471 1343 3527 tidem
1365 3470 1529 3537 servaverit,
1545 3485 1578 3525 ac
1596 3485 1727 3524 necessa·

72 3565 260 3638 atigurarum
276 3565 424 3620 involucro
439 3564 547 3632 liberis,
563 3580 628 3636 quae
648 3563 746 3619 fideles
760 3581 822 3621 om·
878 3560 951 3615 nam
965 3559 1021 3631 ipsi
1034 3559 1187 3630 pecuniam
1201 3574 1234 3614 ex
1256 3557 1350 3613 Africa
1370 3557 1571 3625 transmiserit,
1587 3557 1623 3612 ab
1637 3556 1727 3611 histo-
1818 3588 1823 3593 .

71 3670 159 3710 uvare
182 3669 297 3710 necesse
321 3654 369 3719 sit,
394 3652 486 3708 nostri
506 3652 694 3708 instituantur
716 3648 821 3708 mores.
879 3648 944 3702 ricis
964 3647 1188 3703 commendatur.
1206 3645 1285 3702 Idem
1299 3661 1416 3717 quoque
1438 3644 1571 3700 defuncto
1590 3643 1727 3710 Honorio,

71 3747 166 3799 autem
186 3742 382 3798 collectionem
402 3757 501 3797 eorum
521 3741 613 3812 gratia
632 3741 822 3808 concinnavit,
878 3735 954 3807 quod
979 3733 1096 3806 quidem
1116 3732 1229 3788 decimo
1252 3738 1350 3787 octavo
1369 3732 1507 3788 kalendas
1525 3731 1640 3803 augusti
1660 3729 1729 3786 anui

71 3848 97 3889 ru
108 3832 266 3898 credentes,
281 3830 397 3886 obedire
412 3831 469 3885 lieo
479 3829 596 3898 voluut;
611 3828 735 3883 maxime
745 3842 822 3893 vero,
878 3822 964 3894 hujus
978 3820 1110 3893 contigit,
1124 3820 1203 3877 illam
1218 3819 1248 3875 in
1270 3818 1465 3891 recuperando
1487 3819 1661 3875 Occidentali
1673 3818 1729 3873 im-

72 3937 78 3976 ι
97 3936 156 3975 nou
170 3920 237 3974 licet
250 3919 349 3974 multae
366 3916 480 3973 lectioni
495 3933 612 3989 operam
630 3917 708 3981 dare,
722 3933 779 3988 quo
795 3931 823 3969 se
878 3909 971 3982 perio,
986 3909 1064 3983 qnod
1082 3909 1206 3964 loannes
1228 3911 1424 3980 occupaverat,
1436 3907 1512 3978 juvit
1530 3906 1633 3979 (ibid).
1649 3908 1730 3964 Post·

72 4008 151 4065 inea
169 4007 403 4079 contemplantes.
418 4005 470 4061 uhi
490 4007 546 4061 Deo
565 4008 685 4077 pareant
703 4008 824 4060 autnon
879 4014 967 4071 quam
990 3997 1037 4053 hic
1060 4012 1137 4053 auno
1160 3995 1444 4069 quadringentesimo
1468 3996 1606 4067 vigesimo
1629 3994 1730 4068 quinto

72 4095 433 4170 itquautumproiecerint
442 4092 713 4165 inoperibusbouis,
722 4091 824 4164 quidve
879 4086 970 4141 victus
984 4088 1157 4157 necatusque
1172 4088 1256 4154 esset,
1269 4101 1302 4139 ac
1311 4082 1526 4139 Valentinianus
1541 4084 1638 4139 Romae
1651 4097 1730 4137 nono

72 4185 142 4243 ihuc
165 4186 238 4242 desit
253 4185 288 4240 ad
309 4183 526 4256 perlectionem,
539 4179 756 4252 deprehendant
773 4196 781 4234 ι
798 4182 826 4233 et
880 4174 1018 4230 kalendas
1031 4173 1155 4228 octobris
1170 4172 1299 4244 ejusdem
1314 4171 1383 4227 anni
1404 4173 1549 4243 Augustus
1563 4169 1615 4225 snb
1630 4168 1730 4223 matris

72 4271 133 4329 ide
154 4272 326 4342 bonisque
344 4270 373 4324 in
395 4286 425 4323 se
442 4265 705 4333 animadverterint,
719 4264 825 4337 gratias
881 4262 972 4319 tutela
991 4260 1166 4328 declaratus,
1188 4259 1366 4316 bonifacium
1390 4276 1425 4315 ex
1453 4257 1549 4314 Africa
1568 4255 1599 4311 iu
1626 4255 1730 4311 Urbem

72 4377 190 4423 :omues
204 4376 269 4415 suas
283 4375 365 4414 curas
378 4374 410 4412 ac
429 4371 527 4428 preces
542 4353 578 4409 ad
596 4369 697 4409 eorum
711 4368 825 4408 conser-
881 4349 1011 4405 evocavit
1031 4347 1173 4413 Placidia;
1189 4364 1277 4419 quern
1296 4352 1324 4404 et
1346 4347 1425 4403 novis
1446 4343 1631 4417 dignitatibus
1653 4343 1731 4399 auxit

72 4466 120 4507 em
141 4449 218 4506 fideli
242 4449 346 4520 pietate
367 4446 516 4501 conserant
537 4448 565 4499 et
586 4458 686 4498 nervos
704 4457 770 4497 suos
791 4440 841 4496 ad·
883 4440 986 4511 (Epist.
1010 4440 1073 4506 220,
1097 4454 1126 4494 a.
1150 4437 1190 4507 4).
1213 4438 1279 4509 Ejus
1303 4437 1418 4493 ruinam
1444 4434 1481 4490 ad
1505 4437 1617 4489 tautum
1642 4433 1730 4489 istum

72 4539 142 4597 hbes
161 4555 191 4594 se
210 4537 360 4593 destitutos
377 4533 510 4600 viderint,
524 4531 715 4603 comparanda
732 4530 825 4585 iuten-
882 4528 1024 4583 honorum
1039 4526 1189 4582 cumulum
1203 4526 1335 4598 plerique
1358 4539 1457 4579 omues
1471 4521 1609 4590 retulera;
1623 4520 1731 4594 quippe

72 4627 168 4685 Elhoc
182 4627 237 4682 iuit
251 4640 353 4692 causae,
369 4640 419 4679 cur
439 4623 545 4678 eisdem
560 4620 700 4692 excerptis
713 4617 827 4690 Speculi
883 4632 940 4688 quo
957 4616 988 4672 iu
1006 4615 1088 4671 illum
1108 4613 1192 4680 Aelii,
1207 4613 1257 4687 qui
1268 4614 1330 4684 jam
1348 4615 1417 4666 tunc
1438 4609 1470 4665 iu
1490 4608 1556 4665 auia
1573 4609 1731 4682 plurimum

72 4732 95 4773 n
108 4715 290 4780 inscriberet;
306 4713 410 4787 quihus
423 4712 560 4767 duntaxat
573 4709 676 4780 adjecit
685 4706 827 4780 prefatio
883 4704 978 4760 valere
992 4708 1127 4775 coeperat,
1143 4702 1283 4758 concitata
1295 4702 1369 4755 esset
1382 4697 1547 4754 invidentia.
1562 4697 1730 4771 Quanquam

74 4821 133 4879 qua
157 4803 270 4860 consilii
295 4803 339 4858 sui
363 4801 504 4856 rationem
529 4799 632 4854 reddit.
655 4799 741 4853 Locos
764 4796 828 4852 illos
884 4797 1051 4849 sauctorum
1065 4782 1556 4860 virornmjudicio,csuseejusdem
1569 4800 1733 4858 casuspre-

72 4894 134 4951 lnm
156 4892 288 4948 ordinem
308 4891 449 4946 librorum
467 4888 620 4960 Scriptura
637 4886 724 4942 reiert
740 4903 747 4941 :
763 4902 828 4941 cum
884 4880 969 4953 cipue
982 4879 1047 4948 luit,
1060 4879 1138 4952 quod
1149 4875 1299 4948 cupiditati
1313 4875 1473 4944 obsecutus,
1487 4888 1575 4945 quam
1585 4874 1678 4929 colere
1690 4873 1733 4929 iu·

85 4981 247 5053 interipsos
257 4978 390 5035 nonnulli
404 4978 555 5033 videantur
565 4975 618 5031 sibi
630 4974 752 5030 invicem
762 4989 827 5028 con·
884 4970 1027 5036 stituerat,
1043 4964 1249 5023 continentiam
1263 4961 1433 5019 deseruisset
1443 4960 1538 5029 (thia,
1551 4977 1579 5017 a.
1591 4962 1631 5033 5),
1646 4965 1733 5032 atque

83 5071 137 5128 hos
152 5068 406 5135 sanctusAntistes‚
416 5070 478 5137 post
488 5064 651 5121 ahsolutum
664 5062 827 5135 Speculum,
885 5058 990 5114 iterum
1000 5070 1120 5111 uxorem
1135 5051 1279 5124 Pelagium
1294 5049 1448 5123 quamdam
1458 5048 1635 5122 predivitem
1649 5046 1732 5102 lemi-

72 5159 188 5217 ionibus
209 5156 363 5230 propositis
384 5153 581 5227 expositurum
608 5169 637 5207 se
662 5150 828 5206 conciliatu·
885 5163 953 5203 nam
967 5145 1095 5201 duxisset
1114 5142 1232 5198 domum
1246 5139 1438 5210 (Marcellinus,
1454 5140 1484 5193 ιἰι
1502 5135 1650 5206 Chronico).
1667 5134 1733 5188 iiec

72 5265 102 5305 se
113 5248 275 5322 pollicetur.
292 5245 530 5302 Lucubrationem
544 5244 617 5298 hanc
631 5253 774 5312 nusquam
787 5237 830 5292 iu-
884 5235 1020 5291 Arianam
1040 5229 1171 5287 haeresim
1191 5227 1391 5300 prolitebatur;
1408 5225 1457 5281 sed
1481 5240 1543 5278 eam
1562 5223 1611 5278 ille
1629 5221 1733 5276 ducere

73 5337 162 5409 qima
172 5353 240 5394 vero
251 5352 315 5391 eam
325 5335 360 5390 ab
374 5333 534 5406 Augustino
544 5330 660 5388 omnino
673 5343 732 5383 uon
744 5325 830 5381 luisse
885 5323 989 5390 noluit,
1005 5320 1062 5377 uisi
1074 5317 1156 5392 prius
1166 5318 1269 5372 iactam
1280 5314 1472 5371 catholicam:
1488 5310 1565 5383 quod
1580 5314 1733 5381 utcumque

73 5442 86 5483 ι
101 5425 170 5483 hinc
182 5425 312 5498 judicare
327 5428 379 5492 est,
396 5423 473 5496 quod
487 5419 631 5478 Possidius
644 5418 755 5474 nullam
769 5415 849 5487 ejus,
885 5408 1058 5483 Augustino,
1075 5422 1162 5480 quem
1177 5421 1306 5461 sommus
1317 5403 1397 5459 dolor
1410 5402 1524 5474 ceperat
1534 5397 1570 5496 oh
1584 5412 1735 5470 nunquam

73 5530 160 5572 onem
188 5514 265 5581 tacit,
285 5512 400 5572 tametsi
427 5528 464 5568 ue
490 5509 687 5582 praelationem
715 5501 831 5575 quidem
888 5498 942 5552 sihi
962 5499 1142 5568 expectatum
1163 5494 1266 5549 harum
1286 5489 1451 5562 nuptiarum
1475 5489 1620 5552 nuntium,
1637 5486 1736 5540 solatio

158 5614 296 5680 Persou.
322 5611 448 5678 xxxii.
1365 5580 1556 5667 (Dirc-huit.)
