3884 6112
96 190 164 244 {04³
610 189 658 245 DE
677 189 907 258 QUANTITATE
929 189 1066 255 Anium,
1088 187 1116 244 S.
1137 183 1329 243 AUGUSTlNl
1799 178 1855 234 tola

93 309 185 364 tribua
197 305 282 363 rectis
296 305 424 378 paribus,
439 305 524 362 lineis
547 307 619 362 iacta
637 308 683 373 sit,
705 306 830 378 impares
843 309 944 380 anguli
998 306 1067 362 bera
1079 320 1138 360 non
1152 307 1247 376 potest
1260 299 1433 375 parilitatem
1452 303 1696 398 contentorum,
1720 310 1856 351 monacus-

95 395 169 462 sint,
184 410 222 449 an
236 410 295 449 nou
304 395 422 464 potest?
435 398 470 449 Ε.
483 395 565 450 Nullo
575 412 691 466 prorsus
700 397 796 450 modo.
810 399 844 452 A.
855 397 944 462 Quid?
998 410 1058 449 sam
1073 397 1169 448 teneat
1182 393 1357 464 angulorum
1371 389 1596 484 aequabtatem:
1611 385 1717 484 anhac
1729 399 1796 438 roro
1808 401 1856 455 que

96 482 121 536 si
131 482 214 537 rectis
227 481 311 537 lineis
330 482 431 548 tribus,
448 482 496 536 sad
522 483 681 552 imparibus
709 483 802 554 figura
816 489 940 549 constet,
997 486 1076 537 tanta
1091 485 1134 535 est
1158 479 1367 534 contrariorum
1383 480 1592 572 congruentia,
1610 473 1667 527 alla
1682 473 1728 528 lex
1747 474 1856 542 angulo

95 575 217 641 possuut
231 570 317 624 etiarn
327 570 356 624 in
367 570 420 623 ista
434 586 517 639 pares
533 570 707 640 osseanguli,
724 587 761 624 an
774 572 851 627 alind
862 573 943 626 intal-
998 585 1063 624 rum
1082 567 1216 623 admittat
1241 565 1410 620 nonnullam
1438 562 1711 634 inaequalitatem?
1727 561 1786 614 lloc
1797 577 1857 659 ergo

96 657 230 729 ligistll.
248 658 369 713 Omnino
384 673 440 710 non
468 661 599 728 possunt.
630 658 664 712 A.
683 658 768 712 ll‘ecte
786 660 876 714 dieis:
894 661 943 715 sed
998 673 1064 712 cum
1076 656 1258 710 memultum
1273 656 1409 718 mirreret,
1424 651 1628 749 quaerendum
1651 648 1756 703 abste
1778 665 1858 746 rmum

97 743 268 814 dic,quaeso,
283 760 415 815 quaenam
431 744 484 797 tibi
498 745 590 815 figura
604 744 944 817 meliorvideaturctpnl·
999 749 1051 813 est,
1066 760 1192 815 quonam
1207 744 1292 798 modo
1305 744 1358 797 ista
1371 741 1504 807 veritate,
1521 742 1685 838 aequitate,
1706 738 1859 835 aequalitete

97 829 211 883 clarior?
225 846 295 883 eane
308 846 373 900 quas
388 830 515 899 paribus,
532 847 568 884 an
590 847 655 901 quae
677 831 837 902 imparibus
861 833 944 887 lineis
999 832 1193 887 delectarere:
1205 833 1237 886 Ε.
1251 831 1314 884 lam
1328 844 1413 883 cerno
1429 828 1501 900 quid
1514 827 1612 893 dicas,
1631 831 1738 923 utnon
1759 826 1859 922 medio·

97 919 229 971 constat?
243 920 275 971 Ε.
293 918 361 981 Quis
375 918 488 983 dubitet
502 934 566 973 eam
589 935 649 972 essa
668 920 818 975 meliorem
841 920 872 974 in
887 936 945 991 qua
998 920 1083 975 criter
1096 919 1235 973 admiror.
1250 918 1287 973 A.
1303 918 1458 988 Agenunc,
1473 916 1546 987 quia
1558 914 1768 1010 inaequalitati
1778 929 1860 983 aqua·

98 1005 245 1074 aequalitas
259 1005 419 1075 prevalet?
998 1006 1109 1061 litatem
1120 1005 1186 1076 jure
1199 1003 1355 1076 praeponis,
1370 1018 1423 1058 nec
1441 1002 1604 1074 qnisquam
1629 1016 1758 1099 omnmo
1773 1005 1821 1066 est,
1834 1006 1861 1056 ιι

97 1093 210 1147 CAPUT
225 1093 267 1147 lli.
284 1122 319 1133 -
346 1094 411 1159 Qua
433 1096 523 1163 fipuro
541 1096 725 1163 prestantior.
746 1098 780 1151 lu
808 1098 944 1165 tricennio
1000 1094 1114 1165 opinor,
1128 1094 1255 1148 humano
1269 1090 1517 1162 sensupraeditus‚
1533 1090 1583 1144 cui
1599 1106 1667 1144 non
1683 1089 1714 1142 id
1729 1089 1859 1184 rideatur,

327 1181 394 1250 quid
408 1183 508 1248 copulo
522 1185 713 1237 contrarietur.
999 1197 1172 1254 quaeramus,
1187 1181 1210 1234 si
1220 1182 1323 1253 placet,
1335 1179 1498 1251 figuramin
1506 1194 1568 1249 qua
1583 1192 1712 1232 summa
1721 1178 1860 1275 aequantes

134 1267 177 1322 tt.
193 1268 229 1322 A.
247 1269 320 1338 Ergo
345 1268 534 1339 inaequalitati
560 1270 755 1340 equalitatem
776 1273 945 1343 praeponis?
999 1269 1122 1324 inveniri
1138 1273 1241 1341 queat:
1256 1266 1531 1339 quacumqueeuim
1547 1265 1619 1330 erit,
1637 1268 1860 1363 eucaetcrrssrue

95 1356 128 1410 Ε.
146 1355 244 1409 Nescio
276 1359 373 1410 utrum
389 1356 532 1427 quispiam
559 1373 619 1411 non
635 1365 793 1429 praeponat.
809 1361 848 1415 A.
876 1361 945 1416 Vide
1000 1357 1179 1413 dubitatione
1192 1357 1371 1428 praeferetur.
1387 1357 1419 1412 Ε.
1439 1356 1536 1413 Placet
1555 1369 1645 1421 vero,
1673 1357 1706 1408 ot
1730 1369 1797 1424 qua
1815 1359 1860 1408 aa

97 1458 173 1496 nunc
187 1441 218 1495 in
228 1442 321 1512 ligura
331 1459 395 1514 quae
410 1444 501 1498 tribus
514 1445 748 1516 angulisparibus
762 1448 944 1519 periectaest,

98 1529 167 1600 quid
182 1529 212 1582 iu
228 1547 261 1584 ea
275 1530 311 1585 sit
325 1531 431 1601 angulo
442 1532 627 1595 contrarium,
635 1533 713 1588 idest
720 1550 753 1588 cx
767 1536 946 1607 alteraparte

97 1620 197 1670 contra
212 1617 356 1686 positum;
374 1624 471 1673 utrum
487 1620 563 1674 linco
577 1636 613 1673 an
626 1623 758 1690 angulus.
781 1626 814 1678 Ε.
829 1623 945 1680 lineam

96 1702 190 1757 rideo.
204 1705 242 1758 A.
257 1704 329 1768 Quid
340 1707 464 1776 argo?
443 1723 466 1760 ιι
481 1709 765 1779 etangulusangulo,
781 1716 810 1764 et
821 1711 945 1766 lineali-

96 1806 159 1845 neae
170 1793 312 1847 contraria
325 1794 371 1860 sit,
388 1811 483 1849 nonne
497 1796 595 1851 fateris
610 1799 804 1868 aequalitatem
816 1817 877 1855 esse
890 1819 945 1873 po·

96 1877 223 1932 tiorum
214 1894 246 1932 in
260 1880 414 1951 eafigura'
406 1897 437 1935 nr
451 1899 508 1953 qua
529 1883 559 1937 id
582 1885 704 1939 accidit?
717 1889 749 1941 Ε
766 1888 866 1942 Fateor
881 1890 944 1960 qui·

96 1964 173 2034 dcm,
189 1966 238 2020 sed
253 1968 496 2038 quemadmodum
511 1971 540 2025 id
555 1971 605 2025 liat
618 1973 708 2027 tribus
728 1974 809 2028 lineis
824 1976 942 2030 omnino

38 2053 43 2059 ’
96 2067 155 2105 non
166 2052 260 2108 video.
270 2055 306 2108 A.
323 2055 416 2119 Quid?
429 2060 553 2127 quatuor
565 2058 647 2112 lineis
661 2064 792 2129 potestne
805 2063 945 2119 hocficri‘t

97 2140 130 2193 Ε.
147 2140 266 2194 Prorsus
278 2145 384 2210 potest.
394 2143 431 2197 A.
448 2143 593 2198 Meliorest
605 2145 789 2218 igiturtigura
801 2165 944 2221 quaequa-

97 2230 163 2279 tuor
176 2226 258 2280 lineis
272 2229 356 2282 rectis
370 2228 499 2298 paribus,
516 2247 602 2301 quam
629 2248 693 2304 quur
719 2234 810 2289 tribus
824 2243 953 2293 constat.

97 2315 130 2367 Ε.
147 2313 245 2367 Melior
259 2320 346 2381 certe,
355 2316 594 2389 siquidemmagis
608 2320 639 2373 in
653 2337 688 2376 ea
701 2324 849 2394 aequalitas
859 2326 943 2381 valet.

98 2400 135 2454 A.
151 2399 225 2464 Ouid
235 2402 327 2472 crgo?
343 2401 427 2456 istam
437 2420 502 2474 quac
512 2408 634 2475 quatuor
646 2409 716 2463 recti
731 2411 848 2480 paribus
861 2411 944 2467 lineis

276 2533 422 2819 U
661 2543 740 2861 <l

96 2911 193 2978 confit,
215 2927 350 2967 censesne
365 2930 448 2984 posse
463 2915 550 2970 ctiam
564 2917 605 2972 ita
631 2917 705 2988 lieri,
725 2924 757 2974 ut
771 2936 829 2976 non
843 2925 943 2995 anguli

2 2993 4 3002 '
96 3015 196 3053 omncs
206 2999 236 3053 in
249 3017 283 3054 ea
297 3016 379 3072 pares
393 3002 460 3071 sint,
474 3020 511 3057 an
523 3020 582 3059 non
595 3010 675 3076 putas
685 3009 699 3062 ‘l
709 3010 741 3063 Ε.
753 3009 940 3082 Videoposse.

94 3087 130 3141 A.
144 3085 273 3150 Quonam
288 3088 440 3144 modotll.
453 3089 544 3145 Siduo
558 3094 769 3159 contractiores,
785 3098 841 3152 duo
857 3116 941 3170 apor-

95 3171 182 3226 tiores
195 3173 260 3228 siut.
275 3175 316 3229 A.
336 3176 451 3230 Videsne
464 3178 549 3233 ctiam
564 3183 808 3251 quemadmodum
819 3189 847 3240 et
856 3189 941 3243 ambo

95 3260 308 3327 contractiores,
325 3267 354 3316 ct
368 3264 452 3317 ambo
468 3267 625 3336 apertiores
640 3269 693 3323 sibi
708 3274 843 3328 contrarii
863 3275 919 3330 sint
909 3278 941 3331 tt

94 3348 128 3401 Ε.
143 3348 183 3400 Ac
198 3347 343 3403 verissime
357 3355 442 3421 atquc
456 3354 643 3424 apertissime
663 3359 700 3413 A.
724 3359 890 3418 Servatam'
883 3366 940 3436 rgi-

94 3437 142 3488 tur
156 3439 184 3489 et
199 3434 254 3502 hic,
271 3442 378 3507 quanta
391 3441 496 3495 servari
511 3444 615 3512 potuit,
631 3445 725 3500 cernis
736 3451 938 3520 equalitatem:

94 3523 185 3576 cernis
200 3524 277 3577 enim
292 3524 418 3595 prolecto
434 3527 497 3582 lieri
511 3545 567 3584 non
582 3548 674 3601 posse,
690 3541 723 3590 ut
737 3553 803 3592 curn
817 3549 941 3610 quatuor

93 3611 210 3680 paribus
225 3612 309 3666 lineis
332 3614 426 3685 figura
441 3617 598 3688 perficitur,
623 3637 679 3676 non
693 3629 743 3679 aut
766 3642 875 3696 omnes,
892 3635 940 3685 aut

93 3705 169 3755 certe
183 3701 227 3754 ael
240 3701 302 3755 bini
314 3703 412 3773 anguli
425 3721 508 3774 pares
523 3706 594 3774 sint;
609 3725 730 3782 quaeque
749 3718 845 3771 tamen
860 3719 940 3786 paria

93 3790 170 3851 sunt,
184 3786 238 3839 sibi
252 3803 285 3840 er
301 3789 443 3842 contrario
462 3792 643 3860 respondero.
672 3799 704 3855 Ε.
721 3800 822 3870 Cerno,
852 3809 880 3858 et
893 3805 940 3859 sir·

92 3873 220 3927 missime
234 3878 328 3928 teneo.

129 3964 171 4015 15.
192 3962 229 4015 A.
246 3961 358 4016 Nihilne
369 3965 397 4017 te
412 3969 507 4019 movet
519 3966 604 4021 etiam
619 3969 650 4023 in
663 3972 707 4027 bis
722 3975 806 4031 rebus
821 3983 899 4035 tanta
910 3987 939 4037 et

92 4049 150 4101 tam
169 4045 338 4102 inconcussa
351 4049 484 4120 quadam
496 4053 672 4122 Justitiatll.
684 4061 814 4124 Quonam
829 4068 938 4123 modo‘t

89 4135 126 4189 A.
140 4134 211 4198 Quia
225 4135 307 4204 nihil,
323 4137 498 4206 utarbitror,
514 4141 636 4199 dicimus
654 4162 714 4202 esse
726 4149 866 4220 justitiam
882 4157 938 4211 nisi

30 4292 32 4297 Ι
91 4222 278 4293 aequitatem:
293 4224 414 4294 aquilas
424 4231 518 4282 autem
530 4231 566 4284 ab
581 4235 743 4304 aequalitate
758 4243 919 4311 quadam'
894 4262 936 4299 vr-

90 4310 174 4365 detur
187 4312 338 4383 appellata
355 4313 408 4368 Sed
426 4331 491 4385 quae
502 4316 532 4371 ιιι
547 4318 600 4373 hac
614 4321 717 4380 virtute
738 4330 867 4401 aequitas,
880 4334 937 4389 nisi

89 4403 122 4453 ut
135 4416 186 4453 sua
201 4401 304 4471 cuique
319 4400 504 4459 tribuantur?
519 4407 608 4461 Porro
615 4425 666 4464 sua
676 4413 788 4485 cuique,
805 4418 859 4473 nisi
869 4437 936 4492 qua·

89 4486 155 4540 darn
170 4488 349 4543 distinctione
363 4490 451 4544 tribui
465 4507 521 4545 non
535 4502 666 4563 possunt
681 4502 725 4555 An
740 4503 898 4574 aliterputa
900 4510 936 4564 s?

1000 1446 1047 1515 sit,
1062 1446 1133 1501 scire
1148 1446 1244 1516 cupio.

1097 1535 1211 1589 CAPUT
1224 1533 1256 1588 ll.
1271 1562 1305 1572 -
1318 1532 1430 1588 Summo
1442 1532 1594 1600 aqualiter
1607 1531 1642 1584 in
1667 1531 1783 1599 fiqreis.

1037 1624 1080 1676 lo.
1093 1623 1130 1676 A.
1146 1620 1228 1676 Prius
1243 1635 1311 1690 crgo
1324 1619 1477 1690 responde,
1492 1622 1600 1674 utrum
1617 1616 1673 1674 tihi
1688 1617 1811 1672 illarum
1831 1617 1858 1672 li·

1160 1739 1674 2028 UA

1000 2101 1148 2158 purarum,
1164 2101 1287 2158 quarum
1294 2085 1356 2157 jam
1369 2089 1509 2157 quantum
1525 2087 1598 2142 satis
1613 2087 1778 2144 videbatur
1796 2091 1859 2145 iactr

1000 2174 1107 2228 mentio
1122 2177 1174 2240 est,
1190 2190 1224 2228 ca
1237 2173 1367 2228 rideatur
1381 2175 1529 2242 excellere,
1542 2190 1616 2245 quae
1631 2180 1769 2249 quatuor
1787 2177 1859 2232 lineis

999 2261 1126 2333 paribus,
1142 2262 1321 2333 totidemque
1335 2262 1856 2339 angulisparilsusconstetmamque,

999 2353 1033 2404 ut
1050 2349 1138 2414 vides,
1155 2349 1185 2404 in
1199 2349 1252 2404 hac
1267 2354 1295 2404 at
1309 2349 1450 2405 linearum
1462 2353 1621 2423 equalitas
1635 2359 1668 2409 at
1689 2357 1856 2427 angulorum

1000 2442 1060 2503 est3
1077 2440 1115 2506 et,
1130 2436 1207 2507 quod
1222 2437 1253 2490 in
1266 2437 1316 2491 illa
1327 2453 1391 2508 quoe
1402 2438 1493 2493 tribus
1508 2439 1596 2494 lineis
1612 2442 1745 2512 paribus
1758 2444 1857 2498 claudi·

997 2527 1057 2593 tur,
1070 2539 1130 2578 non
1143 2523 1368 2592 inveniebamus,
1398 2525 1477 2581 adest
1497 2526 1568 2581 huic
1593 2529 1740 2597 parilitas
1754 2536 1858 2585 contra·

998 2611 1130 2666 riorum:
1145 2627 1212 2665 nam
1227 2611 1312 2667 lineae
1326 2612 1410 2675 linea.
1426 2617 1454 2668 et
1469 2615 1597 2685 angulus
1627 2619 1747 2689 angulo
1768 2624 1820 2687 est,
1832 2623 1859 2674 ui

998 2699 1099 2766 cernis,
1116 2700 1286 2756 contrarius.
1302 2705 1334 2757 Ε.
1359 2704 1401 2757 Ιιι
1418 2719 1485 2758 raro
1506 2707 1559 2771 est,
1581 2709 1617 2759 ut
1641 2707 1734 2762 dicis.
1760 2711 1796 2764 A.
1812 2710 1858 2763 lla·

998 2788 1858 2859 betaesummamoequalitatem,analitertibivideturtNam

998 2875 1023 2929 si
1035 2876 1130 2944 habet,
1145 2877 1261 2945 frustra,
1275 2881 1307 2931 ut
1320 2877 1547 2947 institueramus,
1566 2880 1664 2936 aliam
1682 2885 1854 2955 quaerimus,

999 2963 1023 3017 si
1037 2967 1134 3018 antem
1153 2980 1212 3018 nou
1227 2964 1323 3030 habet,
1338 2965 1402 3019 volo
1416 2968 1449 3019 ut
1462 2965 1595 3037 idipsum
1611 2970 1695 3025 mihi
1711 2971 1765 3026 aba
1779 2973 1856 3027 tedr-

998 3055 1182 3106 monstretur.
1195 3054 1228 3106 Ε.
1245 3051 1361 3107 Videtur
1375 3052 1448 3106 mihi
1460 3053 1590 3110 habere:
1612 3072 1690 3112 nam
1706 3059 1759 3114 ubi
1774 3067 1801 3114 et
1813 3076 1855 3113 au·

998 3139 1058 3210 guli
1072 3154 1155 3210 pares
1169 3143 1198 3194 et
1211 3138 1296 3194 linea.
1310 3156 1393 3212 pares
1407 3146 1484 3212 sunt,
1495 3141 1535 3196 ibi
1546 3142 1779 3215 deprehendam
1793 3149 1854 3202 ina·

997 3227 1165 3296 qualitatem
1176 3243 1236 3282 non
1245 3228 1337 3284 video.
1353 3230 1389 3284 A.
1407 3231 1464 3300 Ego
1476 3230 1556 3285 aliud
1573 3234 1676 3289 sentio
1689 3251 1697 3288 ε
1710 3251 1779 3290 nam
1790 3240 1853 3291 recta

996 3314 1073 3369 linea
1087 3315 1176 3369 donec
1191 3315 1464 3388 veniatadangulos,
1479 3324 1781 3393 summaaequalitate
1793 3340 1853 3395 pru⁴

997 3403 1057 3457 dita
1070 3406 1113 3457 est
1124 3423 1132 3470 ;
1144 3403 1193 3458 sed
1206 3419 1271 3457 cum
1287 3421 1319 3459 er
1335 3406 1447 3460 diverso
1471 3407 1562 3461 latere
1591 3409 1654 3463 alia
1677 3413 1852 3483 conjungitur

997 3490 1081 3557 linea,
1095 3493 1123 3544 et
1137 3491 1276 3561 angulum
1290 3491 1367 3560 facit,
1382 3508 1479 3548 noune
1494 3510 1603 3556 censes
1613 3496 1673 3552 boo
1689 3499 1787 3570 ipsum
1801 3515 1850 3554 asae

995 3576 1160 3648 inequalel
1174 3580 1218 3633 Au
1233 3578 1285 3633 tibi
1299 3579 1400 3650 figurae
1414 3597 1480 3651 pars
1501 3598 1569 3653 quae
1584 3584 1594 3618 ¹
1608 3584 1697 3640 linea
1722 3587 1849 3642 clauditur

995 3681 1060 3720 cum
1072 3665 1122 3719 illa
1135 3670 1217 3736 parto
1228 3681 1293 3736 quae
1307 3668 1412 3738 angulo
1427 3669 1624 3739 concluditur,
1644 3689 1808 3747 congruere
1822 3675 1847 3727 ri

995 3752 1079 3808 detur
1093 3754 1255 3825 equalitate
1269 3756 1540 3815 autsimilitudinet
1555 3763 1592 3816 Ε.
1613 3761 1708 3818 Nullo
1724 3765 1847 3819 modozct

994 3857 1041 3894 me
1055 3842 1144 3912 pudet
1156 3842 1324 3899 temeritatis
1333 3860 1421 3914 meae3
1435 3846 1553 3901 eoenim
1570 3848 1683 3905 ductus
1694 3868 1771 3920 sum,
1782 3851 1846 3924 quod

995 3933 1023 3982 ot
1037 3930 1157 4000 angulos
1169 3930 1199 3984 in
1212 3948 1246 3986 ea
1258 3932 1494 4001 paresinterseet
1508 3936 1602 3990 latera
1615 3955 1794 3996 cernerem:
1807 3939 1845 3994 sed

994 4016 1058 4087 quis
1071 4032 1130 4071 non
1143 4018 1515 4078 videatcorumlaterumah
1526 4026 1845 4100 angolismagnamdii·

992 4104 1165 4160 ferentium?
1175 4107 1211 4162 A.
1223 4108 1408 4179 Accipealiud
1418 4111 1628 4183 inaequalitatis
1637 4117 1845 4188 apertissimum

965 4192 1149 4248 indicium:
1166 4199 1241 4249 certe
1253 4196 1330 4252 enim
1344 4190 1446 4266 cernis,
1462 4201 1506 4254 rel
1520 4200 1604 4256 illam
1618 4203 1754 4274 figuram
1768 4205 1845 4261 triau-

992 4282 1089 4351 gulam
1104 4282 1221 4352 paribus
1234 4284 1511 4355 lineisconstantem,
1522 4289 1568 4343 vel
1585 4289 1677 4346 istam
1686 4294 1845 4364 quadratam

991 4368 1096 4423 habere
1114 4370 1238 4440 aliquod
1253 4373 1390 4429 medium.
1402 4378 1434 4432 Ε.
1446 4377 1537 4431 Cerno
1552 4378 1655 4448 plane.
1670 4383 1710 4435 A.
1719 4380 1846 4446 Ouidtab

991 4457 1091 4511 eodem
1103 4458 1196 4511 medio
1210 4475 1275 4513 cum
1301 4461 1391 4517 lineas
1406 4465 1441 4519 ad
1460 4481 1560 4519 omnes
1575 4465 1685 4537 figurae
1696 4470 1845 4540 partesdu·

89 4575 123 4627 Ε
138 4574 316 4630 Manifestum
331 4582 383 4644 est
399 4584 556 4648 &prorsus
571 4587 719 4644 menum
731 4591 767 4644 A
782 4592 935 4655 Quidydis
990 4541 1091 4610 cimus,
1103 4560 1223 4616 paresne
1238 4546 1369 4605 tibiduoi
1384 4551 1468 4608 lineae
1483 4553 1632 4617 videntur,
1659 4573 1699 4611 an
1714 4556 1845 4630 impares?

88 4658 253 4715 tinctionem
273 4665 458 4722 arbitrarisne
481 4685 543 4724 ease
567 4672 666 4743 ullam,
688 4675 713 4729 si
734 4679 833 4733 omnia
853 4684 936 4752 paria

88 4745 155 4812 sint,
170 4752 202 4801 ut
214 4749 286 4803 nihil
299 4754 734 4819 omninointersedillerant‘lll.
743 4765 825 4821 Nullo
836 4772 932 4827 modo.

86 4836 124 4890 A.
137 4836 210 4905 Ergo
221 4835 333 4905 justitia
347 4843 452 4896 serrari
473 4861 532 4899 uon
553 4852 656 4917 potest,
683 4851 739 4906 nisi
753 4853 784 4907 in
799 4857 911 4911 rebus
904 4877 934 4916 m

88 4924 192 4995 quibus
202 4929 337 4992 servatur,
354 4927 391 4983 sit
400 4932 542 5001 quaedam,
553 4940 584 4991 ut
594 4936 634 4991 ita
646 4938 747 5007 dicam,
763 4941 933 5013 imparilitas

1174 4717 1298 4949 A

1533 4718 1661 4947 ΕΞ

87 5016 115 5068 et
130 5012 341 5068 dissimilitudo,
348 5018 380 5071 Ε,
396 5017 541 5092 Intelligo.
559 5025 594 5081 Α,
610 5025 680 5081 Cum
694 5028 783 5101 ,gitur
792 5031 933 5091 fateamur
988 5016 1021 5070 Ε.
1038 5014 1163 5086 lmparcs
1180 5034 1311 5088 prorsus;
1328 5034 1396 5075 nam
1417 5019 1565 5091 longiores
1594 5037 1647 5077 eas
1677 5028 1846 5080 necemeat

86 5101 282 5173 istasfiguras
310 5104 345 5158 de
369 5105 472 5175 quibus
497 5111 618 5182 agimus,
639 5115 758 5174 interae
774 5136 834 5176 esse
850 5123 931 5178 dissi·
987 5118 1058 5169 ⁰⁸⁵0’
1073 5119 1143 5174 ‘1⁰³⁸
1158 5104 1188 5159 in
1204 5107 1324 5177 ³¹¹8¹¹¹⁰⁵
1347 5108 1486 5162 ‘mimus-
1507 5110 1544 5165 Α·
1568 5109 1636 5165 1⁵²oe
1652 5110 1686 5166 1¹¹
1709 5113 1845 5184 ‘Imm'

84 5192 178 5258 milas,
190 5193 269 5247 illam
282 5192 387 5248 scillcet
401 5210 466 5264 quae
481 5198 581 5266 tribus,
599 5208 628 5257 et
647 5205 719 5260 banc
734 5223 798 5279 qnae
809 5215 932 5280 quatuo,
987 5195 1057 5262 quot
1069 5197 1144 5259 sunt,
1160 5198 1188 5248 at
1202 5199 1273 5265 quot
1287 5195 1318 5250 in
1333 5195 1502 5266 triangula?
1515 5200 1550 5253 Ε.
1567 5198 1703 5263 Quatuor
1717 5201 1778 5271 hic,
1792 5205 1844 5255 tres

86 5282 198 5353 angulis
211 5288 329 5353 constat,
340 5285 506 5339 cumambae
521 5285 638 5356 paribus
648 5291 808 5351 lineisfiant
819 5314 930 5364 ;n0une
986 5278 1035 5333 ihi·
1048 5281 1081 5334 A·
1097 5281 1193 5344 Quid?
1208 5283 1335 5338 minim&
1354 5285 1485 5340 munium
1500 5301 1567 5358 (1¹¹ae
1582 5302 1716 5357 “mma
1733 5293 1763 5344 0²
1779 5291 1843 5362 ‘1¹¹⁰‘

84 5369 197 5427 ridetur
210 5373 264 5431 tibi
278 5374 410 5452 quadam
425 5377 537 5430 retenta
547 5375 669 5448 justitia,
685 5383 780 5439 utilia
799 5403 863 5456 quoe
878 5388 928 5442 ha·

1019 5401 1027 5434 ¹
1044 5399 1087 5449 Sic
1100 5401 1162 5450 Μιιι.
1176 5402 1294 5463 ιιιΕιιιι.,
1307 5418 1371 5469 paco.
