3884 6112
95 218 143 272 159
682 209 768 269 VITA
794 210 821 265 S.
851 207 1045 266 tuaest'fln
1074 208 1243 265 Episcopi.
1798 207 1850 261 160

92 339 164 410 quoi
186 337 276 408 ιιιιιιι.
300 335 399 392 Medici
422 339 509 391 tamen
531 338 561 390 in
579 350 630 392 sua
644 335 838 405 pollicitatione
850 334 939 404 perse·-

90 426 206 495 stebant,
216 441 270 480 non
284 439 312 480 se
322 423 399 478 illam
411 425 501 479 sinum
514 425 598 490 furo,
614 422 661 478 sed
671 422 870 476 medicamentis
884 434 939 474 csse

89 515 236 569 clausuros.
253 512 448 568 adhibuerunt
461 516 486 567 et
501 512 586 567 alium
598 511 775 579 prandaevurn
782 512 843 580 lam
857 508 939 563 ιιιιιιι-

89 618 161 672 cum,
172 604 292 672 satisque
301 603 331 655 in
345 601 394 655 illa
405 604 464 655 arte
477 599 618 655 laudatum
629 600 726 670 (adbuc
739 601 808 653 enim
821 597 939 667 vivebat)

91 691 274 759 Ammonium,
290 693 338 760 qui
353 692 407 746 loro
421 691 550 761 inspecto,
573 689 645 744 idem
663 689 735 759 quod
748 689 791 743 illi
803 703 836 743 en
849 702 938 742 eorum

90 781 233 850 dilipentin
244 781 399 850 peritiaque
412 781 548 849 promisit.
565 779 648 848 Cuius
660 779 705 833 ille
718 780 809 846 sacters
823 777 939 831 auctori-

90 873 145 925 tate
164 883 282 935 securus,
307 868 449 923 domestico
463 882 511 922 sno
525 866 636 934 medico,
653 868 702 936 qni
717 869 841 934 (ceturam
863 880 937 935 pra-

90 958 200 1012 diceret
210 958 293 1011 aliam
303 958 452 1022 sectionem,
467 957 557 1023 faceta
572 957 721 1022 hilaritate,
732 953 939 1024 velatjamsal-

90 1060 147 1113 vas,
170 1046 268 1100 illusit.
290 1044 362 1111 Quid
378 1043 481 1115 plura?
501 1046 596 1100 Postea
618 1049 655 1099 tot
670 1044 727 1099 dies
741 1045 860 1098 inaniter
873 1057 938 1097 eon-

87 1137 191 1205 sumpti
205 1137 382 1202 transierunt,
399 1139 427 1189 ιιι
437 1136 504 1203 sessi
515 1138 596 1203 alque
605 1136 870 1201 corifasifnterentur
880 1147 938 1186 cum

88 1225 144 1278 uisi
166 1225 240 1291 serre
258 1224 333 1278 nullo
352 1223 429 1279 modo
441 1238 519 1293 posse
537 1224 642 1278 sanari.
659 1223 789 1292 Eupavit,
804 1221 938 1291 expalluit

89 1315 174 1368 nimio
188 1315 282 1368 timore
293 1312 417 1367 turbatus
428 1328 434 1367 :
446 1316 527 1382 atque
537 1311 584 1367 ubi
598 1327 626 1366 sc
637 1313 751 1380 collepit,
762 1312 873 1380 serique
888 1325 937 1380 po·
960 1364 974 1386 ⁰

89 1403 152 1470 tuit,
168 1402 244 1457 abire
257 1402 318 1456 illos
329 1402 425 1472 jussit,
450 1404 475 1455 et
497 1400 535 1456 nd
552 1416 580 1456 se
594 1401 712 1470 amplius
731 1415 784 1455 non
805 1399 937 1455 accedere.

88 1491 142 1547 Nec
154 1489 232 1544 aliud
246 1491 361 1544 occurrit
375 1490 495 1557 (atipato
510 1489 638 1560 lacrymis
653 1492 677 1543 et
692 1489 742 1542 illa
753 1487 813 1557 jam
828 1488 938 1542 necessi·

90 1579 301 1645 tateconstricto,
310 1579 401 1632 nisiut
411 1576 936 1646 odnioeretnlemmnnnmquemdam,

90 1665 138 1738 qni
152 1671 216 1722 tunc
229 1668 376 1734 cbirurpus
388 1666 524 1720 mirabitis
548 1666 707 1735 nabebatur,
722 1671 753 1722 ut
767 1668 824 1736 ipse
837 1667 938 1732 [ιιιιιιι

90 1755 162 1824 quod
176 1755 210 1809 ab
224 1756 280 1810 illis
295 1757 355 1823 peri
366 1755 472 1809 nolebat
485 1757 584 1810 iratus.
602 1754 654 1811 Sed
670 1759 848 1825 posteaquam
865 1756 939 1808 venit

88 1845 144 1910 ille,
161 1843 331 1912 laboremque
345 1844 454 1897 illarum
469 1845 497 1898 in
510 1843 682 1898 cicatricibus
697 1845 767 1899 sicut
781 1844 887 1910 artisea
901 1844 939 1896 ei·

90 1932 143 1996 dit,
160 1932 223 1987 boni
240 1932 297 1988 ciri
317 1935 428 2000 [cinctus
448 1934 548 2003 officio,
565 1935 704 2004 persuasit
725 1933 836 1999 bomirvi,
851 1936 882 1987 ut
896 1932 940 1987 itii

85 2023 178 2092 potius
193 2022 285 2090 quiin
299 2037 326 2077 eo
340 2025 445 2076 tacitum
460 2021 660 2088 laboraverant,
678 2026 809 2094 qnantum
825 2024 883 2092 ipse
895 2023 937 2075 iu·

88 2111 204 2180 spiciens
213 2110 376 2177 mirabatur,
389 2112 538 2165 curationis
547 2125 602 2165 snae
614 2110 669 2182 fine
679 2112 849 2178 fruerentur3
861 2110 937 2181 adji-

88 2201 161 2254 ciens
175 2199 247 2269 qucd
263 2215 357 2253 recma
370 2200 426 2254 nisi
439 2204 524 2254 sectus
540 2203 617 2267 essct,
630 2200 721 2255 salutes
739 2215 795 2254 esse
808 2215 861 2254 non
872 2214 939 2269 pos-

89 2293 144 2354 sct;
165 2287 213 2342 sed
228 2287 307 2342 valde
329 2288 473 2343 abliorrere
488 2304 506 2341 a
517 2290 575 2343 suis
593 2288 722 2356 oneribus,
738 2293 768 2343 ut
787 2288 939 2344 bominibus

90 2391 204 2445 quorum
226 2377 479 2445 artificiosissimam
493 2391 612 2446 opernm,
628 2377 804 2444 industriam,
821 2376 939 2445 dilipen-

92 2467 159 2521 tiam
173 2466 315 2520 admirans
330 2466 359 2519 in
371 2466 544 2520 cicatricibus
558 2466 616 2535 eius
628 2466 741 2534 videret,
755 2471 867 2537 propter
883 2469 939 2521 eei·

91 2570 175 2622 quum
203 2552 275 2623 quod
299 2556 440 2617 remansit,
460 2556 582 2624 palmam
606 2556 677 2610 tereti
691 2555 792 2610 laboris
807 2557 938 2621 auferret.

91 2642 203 2698 Redditi
220 2647 284 2698 sunt
307 2646 397 2697 areima
418 2644 487 2713 eius,
510 2649 535 2699 et
545 2645 652 2715 placuit
665 2648 696 2699 ιιι
709 2644 799 2700 eodem
814 2645 940 2699 Abean-

91 2731 170 2786 drinc
180 2735 321 2786 assistente
331 2733 385 2802 ipsi
393 2734 483 2787 sinum
497 2734 574 2788 iilum
587 2735 671 2801 ferro,
684 2736 733 2803 qui
739 2734 800 2804 jam
813 2749 940 2789 consensu

90 2821 208 2874 omnium
223 2821 304 2875 aliter
312 2821 473 2876 insanabilis
483 2823 644 2891 putabatur,
658 2825 803 2892 aperirent.
820 2824 883 2890 Qua
897 2838 939 2878 res

91 2908 180 2963 dilata
193 2913 232 2964 est
246 2910 276 2965 in
288 2915 488 2980 consequentem
500 2911 581 2967 dian.
596 2911 652 2966 Sed
670 2927 730 2967 cum
745 2912 872 2967 abiissent
886 2913 939 2981 clii,

90 3013 124 3053 ea
137 3012 250 3055 inarare
264 3001 349 3054 nimia
363 2999 467 3054 domini
477 3004 568 3054 tanetus
581 3005 620 3055 est
635 3002 664 3054 in
678 3000 755 3055 domo
769 3002 818 3056 illa
830 3004 939 3056 ceorlus

91 3087 175 3156 dolor,
188 3090 218 3141 nt
233 3090 364 3156 tarcqnam
377 3089 482 3155 pennis
495 3090 622 3158 planctus
631 3092 680 3144 ein
691 3092 909 3159 comprimeretur
923 3106 939 3143 a

91 3175 176 3229 nobis.
192 3175 349 3230 Visitubcnt
358 3192 416 3231 eum
424 3177 545 3247 quotidie
554 3178 642 3232 semoti
651 3181 716 3247 ciri,
727 3181 866 3250 episcopus
878 3183 939 3234 tarro

93 3263 241 3330 uzalensis,
256 3264 338 3319 beata
351 3268 485 3320 memoriae
499 3265 677 3335 Saturninus,
693 3271 718 3322 et
736 3267 877 3337 presbpter
889 3268 939 3324 Ge-

91 3353 173 3419 lasns,
195 3367 226 3407 ac
245 3351 354 3407 diaconi
377 3353 598 3422 Cartbapinensis
613 3356 737 3411 Ecclesia
762 3371 769 3411 :
794 3356 940 3425 inquibus

92 3443 161 3507 erut,
177 3444 201 3494 et
212 3455 246 3495 ea
261 3441 358 3511 quibus
371 3442 444 3497 solus
458 3447 497 3498 est
510 3458 581 3498 rcunc
596 3443 718 3503 innuebas
734 3445 869 3511 bunariis,
878 3445 940 3514 jam

91 3531 232 3601 episcopus
246 3546 305 3586 cum
318 3532 416 3588 battare
430 3548 447 3586 a
459 3531 535 3588 reobis
553 3532 641 3589 debito
656 3532 837 3589 nominandus
850 3533 938 3589 Aure·

91 3619 153 3686 lius,
168 3635 228 3674 cum
243 3635 295 3690 quo
309 3619 479 3676 recordantes
492 3622 632 3677 mirabilia
645 3638 727 3693 opera
738 3623 787 3678 Dei
801 3622 834 3677 de
847 3624 897 3678 bec
911 3638 941 3678 re

90 3723 160 3778 sape
174 3710 297 3764 collocuti
318 3725 421 3774 sumus,
446 3727 557 3781 eumque
580 3711 660 3766 valde
682 3713 842 3782 iconiense,
868 3711 940 3782 quod

91 3812 335 3865 commemoramus,
362 3800 523 3854 invenimus.
545 3800 673 3866 Quicum
693 3816 763 3869 cum,
783 3803 854 3856 sicut
871 3803 939 3856 sole·

92 3886 166 3952 bant,
182 3902 290 3956 vespere
303 3889 458 3958 visitarent,
468 3891 577 3958 ropavit
588 3904 630 3944 eos
641 3890 841 3945 miserabilibus
854 3890 940 3960 lacrp·

91 3975 153 4041 mis,
167 3978 197 4029 ut
211 3990 289 4029 mane
308 3975 489 4045 dipnarentur
502 3991 557 4032 esse
569 3982 714 4047 presentes
727 3991 775 4032 suo
788 3979 882 4045 sunni
889 3994 939 4049 po·

90 4066 145 4119 tius
160 4080 241 4134 quam
256 4065 357 4122 dolori.
385 4067 487 4121 Tantus
501 4067 572 4120 enim
584 4081 643 4120 ecem
654 4071 739 4122 metus
754 4081 788 4121 ee
799 4068 939 4137 prioribus

89 4153 230 4210 invaserat
238 4155 335 4224 pranis,
351 4159 381 4209 ut
392 4169 420 4210 se
433 4156 505 4212 inter
514 4155 676 4210 medicorum
688 4170 784 4210 manus
797 4171 851 4232 nan
863 4155 940 4211 dubi-

90 4245 159 4299 taret
169 4258 223 4299 esse
238 4247 408 4300 moriturum.
423 4244 560 4302 Cunsolati
572 4249 636 4300 sunt
657 4260 715 4300 eum
731 4246 782 4312 illi,
800 4249 825 4301 et
838 4246 941 4301 bortuti

89 4336 119 4386 nt
131 4332 160 4386 in
175 4336 227 4388 ileo
240 4332 345 4403 peieret,
358 4333 469 4404 ejusque
482 4334 647 4388 voluntalem
659 4335 775 4389 viriliter
786 4335 880 4401 (uret.
897 4335 940 4389 ln-

90 4419 123 4473 de
138 4421 175 4475 ad
188 4423 335 4477 orationem
349 4424 466 4493 inpressi
479 4437 590 4478 sarnus:
605 4422 653 4477 ubi
666 4422 743 4477 nobis
755 4438 788 4477 ea
806 4437 879 4477 more
891 4438 940 4490 pe-

89 4523 145 4562 nua
164 4510 317 4578 (ipentibus,
345 4516 427 4582 atque
442 4511 654 4567 incumbentibus
678 4515 766 4578 terrae,
786 4511 832 4565 ilie
854 4525 882 4564 sc
900 4513 940 4565 ita

87 4597 215 4669 projecit,
231 4602 361 4668 tanquam
375 4602 475 4669 (uisset
484 4601 576 4671 aiiqno
585 4600 735 4669 impellente
744 4601 865 4668 praviter
874 4615 939 4669 pro·

90 4690 204 4754 stratus,
220 4690 334 4758 etrapit
347 4705 425 4744 orare
439 4709 447 4746 :
464 4690 563 4761 quibus
583 4688 680 4758 modis,
696 4704 748 4758 qno
763 4688 871 4757 affectu,
888 4703 940 4759 quo

89 4779 163 4831 motu
182 4777 278 4844 animi,
299 4792 351 4846 quo
376 4780 458 4846 (tucio
477 4779 670 4851 lacrymarum,
688 4776 786 4841 auibus
798 4777 940 4846 pemilibus

91 4869 173 4935 utque
195 4865 361 4934 sinpultibus
375 4868 585 4923 succutientibus
602 4867 692 4922 omrcia
711 4865 830 4920 membra
843 4866 901 4936 ejus
915 4869 941 4920 ιι

88 4972 156 5029 pene
166 4956 410 5013 intercludentibus
419 4960 557 5029 spiritum,
566 4961 627 5029 quis
636 4957 699 5013 ullis
710 4957 825 5027 replicet
831 4954 940 5011 verbis?

94 5049 189 5104 Utrum
203 5050 313 5101 orarent
325 5047 382 5109 alii,
397 5062 444 5102 nec
458 5049 488 5101 in
498 5048 552 5103 baec
568 5063 658 5103 eorum
673 5049 838 5101 αιιιιιιιιιιι
851 5047 939 5101 irren-

90 5138 138 5203 tio,
155 5135 303 5192 rusciebam
321 5155 330 5192 :
346 5151 393 5203 epo
412 5139 501 5191 lamen
511 5152 624 5206 prorem
639 5125 718 5192 orare
731 5150 783 5190 reon
795 5139 916 5205 poteram
932 5150 938 5190 :

93 5226 141 5280 boc
163 5225 347 5282 tantummodo
365 5225 482 5280 breviter
495 5227 525 5280 in
542 5225 621 5281 corde
638 5241 694 5281 meo
718 5225 780 5280 diai
796 5240 802 5278 :
819 5225 940 5292 Domine,

92 5329 160 5384 quas
174 5319 280 5372 tuorum
292 5329 383 5386 preces
397 5314 521 5379 eraudis,
536 5315 561 5369 si
581 5315 630 5369 bas
644 5330 696 5369 nori
710 5312 846 5369 carendis?
865 5313 942 5370 Nihil

91 5404 162 5456 enim
176 5406 246 5460 mibi
263 5404 408 5461 videbatur
422 5403 491 5458 nddi
498 5404 559 5473 jam
571 5418 659 5473 posse,
672 5405 728 5459 nisi
741 5408 771 5458 ut
788 5404 942 5472 exspiraret

92 5491 205 5550 orando.
223 5493 407 5560 Surrcaimus,
424 5497 449 5548 ιι
463 5497 572 5563 accepta
586 5491 620 5547 ab
634 5494 766 5564 Episcopo
779 5491 941 5546 benedictio-

993 348 1026 386 ne
1040 332 1227 398 discessimus;
1243 333 1356 400 reperite
1373 330 1421 385 iilo
1442 332 1472 383 ιιι
1491 339 1569 382 mane
1587 328 1723 395 ιιιιιιιιιιι,
1743 328 1798 383 illes
1819 331 1851 383 ιιι

993 435 1070 489 coquo
1082 423 1173 476 arrirno
1187 424 1254 475 essct
1268 419 1449 475 hortantibus.
1463 417 1560 473 illuxit
1571 416 1630 472 dies
1644 418 1695 488 qui
1711 418 1849 472 metueba-

995 513 1049 577 tur,
1065 510 1181 564 oderant
1194 511 1266 564 servi
1280 511 1337 576 Ilei,
1352 509 1422 563 sicrd
1439 522 1467 563 se
1485 507 1631 574 adfuturos
1652 520 1708 560 esse
1722 508 1851 575 mamae-

993 602 1058 653 rant
1074 615 1080 653 :
1097 600 1212 668 inpressi
1234 602 1297 653 sunt
1316 597 1430 664 medici;
1448 600 1585 668 pararetur
1599 599 1691 651 omnia
1709 610 1768 665 qua
1782 595 1849 648 liora

993 688 1043 742 iliu
1052 688 1187 758 poscebat,
1202 686 1339 742 tremenda
1347 686 1712 756 surameretnproserunlur,
1722 686 1850 739 attonitis

993 778 1186 847 suspensisque
1200 775 1333 831 omnibus.
1354 778 1402 831 Eis
1423 779 1523 844 ιιιιιιιιι,
1545 789 1659 843 quorum
1682 777 1742 828 erat
1759 773 1850 843 neajor

994 868 1152 932 auctoritas,
1168 861 1404 933 desectum’animi
1421 866 1478 934 ejus
1493 863 1654 919 cortsclande
1669 864 1846 932 eripentibus,

993 957 1031 1012 nd
1049 972 1145 1013 manus
1159 944 1258 1012 secturi
1277 956 1396 1011 menbra
1409 957 1438 1009 in
1452 956 1546 1010 lectulo
1561 960 1768 1025 componuntur,
1790 956 1847 1010 sol-

993 1046 1166 1101 vunturnedi
1176 1047 1392 1115 iipavrcntorum,
1406 1044 1528 1099 trudatur
1542 1045 1624 1110 locus,
1641 1045 1752 1114 inspicit
1765 1044 1848 1099 medi-

994 1150 1050 1203 cus,
1067 1140 1092 1191 et
1106 1135 1250 1191 secandum
1260 1136 1338 1190 illurn
1348 1136 1439 1189 sinum
1453 1137 1576 1188 armatus
1586 1137 1668 1202 atque
1677 1135 1799 1186 ιἰιιιιιιιιε
1809 1134 1849 1186 in·

994 1227 1087 1295 quirit.
1105 1227 1250 1282 Scrutatur
1263 1224 1358 1294 oculis,
1372 1224 1522 1292 diqitisque
1531 1224 1686 1289 contrectat,
1704 1225 1791 1276 tentat
1804 1221 1850 1275 de-

993 1315 1075 1384 nique
1089 1314 1175 1369 modis
1190 1313 1312 1369 omnibus
1335 1330 1343 1366 :
1358 1314 1461 1367 increuit
1481 1313 1669 1381 firmissimam
1682 1311 1847 1365 cicatricum.

993 1405 1054 1458 lam
1068 1403 1117 1458 illa
1129 1403 1225 1458 intiba
1236 1406 1262 1458 ιι
1276 1404 1335 1457 laus
1349 1406 1431 1471 atque
1444 1402 1600 1470 pratiarum
1613 1401 1683 1455 actia
1693 1401 1848 1454 mismcor-

993 1492 1024 1547 di
1036 1497 1061 1546 et
1079 1493 1256 1561 omnipotenti
1267 1494 1330 1558 Deo,
1346 1505 1405 1559 qua
1418 1491 1484 1557 susa
1499 1494 1537 1543 est
1551 1504 1595 1543 ore
1610 1489 1741 1553 omnium,
1757 1488 1848 1556 lacop-

993 1579 1130 1634 mantibns
1154 1579 1275 1648 pcadiis,
1299 1593 1353 1632 non
1373 1581 1412 1632 est
1433 1576 1623 1631 committenda
1646 1577 1713 1630 meis
1731 1575 1848 1629 verbis:

993 1669 1124 1734 cepitetur
1144 1668 1247 1738 potius,
1262 1682 1343 1738 quam
1368 1665 1478 1721 dicatur
1501 1666 1547 1735 (lie
1568 1665 1626 1723 Ciu.
1649 1665 1708 1731 uei,
1731 1664 1779 1719 lib.
1801 1666 1847 1730 tl,

993 1771 1054 1825 cup.
1072 1761 1100 1820 8,
1115 1772 1143 1810 ιι.
1160 1755 1195 1826 3).

1330 1842 1445 1898 CAPUT
1469 1843 1504 1897 ll.

997 1937 1005 1989 1
1025 1935 1197 2002 Anpustinus
1209 1934 1354 2001 (eniteas
1368 1948 1432 1989 suas
1444 1928 1610 2003 pauperibus
1623 1936 1725 2000 erepat.
1744 1934 1761 1985 ι
1775 1935 1846 1988 Com·

1028 2026 1118 2079 munis
1129 2026 1193 2079 vitae
1204 2025 1360 2078 institutum
1372 2026 1490 2078 sectatur
1498 2036 1557 2076 eum
1572 2023 1650 2076 sociis
1662 2025 1716 2077 Deo
1730 2023 1846 2075 servien-

1030 2113 1112 2180 tibus,
1128 2127 1242 2182 quorum
1262 2113 1319 2180 ipse
1343 2126 1437 2166 ueram
1454 2112 1534 2178 perit.
1551 2112 1566 2165 3
1581 2112 1632 2164 Per
1646 2110 1754 2188 litteras
1769 2110 1844 2164 colla·

1030 2204 1124 2271 quitur
1137 2216 1198 2256 cnm
1210 2200 1349 2267 Nebridio,
1365 2204 1389 2254 et
1402 2201 1461 2271 ejus
1476 2201 1634 2269 quaestiones
1649 2198 1790 2270 rependit.

1032 2294 1056 2346 ι.
1067 2290 1194 2346 Tandem
1208 2289 1364 2362 aliquando
1375 2292 1506 2344 sotorum
1516 2303 1659 2342 sarmatam
1671 2286 1795 2358 adeptus
1803 2286 1843 2341 cst

994 2378 1182 2451 Augustinus,
1198 2378 1267 2433 dum
1291 2378 1368 2450 quod
1391 2377 1487 2433 auimo
1507 2376 1668 2431 intenderat
1682 2391 1699 2429 a
1714 2379 1841 2446 suscepto

995 2466 1168 2540 Baptismalc
1186 2469 1315 2540 (Contess.
1330 2468 1377 2522 lib.
1392 2470 1418 2529 v,
1430 2483 1490 2538 cap.
1507 2469 1532 2536 8,
1546 2481 1574 2523 n.
1593 2470 1635 2531 17,
1651 2469 1677 2520 ιι
1690 2465 1838 2529 Possidins,

995 2572 1017 2612 c.
1033 2558 1069 2628 3),
1084 2556 1142 2610 imo
1151 2556 1210 2628 jam
1226 2555 1293 2621 iude
1306 2573 1322 2611 a
1337 2560 1466 2627 tempore
1479 2554 1746 2625 consensionisque
1760 2555 1840 2624 longe

995 2651 1059 2700 autc
1086 2646 1263 2716 Bnplismum
1279 2661 1362 2700 suiten
1377 2644 1482 2699 servire
1507 2646 1562 2698 ilco
1585 2643 1732 2714 delegerat
1751 2643 1839 2715 (ibic,

995 2734 1041 2790 lib.
1058 2737 1085 2802 9,
1100 2751 1160 2805 cap.
1175 2738 1201 2800 5,
1217 2750 1243 2789 n.
1263 2736 1315 2804 13),
1330 2735 1480 2805 Tagastam
1498 2748 1636 2799 rei-ersus,
1652 2732 1774 2786 feliciter
1783 2747 1841 2803 pcr-

994 2824 1069 2878 t'eeii.
1086 2825 1124 2878 bc
1140 2823 1267 2895 primum
1291 2823 1407 2895 quidem
1432 2839 1514 2894 agros
1528 2838 1543 2876 a
1559 2826 1639 2893 (rutro
1654 2820 1781 2890 relictos,
1795 2818 1841 2892 qni

994 2912 1177 2968 haereditario
1196 2911 1323 2982 sibijurc
1339 2911 1510 2983 obtigerant,
1526 2910 1669 2976 alienavit,
1686 2925 1841 2981 carurnque

994 2999 1120 3070 pretium
1130 2999 1306 3070 pauperibus
1318 2997 1454 3053 continuo
1468 2997 1621 3058 distribuit,
1638 2996 1710 3051 nihil
1727 2997 1840 3051 omnino

996 3088 1049 3143 sibi
1073 3104 1228 3154 reservans,
1254 3104 1311 3160 quo
1338 3086 1494 3158 expeditior
1517 3086 1605 3141 libera
1632 3085 1682 3141 Dei
1709 3086 1841 3141 servitute

994 3177 1138 3232 frueretur
1149 3178 1246 3248 (Epist.
1260 3179 1320 3245 tro,
1333 3191 1361 3229 n.
1372 3175 1413 3248 7).
1426 3177 1457 3229 ln
1469 3175 1518 3230 illo
1530 3175 1636 3248 quippe
1646 3180 1674 3229 et
1687 3191 1722 3230 ex
1736 3173 1785 3229 illo
1794 3189 1842 3244 pu·

995 3265 1057 3320 silla
1074 3281 1161 3336 grege
1185 3281 1245 3319 esso
1269 3263 1411 3331 studebat,
1431 3279 1518 3335 quem
1538 3263 1676 3318 Dominus
1689 3262 1842 3334 alloquitur

994 3354 1091 3409 dicens
1108 3370 1115 3410 ι
1132 3355 1220 3412 Nolite
1237 3356 1340 3420 timere,
1359 3354 1477 3424 pusillus
1491 3368 1568 3421 pren,
1583 3354 1711 3422 quoniam
1726 3353 1841 3422 complc-

995 3445 1051 3499 cnit
1071 3445 1245 3499 Patrieestro
1260 3443 1326 3497 dare
1343 3442 1419 3496 cobis
1437 3456 1565 3509 repnnm.
1585 3440 1697 3497 Vendite
1711 3456 1772 3511 qua
1786 3455 1842 3511 pos-

994 3533 1099 3601 sidetis,
1125 3535 1150 3586 ct
1173 3531 1237 3586 date
1264 3532 1457 3601 eleemosynam
1486 3532 1562 3599 (buc.
1583 3546 1630 3593 ιιι,
1661 3532 1705 3596 ιι,
1732 3530 1787 3601 33).
1812 3531 1843 3586 Ei

995 3637 1082 3694 super
1104 3619 1170 3676 [idei
1192 3620 1411 3676 tundamentum
1429 3619 1568 3674 aedificare
1582 3617 1773 3684 desiderabat,
1787 3634 1841 3673 nou

994 3711 1082 3781 ligna,
1096 3710 1194 3765 fenum
1205 3713 1234 3764 ct
1248 3708 1394 3780 stipulam,
1406 3710 1455 3763 sed
1471 3724 1583 3774 accrum,
1595 3711 1748 3778 argentum
1760 3711 1790 3761 el
1804 3707 1842 3761 la-

994 3799 1074 3871 pides
1088 3799 1230 3871 pretiosos
1244 3798 1402 3870 (Possidins,
1419 3813 1441 3852 ι.
1458 3800 1497 3866 ι).
1512 3797 1592 3853 Unde
1607 3795 1731 3851 camilli
1746 3801 1843 3868 postca

996 3887 1148 3942 necessilns
1162 3887 1341 3943 incumberet
1362 3886 1537 3959 reprimendi
1559 3885 1779 3957 Pelagiauorum
1803 3901 1843 3938 ιιι·-

995 3976 1165 4047 rogantiam,
1189 3976 1239 4047 qui
1254 3976 1354 4031 divites
1369 3992 1420 4030 sua
1434 3992 1493 4030 nun
1510 3974 1687 4030 dimittentes
1702 3974 1814 4030 excludi
1828 3991 1843 4028 a

994 4082 1083 4133 regno
1103 4066 1153 4120 [lei
1167 4065 1299 4121 colebant
1323 4065 1424 4136 (Epist.
1453 4064 1524 4133 156),
1548 4070 1579 4119 ιιι
1594 4064 1806 4118 demonstraret
1816 4080 1843 4116 sc

996 4170 1054 4210 non
1069 4153 1187 4225 privatis
1195 4155 1230 4208 ad
1242 4169 1291 4208 eos
1300 4154 1470 4208 refellendos
1479 4153 1638 4208 rationibus
1649 4157 1676 4206 ei
1687 4151 1843 4207 commodis

995 4243 1097 4298 addisci
1112 4259 1119 4298 ε
1135 4246 1203 4312 Epo,
1219 4242 1269 4309 ait,
1286 4244 1335 4313 qui
1349 4244 1402 4298 lenc
1417 4243 1514 4310 scribo,
1538 4243 1729 4312 perfectionem
1743 4240 1777 4295 de
1791 4255 1844 4310 qua

994 4335 1126 4388 Βοιιιιιιιιι
1149 4333 1252 4387 locutus
1277 4337 1326 4400 est,
1362 4332 1471 4402 qucrrdo
1502 4335 1543 4386 ait
1566 4332 1647 4386 diviti
1672 4330 1843 4397 adolescenti,

996 4439 1011 4473 ιι
1028 4421 1116 4492 Vade,
1131 4421 1215 4475 rende
1236 4423 1327 4476 annia
1343 4436 1404 4490 qua
1426 4420 1518 4488 babes,
1539 4426 1564 4475 et
1578 4420 1615 4474 da
1625 4420 1805 4490 pauperibus,
1820 4423 1844 4472 et

996 4511 1105 4566 babebis
1120 4511 1276 4565 thesaurum
1286 4512 1315 4564 in
1324 4510 1404 4577 caio;
1417 4514 1442 4563 et
1451 4512 1522 4576 verti,
1531 4524 1640 4579 sequere
1650 4524 1692 4563 nee
1709 4529 1720 4557 ι
1735 4508 1842 4578 (neeri.

995 4617 1053 4668 xix,
1068 4600 1125 4670 nt),
1140 4601 1306 4654 erebnnenter
1318 4599 1459 4665 adamavi,
1475 4602 1500 4653 et
1514 4615 1567 4653 non
1585 4600 1650 4652 meis
1663 4597 1781 4657 viribus,
1796 4596 1844 4652 sed

995 4691 1085 4758 pratea
1096 4690 1185 4759 ipsius
1204 4688 1353 4757 adjuvaute
1367 4690 1407 4742 sic
1418 4689 1481 4754 sect.
1498 4689 1589 4755 Neque
1605 4688 1675 4740 enim
1688 4687 1756 4756 quia
1771 4684 1843 4740 dives

995 4795 1048 4834 reon
1063 4780 1117 4846 sui,
1134 4777 1193 4832 ideo
1213 4779 1303 4832 mitius
1316 4778 1385 4831 mibi
1406 4775 1597 4845 imputabitur.
1613 4775 1683 4831 Nam
1696 4789 1782 4843 neque
1793 4773 1847 4842 ipsi

995 4868 1129 4938 Apostoli,
1146 4867 1195 4937 qui
1203 4868 1309 4936 priores
1328 4866 1376 4920 boc
1394 4867 1526 4931 fecerunt,
1542 4863 1640 4918 divites
1653 4865 1776 4930 ιιιινιιιιι.
1792 4859 1846 4916 Sed

996 4961 1081 5013 tatum
1094 4955 1224 5010 mundum
1240 4956 1364 5021 dimittit,
1377 4955 1461 5025 quiet
1471 4953 1540 5008 illud
1555 4952 1627 5022 qnod
1642 4952 1761 5018 habetet
1775 4949 1847 5020 quod

996 5048 1073 5116 optat
1097 5044 1195 5098 babere
1213 5043 1340 5099 dimittit.
1360 5043 1499 5109 Quantum
1522 5046 1610 5096 autem
1630 5042 1662 5094 in
1688 5040 1738 5094 bac
1756 5041 1846 5109 perfe-

996 5135 1092 5190 ctionis
1111 5134 1157 5187 ein
1177 5134 1349 5202 proiecerim,
1372 5133 1460 5199 mapis
1484 5130 1593 5199 quidem
1610 5131 1673 5184 rioci
1695 5144 1742 5196 epo
1764 5144 1846 5199 quam

996 5225 1141 5294 quisquam
1157 5223 1227 5277 alius
1243 5223 1332 5286 ιοιιιος
1344 5221 1391 5276 sed
1405 5221 1491 5287 mapis
1510 5223 1580 5275 Deus
1599 5234 1680 5288 quam
1690 5234 1748 5286 epo.
1758 5220 1793 5273 Et
1806 5217 1845 5272 ad

997 5313 1044 5367 boc
1055 5313 1225 5382 propositum
1248 5311 1358 5380 quantis
1376 5325 1487 5380 possum
1503 5309 1607 5363 viribon
1627 5308 1695 5362 alios
1707 5307 1846 5362 tenuior.

997 5400 1138 5472 additque
1153 5420 1161 5455 ι
1178 5404 1214 5457 Ει
1229 5402 1256 5455 in
1272 5403 1377 5455 reornine
1393 5401 1498 5455 bomini
1521 5398 1604 5453 babeo
1618 5402 1764 5464 ememtes,
1788 5396 1848 5466 qui-

999 5491 1047 5545 bus
1071 5491 1118 5545 boc
1136 5507 1185 5560 per
1207 5494 1297 5545 oneum
1315 5490 1495 5545 ministerium
1508 5502 1670 5558 persuasum
1689 5490 1729 5541 est
1747 5486 1845 5555 (Epist.
