3884 6112
74 273 140 324 1277
807 273 915 330 LIBER
934 274 1096 333 TERTIUS.
1764 281 1830 336 tare

69 391 185 447 sibilem
206 393 376 446 verteretur.
398 391 432 446 Et
454 390 535 447 vides
558 394 686 465 profecto
703 394 738 450 de
752 395 839 468 hujus
853 396 926 452 lucis
1017 399 1059 454 lt.
1083 399 1115 453 ln
1134 414 1169 454 ιο
1192 399 1325 471 plerique
1340 399 1473 454 homines
1496 404 1604 469 errent,
1619 401 1688 472 qnia
1709 401 1831 459 meliora

70 479 238 547 eminentie,
254 484 396 551 quantum
410 480 527 536 laudent
540 481 644 538 enimse
659 485 750 539 Deum
763 485 851 541 etiam
865 502 927 541 cor·
980 501 1045 542 cum
1060 491 1155 542 mente
1171 487 1380 558 conspexerint,
1398 503 1456 542 uon
1476 486 1634 543 insedibus
1651 490 1831 562 congruisse

67 570 147 642 poris
157 567 289 623 sensibus
300 567 416 624 dedite.
429 569 610 641 Quapropter
620 587 679 626 non
689 574 786 644 tejam
799 578 923 642 moveat,
979 575 1069 630 oculis
1081 581 1225 648 quaerunt.
1241 576 1322 631 Velut
1335 576 1359 630 si
1373 576 1527 648 quisquam
1537 577 1692 647 perfectam
1703 579 1830 636 rotundi·

69 659 149 733 quod
174 656 373 728 vituperentur
396 657 501 713 animae
530 660 712 730 peccatrices,
740 665 772 716 ut
795 663 871 719 dicas
894 664 926 720 in
979 668 1068 720 tatem
1082 666 1195 721 ratione
1214 665 1468 736 comprehendens,
1485 666 1679 722 stomachetur
1693 667 1769 739 quod
1784 672 1828 724 ta·

70 747 157 803 corde
169 752 217 801 tuo
232 745 432 801 melinsfuisse
442 745 467 800 si
478 762 536 802 nou
547 753 651 804 essent.
666 750 698 804 ln
709 750 753 805 sui
764 750 841 806 enim
851 768 927 808 com·
979 753 1037 808 lem
1057 754 1086 808 in
1106 770 1178 809 nuce
1194 771 1250 809 non
1265 753 1384 818 invenit,
1400 754 1424 808 si
1439 753 1550 809 nullum
1570 770 1698 826 unquam
1725 771 1830 828 corpus

68 835 220 909 paratione
236 834 447 905 vituperentur,
463 836 533 891 dum
547 836 690 908 cogitatur
704 839 804 910 quales
819 845 924 909 essent,
979 842 1136 897 rotundum
1149 847 1255 914 praeter
1269 842 1468 913 biijuscemodi
1481 858 1568 913 poma
1582 844 1740 915 conspexit.
1757 845 1828 900 Nam

70 925 96 980 si
115 939 234 997 peccare
258 923 427 978 noluissent.
452 924 603 980 lustitetor
621 929 718 981 temen
733 943 832 984 earum
847 931 923 985 Deus
980 929 1020 985 ιιι
1034 931 1153 1003 quidam
1178 947 1244 986 cum
1260 931 1372 987 ratione
1385 930 1534 986 verissima
1546 931 1661 987 videant
1680 932 1831 995 meliorem,

68 1011 289 1086 praeclarissime
312 1028 365 1084 pro
389 1012 516 1068 humane
539 1013 673 1070 facultate
695 1016 856 1073 laudandus
871 1023 922 1086 est,
979 1033 1040 1072 esse
1054 1024 1226 1087 creaturam,
1248 1035 1313 1091 quae
1328 1018 1459 1091 quamvis
1474 1019 1578 1074 babeat
1592 1019 1711 1074 liberem
1727 1020 1828 1075 volun-

68 1119 130 1159 nou
144 1102 240 1157 solum
263 1101 400 1167 quoniam
424 1107 575 1172 peccantes
588 1119 635 1158 eas
645 1103 721 1174 juste
734 1103 859 1173 ordinet,
875 1106 926 1162 sed
979 1107 1078 1171 tatem,
1091 1106 1149 1159 Deo
1160 1109 1257 1160 tamen
1266 1121 1379 1177 semper
1387 1105 1483 1174 tutixa,
1492 1121 1642 1178 nunquam
1652 1106 1828 1178 peccaverit3

69 1192 158 1247 etiem
170 1189 239 1262 quie
249 1190 322 1244 tales
334 1188 467 1258 instituit,
481 1195 513 1246 ut
525 1190 611 1246 etiam
625 1192 748 1263 peccatis
759 1194 923 1264 sordidatae,
978 1191 1122 1248 intuentes
1135 1198 1252 1264 peccate
1265 1193 1426 1261 hominum,
1440 1210 1497 1248 non
1509 1197 1539 1249 nt
1552 1210 1668 1266 peccare
1683 1193 1827 1263 desinent,

69 1277 250 1335 nullomodo
275 1276 346 1332 lucis
367 1278 523 1348 corporalis
537 1278 677 1352 dignitate
689 1287 870 1352 superentur,
889 1282 924 1338 de
978 1281 1026 1336 sed
1043 1280 1110 1352 quie
1122 1281 1190 1336 facti
1204 1287 1271 1336 sunt
1294 1281 1402 1348 dolent,
1423 1281 1548 1337 dicentes
1563 1298 1570 1337 z
1586 1283 1666 1337 Tales
1684 1298 1736 1338 nos
1752 1283 1827 1339 fece·
1897 1280 1901 1285 ’

68 1383 127 1440 qua
140 1371 239 1422 tamen
250 1365 321 1437 juro
338 1364 482 1421 laudatur.
978 1373 1032 1438 ret,
1057 1373 1091 1423 ut
1111 1385 1225 1441 semper
1243 1368 1474 1425 incommutabili
1492 1371 1554 1441 ejus
1572 1371 1691 1426 veritate
1704 1371 1826 1442 perfrui,

109 1459 151 1511 13.
167 1454 242 1513 lllud
258 1469 374 1526 quoque
388 1469 492 1509 moneo
507 1469 616 1524 caveas,
631 1472 668 1510 ne
681 1455 756 1512 forte
777 1472 836 1512 uon
848 1457 924 1514 dices
977 1473 1127 1530 uunquam
1142 1464 1238 1514 eutem
1252 1474 1368 1530 peccare
1380 1458 1528 1513 vellemus.
1544 1459 1607 1513 Non
1620 1460 1754 1530 clement,
1768 1475 1828 1515 nou

70 1544 189 1617 quidem
213 1542 318 1598 melius
330 1541 417 1597 fuisse
439 1547 542 1597 utnon
563 1549 666 1613 essent,
684 1544 734 1600 sed
749 1545 825 1601 dicas
841 1547 925 1602 aliter
978 1551 1164 1603 succenseant
1186 1565 1193 1602 :
1220 1548 1288 1620 quie
1307 1563 1402 1619 neque
1423 1548 1501 1618 ipsos
1514 1546 1577 1602 ideo
1590 1546 1685 1618 coegit
1697 1562 1828 1618 peceare,

69 1634 133 1689 lieri
144 1649 193 1688 eas
204 1631 346 1687 debuisse.
359 1631 505 1703 Quidquid
516 1632 594 1686 enim
605 1632 657 1688 tibi
669 1634 855 1690 veteratione
866 1653 925 1692 me-
978 1635 1047 1708 quia
1060 1636 1137 1706 fecit,
1154 1636 1258 1709 quibus
1271 1640 1441 1707 potestatem
1457 1641 1554 1690 utrum
1569 1635 1674 1691 vellent
1688 1635 1781 1704 dedit;
1799 1641 1829 1692 et

69 1722 125 1777 lius
141 1720 306 1788 occurrerit,
324 1719 394 1773 scias
408 1720 508 1774 fecisse
524 1721 615 1775 Deum
629 1726 767 1795 tanquam
781 1724 924 1781 bonorum
977 1729 1044 1778 sunt
1058 1726 1128 1780 tales
1143 1724 1261 1795 quidem
1276 1725 1388 1796 augeli,
1400 1723 1451 1796 qui
1462 1740 1555 1796 neque
1568 1728 1759 1794 peccaverunt
1773 1740 1827 1779 un·

68 1809 203 1864 omnium
225 1808 412 1863 conditorem.
436 1810 499 1863 Non
515 1813 556 1863 est
573 1815 670 1865 eutem
694 1827 761 1866 vera
774 1813 859 1884 ratio,
874 1815 924 1870 sed
978 1828 1076 1883 quam,
1093 1829 1187 1884 neque
1207 1812 1349 1885 peccaturi
1364 1817 1440 1869 suut.
1456 1811 1650 1878 Quamobrem
1672 1810 1695 1865 si
1708 1815 1736 1867 te
1750 1811 1827 1867 dele-

68 1898 168 1954 invida
176 1896 339 1964 infirmitas,
352 1913 416 1952 cum
429 1896 536 1969 aliquid
549 1898 652 1952 melius
664 1899 828 1955 faciendum
836 1901 923 1958 fuisse
977 1905 1034 1956 ctat
1059 1907 1189 1958 creatura
1209 1919 1274 1975 quae
1296 1900 1579 1973 perseverantissima
1601 1900 1749 1955 voluntate
1767 1915 1827 1956 non

68 1987 252 2059 cogitaveris,
268 1985 330 2057 jam
352 1985 425 2041 nihil
448 1986 525 2042 aliud
547 1986 668 2043 inferius
683 1989 754 2045 velle
769 1989 842 2058 ficri,
858 1995 922 2045 tan·
976 1993 1085 2061 peccat,
1102 2006 1160 2044 uon
1175 1995 1218 2044 est
1232 1989 1424 2046 dubitandum
1438 1988 1515 2061 quod
1530 2004 1594 2043 eam
1609 1987 1738 2059 peccanti
1750 1992 1828 2044 recte

68 2090 156 2146 quem
173 2073 196 2127 si
217 2078 366 2146 perspecto
381 2075 463 2143 coelo,
480 2076 569 2130 nolles
588 2080 694 2132 terram
718 2078 821 2134 lectam
845 2095 922 2149 essc;
976 2078 1087 2133 ratione
1101 2094 1253 2151 praeponas
1268 2095 1276 2134 ι
1292 2078 1342 2134 ιιι
1359 2077 1432 2134 sicut
1444 2093 1508 2132 eam
1522 2082 1555 2132 tu
1567 2076 1741 2148 cogitatione
1755 2092 1827 2149 prei-

68 2162 170 2234 inique
185 2162 313 2218 omnino.
331 2163 418 2218 Recte
429 2162 506 2218 enim
517 2164 751 2236 reprehenderes,
768 2166 792 2221 si
805 2172 924 2239 prater-
975 2167 1074 2239 ponis3
1092 2167 1132 2223 sic
1145 2184 1209 2223 eam
1231 2171 1340 2222 creator
1363 2168 1437 2223 Deus
1460 2165 1640 2222 ordinatione
1658 2165 1826 2238 praeposuit.

69 2251 158 2306 misso
179 2251 250 2306 coelo
272 2255 380 2306 terrem
404 2251 508 2307 factam
525 2252 647 2323 videres,
662 2255 801 2326 quoniam
815 2255 923 2312 diceres
976 2256 1066 2312 Crede
1079 2272 1140 2312 esse
1153 2258 1240 2313 talem
1253 2256 1283 2312 iu
1295 2255 1491 2327 superioribus
1506 2254 1628 2318 sedibus,
1646 2259 1673 2308 ιι
1686 2254 1718 2309 in
1732 2253 1826 2310 subli-

68 2339 111 2394 ita
134 2355 198 2393 eam
222 2339 285 2394 lieri
303 2339 444 2408 debuisse,
460 2339 543 2396 sicuti
557 2359 654 2414 posses
669 2344 793 2416 cogitare
807 2345 921 2401 coelum.
976 2345 1076 2400 mitate
1089 2345 1227 2401 coelorum
1243 2362 1251 2400 ι
1266 2345 1334 2417 quie
1346 2343 1370 2399 si
1384 2343 1543 2399 bonitatem
1553 2342 1688 2399 Conditor
1701 2342 1828 2414 praebuit

70 2429 144 2485 Cum
168 2444 236 2501 ergo
259 2428 346 2484 etiem
359 2429 428 2485 illud
445 2430 481 2485 ed
496 2431 576 2502 cujus
591 2432 714 2502 speciem
735 2433 849 2488 volebas
864 2439 921 2489 ter·
976 2434 1011 2489 ad
1041 2449 1105 2489 eam
1131 2434 1310 2489 condendam
1329 2434 1410 2505 cujus
1431 2430 1564 2504 praevidit
1581 2431 1680 2485 future
1696 2435 1823 2502 peccata,

69 2533 135 2572 ram
156 2518 323 2588 perducere,
348 2517 455 2572 fectum
477 2534 537 2573 esse
552 2520 739 2592 perspiceres,
753 2537 810 2576 nou
825 2527 922 2577 eutem
976 2524 1057 2578 nullo
1072 2524 1157 2579 modo
1172 2540 1230 2579 nou
1244 2524 1387 2595 praeberet
1402 2539 1466 2578 earu
1480 2522 1648 2591 bonitatem,
1664 2526 1698 2577 ut
1712 2526 1824 2578 creatu·

68 2607 125 2662 hoc
149 2612 264 2670 terram,
284 2608 334 2661 sed
357 2608 461 2662 coelum
479 2608 589 2677 vocari;
612 2610 697 2665 credo
717 2611 795 2683 quod
816 2627 847 2666 re
860 2627 921 2667 me·
975 2628 1037 2668 ram
1054 2613 1190 2669 conderet
1205 2628 1293 2684 quam
1315 2617 1498 2684 peccetur-em
1521 2626 1580 2665 non
1595 2626 1656 2664 ιιιι
1668 2609 1822 2681 prescivit.

69 2695 142 2751 tiore
163 2712 223 2751 nou
245 2696 403 2764 fraudatus,
419 2702 451 2752 ut
464 2696 583 2756 inferior
595 2714 711 2771 quoque
731 2699 827 2771 alique
840 2700 922 2756 fieret
1013 2704 1056 2756 ts.
1076 2701 1166 2755 llabet
1180 2700 1258 2755 enim
1272 2700 1322 2755 illa
1340 2699 1471 2755 sublimis
1485 2703 1655 2772 perpetuam
1671 2698 1825 2753 beatitudi-

69 2788 100 2840 et
114 2789 191 2840 terra
212 2790 295 2852 esset,
318 2800 502 2856 nequaquam
525 2785 653 2841 invidere
667 2786 794 2842 deberes.
818 2788 850 2843 ln
864 2804 921 2860 que
976 2803 1044 2843 nem
1058 2804 1150 2857 suum,
1166 2784 1384 2860 inperpetuum
1399 2787 1496 2841 fruens
1511 2787 1644 2842 creatore
1657 2801 1720 2853 suo,
1736 2801 1825 2858 quam

66 2879 145 2930 terra
158 2889 258 2928 rursus
276 2873 434 2929 secundum
451 2877 549 2945 partes
563 2874 623 2946 ejus
638 2879 718 2930 tanta
731 2881 774 2930 est
788 2876 919 2946 varietas,
974 2879 1112 2948 perpetua
1126 2875 1258 2931 tenende
1269 2875 1389 2947 justitiae
1401 2875 1545 2930 voluntate
1559 2878 1749 2946 promeretur.
1768 2875 1823 2930 lle·

66 2967 102 3018 ut
115 2961 187 3017 nihil
202 2961 280 3033 quod
294 2962 330 3018 ad
346 2966 429 3017 terrea
445 2961 571 3034 pertinet
585 2963 708 3034 speciem
721 2964 858 3036 cogitanti
872 2981 919 3021 oc·
972 2963 1022 3019 bet
1036 2964 1139 3019 deinde
1154 2964 1285 3020 ordinem
1299 2979 1384 3019 sunm
1399 2962 1484 3019 etiam
1495 2962 1550 3018 ista
1563 2960 1823 3035 peccatrix,amissa

65 3056 174 3118 currat,
190 3052 267 3124 quod
282 3068 340 3107 uon
351 3052 453 3107 intuta
465 3052 527 3123 ejus
538 3053 614 3107 mole
625 3054 700 3109 [leus
712 3054 841 3110 omnium
852 3070 920 3110 con·
972 3053 1003 3108 in
1018 3053 1140 3126 peccetis
1154 3053 1341 3121 beatitudine,
1357 3053 1407 3108 sed
1422 3068 1480 3107 non
1494 3050 1611 3108 dimissa
1621 3050 1824 3121 recuperanda

65 3140 142 3196 ditor
154 3139 263 3197 fecerit.
280 3143 409 3214 Namque
429 3145 537 3196 eterra
550 3141 725 3197 feracissima
740 3147 769 3198 et
781 3143 918 3200 amoenis·
973 3142 1159 3197 beatitudinis
1168 3141 1311 3198 facultate.
1321 3142 1389 3207 Quae
1398 3142 1527 3213 profecto
1537 3143 1653 3211 superet
1662 3156 1725 3195 eam
1734 3155 1823 3212 quem

65 3229 139 3285 sima
160 3245 250 3302 usque
270 3230 305 3285 ad
328 3229 511 3285 salsissimam
535 3234 564 3285 ιι
587 3229 863 3303 infecundissimam,
878 3231 919 3286 ita
972 3232 1108 3303 peccandi
1122 3235 1261 3303 perpetua
1275 3231 1408 3286 voluntas
1423 3228 1521 3287 ιιιιιιί
1538 3246 1545 3286 :
1560 3229 1636 3284 inter
1649 3244 1738 3301 quem
1751 3232 1780 3284 et
1788 3228 1823 3284 il·

65 3317 206 3389 gradatim
214 3335 266 3391 per
277 3318 384 3374 medias
399 3318 576 3389 pervenitur,
592 3323 625 3373 ut
636 3320 745 3375 nullam
761 3320 917 3393 reprehen·
971 3319 1030 3375 lam
1045 3321 1172 3392 priorem
1187 3325 1403 3392 permanentem
1418 3319 1449 3374 in
1462 3320 1610 3375 voluntate
1620 3318 1822 3390 justitim,boec

65 3406 135 3462 dere
149 3406 262 3477 audeas,
277 3407 332 3462 nisi
348 3407 379 3462 iu
394 3406 609 3479 comparatione
624 3407 767 3475 melioris;
782 3413 867 3480 etque
876 3408 918 3463 ita
972 3409 1317 3481 medietatemquemdem
1329 3409 1584 3480 demonstretque}
1596 3405 1755 3478 poenitendi
1768 3406 1822 3461 bu·

64 3512 118 3568 per
132 3512 229 3551 omnes
244 3497 350 3568 gradus
365 3497 457 3553 laudis
470 3497 615 3562 ascendes,
632 3501 665 3552 ut
677 3497 755 3569 quod
771 3512 917 3553 summum
971 3498 1092 3553 militate
1103 3497 1286 3554 altitudinem
1300 3513 1382 3552 suam
1397 3497 1507 3568 recipit.
1526 3497 1598 3552 Nem
1611 3510 1705 3566 neque
1718 3492 1753 3547 eb
1768 3492 1818 3548 ille

64 3601 157 3656 genus
172 3591 256 3641 terrae
272 3585 423 3650 inveneris,
440 3587 534 3641 solum
551 3591 648 3642 tamen
659 3602 720 3654 esse
735 3585 808 3640 nolis
818 3587 838 3639 ¹.
853 3587 916 3641 lam
970 3592 1111 3653 creatura,
1131 3602 1218 3659 quam
1242 3587 1385 3658 praescivit
1404 3587 1480 3641 Deus
1502 3600 1561 3639 nou
1582 3584 1674 3637 solum
1688 3585 1820 3654 peccetu-

64 3690 133 3729 vero
147 3674 221 3730 inter
230 3679 320 3730 totam
330 3680 435 3730 terrem
447 3680 475 3730 et
485 3676 587 3730 coelum
597 3673 916 3746 quantadistautiaestt
970 3690 1042 3741 ram,
1057 3675 1106 3730 sed
1123 3675 1209 3729 etiem
1222 3674 1252 3729 in
1266 3673 1403 3746 peccandi
1415 3673 1561 3728 voluntate
1575 3669 1822 3735 mansuramebs·

64 3762 290 3834 luterpouuntur
300 3764 377 3819 enim
388 3763 505 3819 humida
516 3763 677 3835 flebilisque
687 3769 790 3819 nature
806 3780 813 3820 :
829 3767 915 3838 atque
970 3762 1060 3818 tinuit
1073 3763 1237 3834 largitatem
1251 3761 1387 3817 bonitatis
1397 3777 1465 3828 sure,
1483 3765 1516 3815 ut
1525 3776 1589 3816 eam
1602 3775 1661 3814 nou
1674 3759 1819 3816 conderet.

64 3865 100 3905 ex
124 3850 169 3905 liis
184 3855 307 3923 quatuor
330 3852 478 3907 elementis
497 3852 561 3908 aliae
579 3852 805 3908 innumerabiles
820 3853 914 3922 nobis,
969 3851 1048 3907 Sicut
1062 3852 1140 3907 enim
1151 3850 1309 3907 meliorest
1323 3849 1367 3905 vel
1382 3850 1518 3906 aberrans
1531 3864 1634 3921 equus,
1649 3862 1736 3920 quam
1747 3846 1821 3918 lepis
1849 3861 1851 3865 ’

61 3944 221 3995 numerata
246 3944 342 3995 autem
362 3941 418 3995 Deo
442 3957 538 3996 rerum
562 3941 671 4012 species
685 3926 845 4014 formaeque
864 3958 914 3998 va·
967 3945 1121 4014 propterea
1135 3956 1194 3995 nou
1211 3940 1356 4009 aberrans,
1374 3938 1442 4012 quia
1456 3937 1575 4011 proprio
1597 3942 1676 3992 motu
1691 3940 1720 3991 et
1734 3952 1820 3992 sensu

61 4029 182 4084 riantur.
209 4030 304 4083 Potest
327 4045 395 4100 ergo
416 4046 476 4084 esse
499 4031 607 4101 aliquid
633 4031 663 4085 in
687 4047 785 4086 rerum
799 4037 914 4103 natura,
969 4034 1059 4098 caret;
1078 4031 1119 4085 ita
1133 4034 1176 4085 est
1190 4028 1374 4085 excellentior
1391 4032 1522 4083 creatura
1536 4043 1601 4099 quae
1615 4025 1705 4081 libera
1718 4026 1820 4081 volun·

61 4118 138 4188 quod
158 4121 208 4172 tue
229 4117 340 4173 ratione
354 4134 412 4172 uon
424 4118 540 4190 cogitas.
563 4120 626 4173 Non
641 4134 701 4174 esse
715 4125 811 4175 eutem
836 4121 915 4193 quod
968 4123 1026 4175 tato
1051 4122 1159 4190 peccat,
1183 4134 1271 4190 quam
1297 4133 1362 4189 quse
1381 4123 1535 4188 propterea
1552 4129 1612 4169 non
1625 4117 1734 4185 peccat,
1750 4111 1820 4185 quie

59 4221 128 4261 vera
141 4205 252 4261 ratione
263 4206 381 4278 cogitas,
393 4222 453 4261 non
466 4210 570 4279 potest.
585 4207 682 4279 Neque
694 4207 772 4262 enim
783 4213 816 4263 tu
828 4214 913 4280 potes
967 4223 1027 4263 non
1053 4207 1139 4262 habet
1164 4207 1284 4261 liberam
1311 4204 1497 4261 voluntatem.
1523 4204 1557 4258 llt
1575 4202 1649 4256 sicut
1669 4199 1819 4256 laudarem

60 4293 170 4366 aliquid
184 4295 287 4350 melius
301 4294 331 4349 in
346 4299 476 4349 ereatura
488 4294 706 4367 cogitare,quod
720 4300 858 4351 creaturae
870 4313 915 4352 er·
966 4295 1066 4351 viuum
1081 4295 1112 4349 in
1126 4311 1178 4350 suc
1193 4310 1298 4366 genere
1308 4294 1429 4363 bonum,
1446 4293 1481 4348 de
1491 4307 1549 4364 quo
1562 4289 1628 4344 vino
1643 4287 1818 4344 inebriatum

60 4381 167 4436 titicem
181 4382 294 4454 fugerit
307 4385 439 4438 llumene
450 4383 558 4454 quippe
574 4383 669 4438 anima
684 4383 853 4439 naturaliter
866 4385 913 4440 di·
966 4384 1113 4439 bominem
1125 4383 1329 4455 vituperarem,
1351 4386 1381 4438 ιι
1402 4387 1499 4437 temen
1518 4377 1651 4433 eumdem
1666 4377 1818 4433 bominem
1907 4440 1914 4454 1

59 4470 134 4524 vinis
157 4486 191 4525 ex
211 4472 317 4543 quibus
331 4472 438 4544 pendet
460 4487 588 4527 connexe
601 4471 772 4539 rationibus,
788 4488 854 4527 cum
869 4473 912 4528 di·
960 4472 1023 4543 jem
1037 4472 1228 4543 vituperatum
1244 4475 1272 4527 et
1291 4471 1386 4527 adhuc
1400 4469 1521 4532 ebrium,
1538 4467 1652 4522 laudato
1666 4465 1710 4520 illi
1735 4464 1814 4535 vino,

60 4559 109 4625 ιιι,
126 4560 225 4614 Melius
248 4560 302 4615 hoc
320 4560 403 4615 fieret
423 4576 510 4631 quam
531 4559 618 4626 illud3
638 4559 663 4614 si
677 4575 777 4615 verum
791 4560 868 4628 dicit,
885 4565 914 4616 ιι
965 4559 1000 4615 de
1016 4576 1073 4632 quo
1086 4561 1183 4617 ebrius
1194 4561 1287 4616 factus
1299 4565 1352 4629 est,
1368 4563 1570 4629 anteponerem
1586 4571 1593 4610 ι
1609 4553 1816 4626 itacorporalis

58 4646 137 4703 videt
150 4648 227 4719 quod
241 4648 318 4715 dicit,
330 4649 360 4703 iu
375 4648 431 4703 illis
444 4648 547 4720 quibus
558 4665 689 4704 connexe
699 4654 743 4703 ιιι
753 4648 913 4704 nationibus
964 4654 1094 4706 creature
1106 4649 1138 4705 in
1151 4667 1202 4705 suo
1221 4651 1311 4721 gradu
1322 4649 1388 4719 jure
1404 4646 1546 4701 laudande
1559 4649 1617 4715 est;
1633 4658 1699 4698 cum
1714 4643 1757 4699 illi
1771 4643 1817 4699 vi-

58 4735 145 4791 videt.
161 4737 263 4792 Credat
276 4752 345 4809 ergo
358 4739 451 4793 Deum
464 4737 564 4793 fecisse
578 4738 656 4810 qnod
670 4753 737 4793 vera
752 4737 862 4793 ratione
876 4739 911 4794 ab
965 4738 1118 4811 tuperandi
1141 4738 1207 4806 sint,
1227 4737 1278 4810 qui
1302 4737 1364 4808 eJ'us
1384 4734 1574 4790 immoderato
1588 4748 1641 4788 usu
1658 4731 1817 4788 everitetis

58 4839 92 4879 eo
115 4824 280 4881 faciendum
300 4826 388 4881 fuisse
404 4826 548 4897 cognovit,
564 4827 677 4882 etiamsi
701 4828 755 4882 hoc
778 4826 808 4882 ui
827 4827 913 4882 rebus
964 4822 1146 4900 perceptione
1169 4830 1350 4892 avertuntur;
1372 4822 1502 4896 quemvis
1521 4822 1611 4878 iidem
1633 4838 1733 4877 rursus
1752 4821 1815 4893 jam

55 4912 136 4967 factis
158 4930 218 4968 non
241 4915 327 4970 videt.
349 4915 422 4978 Quia
441 4915 555 4971 etiamsi
578 4917 681 4971 coelum
701 4915 793 4970 oculis
816 4915 912 4972 videre
964 4916 1101 4986 perversi,
1121 4920 1150 4970 et
1164 4912 1375 4986 quodammodo
1393 4911 1553 4980 temulenti,
1569 4911 1665 4967 eidem
1677 4916 1815 4965 creaturas

55 5016 114 5056 nou
126 5006 233 5071 posset,
249 5006 279 5056 et
292 5005 390 5056 tamen
404 5003 514 5059 ratione
527 5020 595 5059 vere
608 5004 665 5059 tale
680 5003 787 5075 aliquid
802 5004 911 5059 facien·
963 5004 994 5058 iu
1009 5005 1110 5059 ordine
1133 5020 1184 5058 suo
1203 5001 1351 5071 laudabili,
1376 5002 1458 5073 cujus
1474 5000 1608 5057 aviditate
1622 5003 1822 5065 evanuerunt..

52 5089 123 5145 dum
150 5089 240 5142 fuisse
267 5088 426 5159 colligeret,
454 5092 568 5148 credere
589 5092 688 5147 debuit
708 5092 814 5147 factum
837 5109 909 5162 esse,
963 5108 1023 5147 non
1034 5093 1094 5164 jam
1105 5091 1207 5146 merito
1219 5090 1365 5157 vitiorum,
1382 5090 1431 5146 sed
1445 5090 1538 5146 adhuc
1552 5094 1663 5145 naturae
1675 5085 1814 5158 dignitate

53 5176 188 5250 quamvis
203 5177 234 5231 id
248 5176 338 5231 oculis
352 5192 413 5232 non
431 5179 551 5235 videret.
568 5183 630 5237 Non
647 5181 723 5236 enim
739 5181 911 5253 cogitatione
963 5180 1169 5253 preferuntur.

51 5266 163 5346 siderei
177 5265 268 5320 fuisse
282 5264 456 5334 faciendum,
472 5267 529 5323 nisi
541 5268 571 5322 in
586 5270 621 5325 iis
635 5270 795 5326 rationibus
807 5270 911 5342 quibus
1001 5273 1041 5325 16.
1057 5269 1129 5335 Quie
1144 5269 1232 5341 igitur
1246 5268 1339 5324 omnis
1353 5271 1449 5324 anime
1464 5267 1544 5324 omni
1559 5280 1678 5338 corpore
1693 5268 1737 5319 ιιι
1751 5278 1815 5319 uie·

53 5358 131 5413 facta
150 5360 217 5410 sunt
228 5353 336 5410 omnia.
351 5353 433 5418 Quod
447 5359 545 5410 aetem
559 5357 599 5411 ibi
619 5375 678 5413 non
691 5364 743 5426 est,
753 5364 813 5414 tam
823 5376 909 5416 nemo
963 5358 1028 5421 lior,
1043 5359 1194 5430 omnisque
1206 5358 1346 5429 peccatrix
1362 5358 1459 5414 anime
1474 5369 1654 5429 quocumque
1669 5351 1812 5422 ceciderit,

53 5448 148 5517 potest
157 5442 251 5498 veraci
261 5440 435 5513 cogitatione
448 5441 555 5510 videre,
571 5459 658 5515 quam
669 5451 783 5502 nonest
797 5462 907 5505 verum.
995 5485 1023 5540 ,κ
1035 5483 1108 5544 lov,
1129 5485 1255 5545 mmm
1272 5481 1397 5546 voluptas
1412 5484 1492 5540 um,
1508 5479 1559 5530 Sed
1576 5477 1738 5542 antiquiore,
1752 5475 1813 5528 odi,

88 5543 94 5577 t
111 5540 174 5590 Bed.
187 5543 214 5593 et
228 5540 281 5602 Er,
296 5538 391 5591 celum
404 5552 461 5592 cese
473 5539 555 5591 aare.
964 5545 1050 5594 tiones
1065 5549 1091 5594 et
1108 5545 1168 5594 tiss.
1180 5547 1331 5594 constanter
1343 5545 1450 5604 babent,
1460 5541 1595 5595 vetustos.
