3884 6112
67 260 136 314 tuat.

61 385 102 436 A.
120 381 196 434 Bene
219 378 366 450 intelligis.
383 377 438 433 Sed
460 377 537 433 vides
552 383 627 433 certe
650 395 716 434 cum
736 378 791 434 hoe
805 381 914 450 accidit,

62 484 167 540 corpus
182 470 324 537 nostrum,
338 468 368 522 id
382 471 425 521 εει
440 467 545 533 ocules,
563 466 636 522 nihil
650 468 709 539 pati
725 486 759 523 ex
774 469 851 540 igue,
867 470 915 525 sed

62 574 99 613 ex
112 557 191 610 lumo
207 573 293 627 quem
309 557 403 610 solum
417 554 522 610 vident.
539 556 650 610 Etenim
666 556 773 624 videre,
789 559 913 625 sentire;

64 649 94 700 ει
108 646 223 711 sentire,
245 645 305 714 pati
325 660 396 711 esse,
409 644 469 712 jam
492 659 578 715 supra
593 645 798 700 consensimus.
812 648 844 701 Ε.
861 646 915 700 Τε-

63 750 119 789 ιιεο
131 737 160 787 ει
170 732 319 789 assentior.
330 733 371 788 A.
388 731 460 788 Cum
470 748 537 802 ergo
551 747 604 802 per
616 731 777 803 passionem
787 733 916 804 corporis

63 837 123 876 uon
136 822 205 874 latet
221 819 330 890 aliquid
345 819 481 887 animam,
497 835 557 873 non
571 820 709 875 continuo
724 837 823 876 seusus
836 838 918 877 voea-

64 912 113 962 tur
128 924 202 962 uuus
216 908 252 962 de
268 907 396 979 quinque
411 909 593 977 memoratis;
607 909 656 964 sed
670 925 735 963 cum
749 909 811 981 ipsa
822 911 916 981 passio

64 1012 124 1052 uon
140 997 226 1051 latet:
238 1012 363 1068 namque
375 997 423 1052 ille
439 996 514 1068 ignis
533 1013 593 1053 non
611 999 697 1062 visus,
719 1015 771 1053 nce
791 1000 915 1068 auditus,

65 1099 118 1138 nec
140 1084 270 1150 ollactus,
294 1100 347 1138 nec
368 1089 507 1154 gustatus,
527 1101 579 1140 nee
602 1089 693 1140 tactus
711 1103 727 1140 a
742 1085 834 1155 nobis,
859 1102 917 1140 nou

65 1176 162 1226 tamen
177 1173 246 1227 latet
259 1172 397 1242 animam,
415 1172 497 1227 fumo
512 1173 581 1228 viso.
603 1175 716 1228 Etcum
731 1174 784 1228 hoe
803 1190 860 1228 non
875 1175 919 1228 la·

64 1263 125 1315 tere
139 1276 196 1314 non
210 1264 327 1315 vocetur
338 1276 447 1329 seusus,
463 1260 532 1331 quia
542 1276 576 1314 ex
591 1259 658 1331 igne
673 1278 775 1332 eorpus
790 1261 862 1315 nihil
874 1265 918 1316 est

64 1365 195 1418 passum;
212 1354 328 1404 vocatur
341 1352 437 1403 tamen
451 1349 578 1420 cognitio
591 1365 643 1420 per
656 1366 781 1411 sensum,
803 1350 870 1420 quia
884 1366 916 1404 ex

63 1436 195 1509 passione
213 1437 340 1508 corporis
359 1436 489 1510 quamvis
503 1436 569 1504 alia,
590 1437 620 1492 id
635 1442 727 1492 estex
745 1437 860 1492 alterius
874 1437 917 1492 rei

61 1525 182 1592 visione,
203 1525 393 1595 conjectatum
407 1529 450 1578 est
464 1529 549 1596 atque
569 1530 759 1596 compertum.
776 1528 807 1581 Ε.
827 1525 917 1580 lntel·

63 1613 131 1684 ligo,
149 1619 178 1668 et
200 1613 308 1684 optime
329 1611 409 1668 video
427 1612 502 1668 istud
524 1629 682 1685 congruere
702 1630 734 1668 ac
756 1614 851 1669 lavere
876 1613 918 1668 illi

64 1701 229 1756 definitioni
252 1706 319 1769 tura,
335 1717 424 1772 quam
445 1706 594 1756 ulmeam
615 1701 689 1756 mihi
709 1702 917 1757 defendendam

65 1789 190 1844 dedisti:
216 1804 284 1842 nam
299 1788 338 1844 ita
354 1789 475 1843 memini
489 1805 549 1844 esse
571 1790 621 1845 ahs
635 1793 662 1844 te
678 1806 793 1844 sensum
814 1789 917 1844 delini·

64 1879 138 1943 tuni,
155 1892 220 1931 cum
235 1876 362 1930 animam
378 1893 436 1930 non
447 1877 516 1931 latet
527 1878 603 1950 quod
615 1877 845 1949 patitureorpus.
860 1877 916 1931 lta·

66 1980 123 2036 que
138 1965 209 2019 illud
220 1965 298 2036 qu'od
309 1964 406 2019 fumus
416 1965 539 2035 videtur,
553 1981 667 2020 sensum
677 1981 825 2032 vocamus;
840 1963 918 2037 passi

64 2057 134 2107 sunt
144 2053 222 2108 enim
235 2069 300 2108 eum
317 2053 392 2108 oculi
402 2053 534 2123 videndo,
550 2053 674 2124 quisunt
683 2053 810 2126 corporis
824 2058 919 2125 partes

66 2145 96 2196 ει
109 2157 243 2213 corpora:
256 2141 354 2213 ignem
365 2146 470 2210 autem,
483 2159 515 2197 ex
530 2158 587 2214 que
599 2142 671 2197 nihil
685 2159 788 2214 carpus
802 2145 845 2198 est
856 2159 918 2215 pas-

64 2245 141 2296 sum,
156 2230 287 2301 quamvis
302 2231 434 2302 cognitus
449 2229 546 2298 fuerit,
563 2247 678 2286 sensum
693 2248 751 2286 nou
765 2248 913 2288 vocamus.

99 2320 145 2373 te.
160 2321 200 2373 A.
215 2319 381 2377 Memoriam
396 2318 513 2390 quidem
525 2323 603 2373 tuam
617 2320 708 2390 proha
724 2323 752 2374 et
767 2336 918 2393 sequacem

64 2406 301 2477 intelligentiam
317 2423 417 2462 verum
437 2407 559 2463 munitio
579 2407 628 2462 illa
647 2407 823 2463 delinitionis
836 2408 916 2464 laha·

64 2494 127 2548 scit.
142 2496 177 2552 E.
205 2496 261 2550 Cur
280 2495 398 2566 quase?
410 2497 447 2550 A.
469 2493 541 2561 Quia
558 2512 616 2550 nou
634 2512 732 2566 negas,
749 2501 781 2551 ιιι
804 2496 915 2568 opinor,

64 2582 198 2637 nonnihil
212 2583 275 2654 pati
289 2599 393 2654 corpus
416 2599 481 2638 cum
496 2584 648 2638 crescimus
666 2585 709 2639 vel
725 2585 915 2640 senescimus:

65 2686 161 2742 neque
176 2670 206 2725 id
221 2687 273 2725 nos
287 2671 347 2727 ullo
363 2687 447 2726 sensu
463 2671 568 2726 sentire
589 2672 772 2727 manifestum
792 2677 850 2741 est;
866 2688 918 2727 nee

63 2759 96 2815 id
112 2764 208 2814 umen
218 2759 347 2813 animam
356 2760 434 2814 latet.
449 2760 510 2814 Non
520 2759 608 2831 igitur
622 2776 687 2814 eam
699 2761 766 2814 latet
782 2760 919 2831 quiddam

64 2848 146 2920 quod
161 2848 268 2919 patitur
289 2864 400 2919 corpus,
417 2863 470 2902 nec
487 2852 585 2902 tamen
599 2864 698 2902 sensus
711 2847 765 2903 iste
780 2847 919 2919 appellari

62 2941 170 3008 potest.
181 2935 310 2993 Videndo
321 2936 399 2992 enim
407 2937 517 3007 majora
527 2953 560 2991 ea
570 2952 635 3008 quae
646 2935 919 3008 aliquandomiuora

65 3026 239 3087 videramus,
251 3030 279 3081 ει
288 3025 411 3081 videndo
424 3041 505 3079 senes
520 3041 569 3080 eos
583 3041 655 3097 quos
667 3025 786 3096 juvenes
801 3041 834 3080 ae
847 3041 919 3097 pue-

64 3130 115 3169 ros
129 3113 216 3169 luisse
231 3119 358 3182 constat;
375 3117 569 3183 conjectamus
583 3113 709 3184 aliquam
722 3113 810 3169 talem
825 3118 918 3168 muta-

65 3202 177 3258 tionem
191 3208 290 3258 nostra
313 3219 445 3273 corpora,
468 3202 555 3257 etiam
579 3217 656 3256 nune
671 3202 739 3256 dum
762 3201 917 3273 loquimur,

64 3290 137 3364 pati.
158 3292 256 3363 Neque
274 3290 305 3345 in
329 3307 362 3345 eo
384 3290 522 3358 fallimur,
539 3294 571 3344 ut
589 3288 710 3361 opinor:
726 3305 793 3344 uam
813 3290 919 3362 procli·

64 3380 132 3435 vius
146 3385 196 3446 εει,
212 3385 245 3434 ιιι
259 3395 305 3434 me
319 3378 380 3434 falli
404 3379 496 3436 dicam
519 3378 596 3451 quod
618 3378 712 3446 video,
737 3395 824 3450 quam
843 3379 919 3450 quod

65 3468 198 3539 intelligo
224 3469 342 3539 capillos
360 3484 439 3523 meos
453 3483 531 3522 nune
552 3483 688 3535 crescere,
706 3482 843 3538 corpusve
867 3483 919 3538 per

65 3561 214 3613 momenta
234 3555 353 3613 mutari.
373 3557 457 3621 Quod
479 3556 504 3609 si
519 3555 638 3610 mutatio
661 3555 725 3623 ista,
741 3556 836 3626 passio
857 3571 918 3610 cor·

63 3645 146 3717 poris
160 3650 212 3708 est,
227 3645 305 3716 quod
320 3661 404 3700 nemo
425 3648 521 3715 negat,
538 3661 591 3700 nec
605 3661 682 3699 nunc
697 3645 819 3700 sentitur
834 3661 850 3698 a
864 3661 919 3698 no·

64 3730 123 3801 bis,
144 3747 196 3786 nee
219 3738 316 3787 tamen
337 3731 464 3786 animam
486 3732 565 3797 latet,
585 3731 654 3803 quia
677 3748 731 3786 nos
755 3747 812 3786 nou
834 3732 917 3800 latet;

64 3819 185 3891 patitur,
199 3823 231 3874 ιιι
247 3819 317 3886 dixi,
337 3835 441 3890 corpus
456 3818 534 3890 quod
548 3835 609 3875 non
620 3819 690 3875 latet
709 3818 847 3883 animam,
868 3836 920 3875 nec

66 3923 168 3962 sensus
182 3912 226 3962 est
238 3911 345 3962 tamen
357 3907 450 3972 Quare
464 3907 513 3962 illa
526 3907 664 3975 delinitio,
676 3924 742 3981 quaa
756 3908 828 3963 nihil
841 3909 919 3980 quad

65 4011 169 4051 sensus
181 4011 241 4051 non
257 4000 341 4064 esset,
361 3996 484 4051 debehat
501 3996 659 4064 includere,
679 4013 744 4052 cum
759 3998 813 4053 hec
827 3997 920 4053 inclu-

65 4084 114 4152 sit,
139 4090 215 4140 eerte
239 4084 342 4140 vitiosa
366 4088 419 4142 est.
446 4086 483 4142 Ε.
503 4084 580 4140 Nihil
600 4085 672 4154 mihi
693 4090 800 4141 restare
824 4084 919 4156 video,

65 4189 155 4244 quam
169 4177 202 4227 ut
214 4176 242 4226 te
265 4176 373 4243 petam,
393 4177 426 4228 ut
444 4177 494 4227 aut
517 4171 637 4228 definias
661 4172 754 4239 aliter,
777 4176 826 4228 aut
845 4172 921 4228 haue

66 4277 193 4328 recures,
209 4261 233 4315 si
246 4265 328 4332 potes
340 4278 346 4316 :
360 4277 429 4316 nam
452 4277 515 4316 eam
529 4261 583 4317 ista
603 4263 712 4318 ratione
734 4276 823 4334 quam
834 4262 920 4316 vehe-

65 4352 180 4403 menter
202 4349 304 4419 probo,
333 4348 465 4405 vitiosam
491 4365 552 4405 esse
580 4365 685 4422 negare
708 4366 767 4405 non
790 4365 920 4421 possum.

65 4437 104 4492 A.
122 4436 213 4491 Facile
227 4441 269 4492 est
281 4436 364 4492 istam
387 4439 540 4509 corrigere,
565 4439 643 4510 quod
663 4438 728 4493 volo
750 4441 782 4493 tu
796 4438 919 4493 audeas:

67 4522 154 4578 iacies
168 4523 256 4591 enim,
273 4524 344 4579 mihi
367 4527 460 4594 crede,
475 4525 586 4580 sibene
608 4525 773 4581 intellexisti
792 4525 841 4581 uhi
855 4541 921 4597 pec·

66 4616 122 4667 cet.
147 4614 181 4668 a.
206 4612 280 4666 Num
303 4612 372 4668 alibi
390 4629 477 4685 quam
499 4613 550 4668 ubi
568 4613 661 4669 aliena
683 4613 920 4685 comprehendit?

67 4700 104 4754 A.
121 4700 182 4764 Quo
197 4700 314 4757 tandem
329 4700 432 4755 modo‘l
446 4704 479 4755 Ε.
496 4700 568 4765 Quia
582 4702 659 4772 quod
672 4702 793 4756 senescit
805 4718 919 4773 corpus,

68 4787 199 4858 quamvis
212 4787 243 4841 in
262 4788 379 4858 jurene,
401 4805 460 4843 non
477 4792 572 4859 potest
598 4789 697 4860 negari
711 4791 771 4861 pati
792 4790 922 4861 aliquid3

67 4875 155 4946 idque
170 4890 236 4930 cum
251 4874 365 4943 seimus,
382 4892 439 4931 non
461 4877 529 4932 latet
545 4876 673 4931 animam
690 4877 827 4949 quiddam
842 4879 921 4950 quod

66 4962 177 5033 patitur
195 4980 306 5035 cerpus,
325 4980 419 5036 neque
440 4969 537 5020 temen
556 4965 614 5019 ullo
634 4982 719 5020 sensu
738 4966 849 5037 percipi
868 4983 922 5038 po·

66 5055 139 5106 test:
158 5068 226 5107 nam
249 5069 301 5106 nec
323 5052 406 5108 video
421 5069 467 5108 me
482 5054 570 5109 medo
592 5069 749 5120 senescere,
775 5070 868 5125 neque
891 5055 921 5110 id

67 5139 180 5207 auditu,
203 5145 252 5195 aut
276 5140 391 5211 olfactu,
416 5146 465 5196 aut
488 5146 614 5213 gustatu,
640 5146 689 5195 aut
716 5145 793 5196 tactu
818 5141 921 5198 sentio.

67 5229 104 5284 A.
116 5227 196 5282 Unde
207 5244 275 5300 ergo
286 5229 460 5285 illudnesti?
469 5231 501 5286 ll.
514 5229 632 5284 Ratione
643 5229 674 5284 id
683 5229 797 5300 colligo.
809 5231 844 5286 A.
855 5230 923 5295 Qui-

66 5315 121 5371 bus
135 5318 313 5387 argumentis
326 5318 398 5372 ratio
411 5322 461 5373 tua
474 5318 595 5373 nititur?
610 5320 643 5373 Ε.
659 5318 741 5383 Quod
757 5317 826 5372 alios
838 5318 921 5374 video

66 5420 162 5475 senes,
178 5405 228 5476 qui
243 5413 275 5460 ut
289 5422 343 5478 ego
357 5422 434 5461 nune
444 5422 518 5474 sum,
529 5406 650 5478 iuvenes
662 5409 753 5462 erant.
767 5407 803 5462 A.
820 5407 922 5466 Nonne

66 5509 170 5549 sensus
185 5498 237 5564 est,
253 5510 311 5567 quo
329 5510 378 5552 eos
392 5494 482 5566 vides,
497 5511 573 5552 unus
589 5495 624 5552 de
639 5494 790 5569 quinque?
802 5498 836 5554 E.
854 5497 923 5563 Quis

826 258 934 316 LIBER
957 257 1061 316 UNUS.

1752 271 1822 324 {aaa

971 375 1079 453 negat?
1092 383 1147 438 Sed
1157 399 1191 437 ex
1201 399 1235 438 eo
1245 384 1323 455 quod
1335 384 1399 439 illos
1413 384 1506 456 video,
1522 402 1569 442 me
1584 404 1698 460 quoque
1713 407 1778 445 cum
1792 392 1820 447 id

972 485 1029 523 non
1051 469 1173 537 videam,
1191 471 1318 540 conjecto
1334 487 1489 528 senescere.
1509 474 1544 527 A.
1570 475 1644 538 Quid
1665 477 1818 533 verborum

971 571 1039 626 ergo
1052 556 1094 611 illi
1106 558 1278 623 definitioni,
1293 575 1350 630 quo
1364 561 1528 630 perficietur
1543 563 1706 618 addendum
1719 570 1821 636 putas,

971 661 1037 699 cum
1052 662 1152 701 sensus
1166 664 1224 702 non
1243 647 1288 715 sit,
1310 647 1365 702 nisi
1379 666 1437 704 uon
1451 651 1537 705 lateat
1551 651 1677 706 animam
1692 654 1822 724 corporis

970 733 1076 804 passio,
1093 751 1145 790 nee
1165 739 1260 791 ιειιιειι
1283 736 1323 791 ita
1344 743 1377 792 ut
1392 754 1456 793 eam
1476 755 1527 810 per
1542 739 1627 794 aliam
1641 741 1817 810 passionem,

971 828 1020 877 aut
1043 815 1191 893 per”aliud
1217 824 1365 895 quodlibet
1386 825 1553 899 intelligat?
1573 829 1607 882 li.
1623 827 1683 895 llic,
1711 845 1819 900 quaeso,

971 909 1048 965 istud
1063 912 1149 982 paulo
1161 912 1286 983 planius.

1024 999 1137 1054 CAPUT
1151 1001 1226 1056 xxti.
1242 1030 1277 1042 -
1289 1003 1413 1070 Defieritie
1427 1003 1557 1071 quomode
1570 1004 1765 1060 examinanda.

1005 1089 1050 1142 tt.
1074 1089 1111 1142 A.
1135 1089 1237 1144 Geram
1259 1088 1311 1144 tibi
1330 1107 1450 1161 morem,
1470 1096 1499 1147 et
1515 1094 1604 1149 multo
1620 1094 1756 1149 libentius
1772 1110 1817 1149 re-

971 1171 1097 1227 tardanti
1111 1191 1199 1246 quam
1214 1177 1378 1232 festinanti:
1398 1179 1447 1232 scd
1462 1179 1505 1233 lac
1519 1184 1596 1235 totus
1611 1181 1695 1247 adsis,
1714 1183 1819 1238 valebit

971 1259 1048 1313 enim
1058 1261 1112 1315 hoe
1124 1262 1159 1316 ad
1168 1264 1250 1333 plura
1262 1265 1339 1334 quod
1350 1265 1452 1319 dicam.
1474 1267 1606 1322 Definitio
1622 1270 1694 1324 nihil
1710 1271 1818 1341 minus,

972 1347 1043 1402 nihil
1057 1350 1181 1419 amplius
1196 1352 1332 1418 continet,
1349 1368 1436 1423 quam
1453 1353 1484 1407 id
1504 1355 1581 1425 quod
1596 1363 1760 1427 susceptum
1775 1364 1819 1413 εει

972 1435 1172 1507 explicandum
1182 1454 1189 1504 ;
1201 1438 1412 1494 aliteromnino
1427 1440 1528 1495 vitiosa
1543 1445 1593 1496 est.
1610 1444 1711 1497 Utrum
1726 1448 1822 1499 autem

970 1523 1135 1595 hujusmodi
1159 1526 1235 1581 vitiis
1271 1532 1375 1595 careat,
1410 1529 1596 1583 conversione
1638 1530 1819 1600 exploratur:

972 1612 1050 1683 quod
1060 1612 1105 1667 his
1123 1614 1260 1685 exemplis
1274 1615 1328 1670 tibi
1352 1617 1401 1670 liet
1422 1617 1558 1686 apertius.
1575 1616 1602 1671 Si
1618 1616 1696 1672 euim
1713 1634 1758 1672 me
1773 1635 1820 1672 ro-

972 1716 1055 1770 gares
1069 1701 1138 1772 quid
1154 1707 1228 1758 esset
1240 1702 1337 1770 homo,
1354 1707 1383 1757 et
1397 1719 1463 1758 eum
1478 1704 1533 1758 hoc
1548 1704 1635 1759 modo
1650 1706 1819 1776 detinerem,

972 1789 1062 1842 llomo
1077 1793 1120 1844 εει
1133 1789 1239 1844 animal
1258 1791 1395 1860 mortale;
1415 1807 1474 1846 non
1486 1792 1623 1847 continuo
1638 1793 1705 1864 quia
1720 1809 1821 1848 verum

972 1876 1080 1931 dictum
1099 1882 1151 1946 est,
1167 1877 1256 1933 etiam
1271 1878 1468 1934 definitionem
1482 1881 1604 1950 probare
1623 1882 1751 1950 deheres,
1772 1883 1820 1937 sed

972 1965 1151 2035 superposita
1174 1964 1200 2019 ei
1223 1965 1372 2037 particula,
1393 1967 1423 2021 id
1446 1971 1499 2035 est,
1523 1968 1627 2039 omnis,
1653 1973 1821 2026 convertere

971 2051 1052 2106 illam
1075 2056 1104 2108 et
1125 2052 1243 2125 intueri,
1262 2061 1359 2110 utrum
1383 2055 1470 2110 etiam
1493 2072 1629 2111 conversa
1648 2073 1715 2112 vera
1729 2061 1821 2113 esset:

971 2140 1026 2194 hoe
1036 2145 1089 2205 est,
1100 2146 1198 2197 utrum
1207 2143 1449 2215 quemadmodum
1458 2161 1557 2199 verum
1569 2151 1621 2212 est,
1633 2146 1824 2200 omnishomo

973 2228 1079 2283 animal
1101 2232 1224 2287 mortale
1243 2235 1302 2299 est;
1327 2231 1368 2287 ita
1389 2237 1463 2287 esset
1480 2249 1593 2300 verum,
1617 2249 1703 2287 omne
1717 2232 1825 2288 animal
1932 2297 1934 2304 Α

972 2318 1092 2371 mortale
1123 2316 1210 2373 homo
1237 2324 1295 2374 est:
1320 2335 1378 2390 quo
1402 2319 1485 2375 aliter
1508 2319 1637 2386 invento,
1661 2319 1823 2390 improbare

973 2403 1171 2461 definitionem
1194 2411 1313 2478 propter
1333 2407 1404 2461 illud
1425 2407 1527 2461 vitium
1552 2423 1610 2478 quo
1634 2406 1728 2489 aliena
1743 2422 1824 2462 eom-

972 2493 1125 2563 prehendit
1136 2514 1144 2562 3
1156 2511 1213 2550 non
1227 2495 1305 2549 enim
1320 2496 1397 2550 solus
1411 2495 1498 2550 homo
1514 2499 1557 2550 est
1570 2495 1677 2550 animal
1691 2496 1825 2563 mortale,

973 2581 1022 2635 sed
1037 2582 1124 2637 etiam
1134 2582 1242 2654 quaevis
1256 2582 1357 2637 bestia.
1374 2584 1439 2638 llaec
1452 2583 1541 2654 igiter
1554 2582 1681 2637 hominis
1695 2582 1823 2638 delinitio

972 2669 1071 2742 perlici
1095 2671 1177 2738 solet,
1202 2687 1268 2725 cum
1292 2671 1408 2726 additur
1434 2671 1549 2725 mortali
1572 2671 1733 2726 rationale:
1757 2687 1825 2727 nam

972 2758 1061 2812 hamo
1077 2763 1120 2814 est
1139 2757 1246 2814 animal
1266 2759 1386 2814 mortale
1402 2759 1560 2826 rationale3
1576 2763 1664 2830 atque
1679 2764 1711 2814 ut
1730 2759 1836 2814 omnis

972 2844 1059 2900 homo
1076 2847 1182 2901 animal
1200 2847 1340 2903 rationale
1356 2847 1476 2902 mortale
1491 2852 1544 2916 est,
1559 2845 1601 2901 ita
1615 2863 1702 2901 omne
1717 2847 1824 2902 animal

974 2934 1114 2989 rationale
1128 2936 1249 2990 mortale
1263 2937 1350 2990 homo
1365 2939 1416 2990 est.
1433 2935 1499 2988 Plus
1513 2934 1684 2989 continendo
1699 2950 1768 3004 ergo
1781 2950 1826 2989 su·

972 3022 1070 3093 perier
1089 3023 1217 3077 delinitio
1234 3023 1335 3078 vitiosa
1357 3027 1427 3091 erat,
1445 3023 1564 3078 bestiam
1590 3022 1667 3077 euim
1685 3039 1752 3078 curn
1767 3023 1824 3077 ho-

973 3110 1051 3165 mine
1072 3112 1253 3167 continebat:
1270 3111 1325 3166 ista
1347 3111 1472 3184 perfecta
1496 3115 1556 3179 est;
1572 3100 1638 3166 nam
1655 3115 1684 3166 et
1709 3126 1825 3168 omnem

973 3199 1130 3264 hominem,
1140 3205 1169 3256 et
1177 3200 1250 3256 nihil
1262 3201 1415 3273 plusquam
1426 3200 1575 3254 homiuem
1586 3203 1674 3255 tenet.
1691 3200 1825 3254 Tenendo

974 3293 1071 3343 autem
1086 3289 1191 3358 minus,
1212 3288 1254 3344 ita
1266 3289 1367 3343 vitiosa
1380 3294 1422 3343 εει
1435 3287 1460 3342 si
1481 3289 1567 3343 addas
1585 3288 1822 3360 grammaticum:

973 3393 1139 3450 quanquam
1152 3378 1230 3433 euim
1239 3393 1324 3434 omne
1334 3378 1441 3432 animal
1452 3377 1590 3431 rationale
1602 3377 1824 3448 mortalegram·

974 3467 1111 3522 matteum
1125 3468 1212 3522 homo
1228 3466 1273 3533 sit,
1289 3452 1387 3538 plures
1401 3470 1499 3520 ιειιιειι
1513 3465 1656 3532 homiues,
1671 3465 1721 3537 qui
1731 3480 1826 3536 gram-

974 3555 1070 3611 malici
1083 3571 1142 3610 non
1158 3560 1234 3623 sunt,
1251 3556 1305 3609 hac
1318 3553 1485 3609 delinitione
1501 3569 1561 3607 non
1580 3553 1779 3608 continentur:
1798 3556 1827 3607 ει

973 3641 1010 3697 ob
1020 3643 1074 3697 hee
1084 3643 1139 3698 ista
1152 3658 1203 3713 per
1215 3643 1339 3714 primam
1352 3642 1431 3696 illam
1441 3641 1669 3713 propositionem
1679 3640 1824 3712 falsa1est3

974 3746 1040 3785 cum
1054 3736 1151 3787 autem
1164 3731 1350 3799 convertitur,
1365 3747 1441 3786 vera.
1452 3731 1565 3786 Falsum
1580 3733 1620 3784 est
1631 3729 1719 3798 enim,
1731 3729 1827 3785 omnis

973 3817 1061 3874 home
1072 3820 1179 3875 animat
1193 3820 1459 3876 rationalemortale
1474 3817 1695 3891 grammaticum
1709 3819 1827 3887 est;sed

974 3923 1074 3963 verum
1085 3914 1137 3977 est,
1153 3926 1238 3965 omne
1249 3909 1356 3965 animal
1370 3909 1510 3965 rationale
1526 3908 1647 3963 mortale
1663 3907 1828 3978 grammati·

974 4014 1040 4053 cum
1059 3998 1147 4054 homo
1160 4002 1213 4054 est.
1241 3999 1313 4054 Cum
1340 4005 1436 4054 autem
1460 4014 1512 4069 per
1534 3997 1659 4069 primam
1694 3997 1828 4067 propesi-

974 4086 1095 4153 tienem,
1109 4103 1203 4158 neque
1213 4084 1642 4158 percoaversionemenuntiata
1652 4083 1829 4150 vereest,his

975 4174 1097 4246 singulis
1109 4179 1138 4230 ει
1154 4175 1283 4246 proiecto
1293 4175 1424 4231 vitiosior
1434 4191 1440 4229 :
1452 4179 1483 4228 ιιι
1496 4177 1564 4229 sunt
1573 4172 1636 4227 istae
1650 4172 1723 4237 due,
1740 4172 1828 4226 homa

975 4261 1133 4317 estanimal
1142 4262 1476 4332 candidum;aut,homu
1486 4261 1640 4317 estauimal
1650 4259 1826 4330 quadrupes.

975 4350 1047 4405 Nam
1057 4354 1086 4404 et
1095 4348 1119 4403 si
1128 4349 1215 4416 dicas,
1226 4349 1320 4405 omnis
1333 4354 1419 4406 hemo
1428 4348 1534 4404 animal
1544 4347 1699 4403 candidum
1710 4351 1753 4401 est
1764 4351 1830 4414 3aut

975 4436 1260 4509 animalquadrupes,
1269 4438 1370 4493 falsum
1381 4438 1449 4494 dieis
1460 4454 1466 4504 ;
1479 4437 1536 4492 etsi
1547 4440 1702 4491 convertas.
1710 4435 1825 4491 Sedhoe

975 4525 1051 4581 inter
1064 4542 1093 4580 se
1104 4525 1251 4587 differunt,
1267 4529 1343 4599 quod
1353 4527 1402 4582 illa
1416 4525 1512 4598 prima
1525 4525 1556 4579 in
1570 4524 1681 4596 aliquos
1693 4523 1826 4579 homines

975 4615 1066 4683 cadit;
1081 4631 1149 4670 nam
1163 4615 1295 4687 plerique
1315 4619 1382 4671 sient
1402 4613 1535 4670 homines
1549 4613 1678 4668 candidi:
1702 4613 1763 4668 haec
1785 4614 1826 4668 al-

976 4708 1038 4758 tera
1052 4703 1084 4758 in
1094 4704 1251 4769 neminem,
1268 4696 1327 4758 n'on
1340 4703 1417 4757 enim
1433 4702 1585 4774 quisquam
1601 4701 1689 4757 horno
1703 4697 1828 4774 quadru-

975 4808 1036 4863 pes.
1055 4793 1120 4848 lioec
1131 4810 1183 4865 pro
1199 4796 1327 4863 tempore
1341 4791 1377 4846 ad
1392 4792 1579 4861 explorandas
1589 4789 1775 4845 definitiones
1788 4791 1830 4846 di·

977 4879 1090 4947 diceris,
1112 4880 1357 4952 quemadmodum
1381 4878 1577 4950 propositione
1600 4885 1686 4950 atque
1707 4895 1829 4934 conver-

977 4968 1059 5023 sione
1071 4969 1254 5040 judicentur:
1271 4973 1339 5022 sunt
1352 4967 1407 5022 alia
1421 4967 1511 5021 multa
1525 4968 1560 5022 de
1580 4966 1635 5022 hoe
1647 4982 1753 5038 genere
1764 4982 1828 5037 quae

978 5058 1125 5124 docentur,
1148 5061 1176 5111 ει
1198 5057 1352 5112 verborum
1384 5056 1470 5128 plena
1492 5059 1524 5117 et¹
1547 5056 1827 5126 tenebrarumque

977 5146 1117 5216 paulatim
1122 5144 1172 5201 ubi
1181 5147 1377 5216 opportunum
1388 5143 1539 5212 videbitur,
1550 5144 1676 5199 conabor
1685 5148 1717 5198 ut
1727 5142 1827 5198 discas.

1013 5235 1057 5289 48.
1074 5234 1154 5288 Nune
1173 5239 1305 5289 converte
1325 5232 1456 5288 animum
1478 5233 1513 5287 ad
1531 5232 1612 5287 illam
1631 5229 1829 5286 definitionem

978 5326 1117 5392 nostram,
1141 5326 1168 5377 ει
1191 5338 1254 5377 eam
1276 5321 1398 5395 peritior
1416 5337 1482 5377 eum
1505 5308 1681 5387 discusseris,
1698 5319 1829 5391 corrige:

978 5408 1180 5466 inveneramus
1196 5410 1275 5492 enim
1299 5427 1373 5479 eam,
1389 5427 1455 5466 eum
1475 5409 1605 5465 delinitio
1626 5423 1726 5464 sensus
1746 5412 1829 5476 esset,

979 5499 1131 5572 complecti
1145 5497 1223 5558 atiud
1237 5499 1315 5574 quod
1329 5515 1430 5557 sensus
1454 5514 1515 5555 non
1532 5500 1617 5565 esset,
1635 5501 1663 5552 et
1684 5494 1748 5552 ideo
1771 5511 1831 5551 nen
