3884 6112
87 250 153 303 1335
485 237 544 311 {DE
562 237 720 295 doninus·
738 235 949 293 carboniam*
968 218 1160 303 ECCLESIAE,
1182 234 1207 289 S.
1230 230 1426 289 eudusttltl
1789 236 1831 289 ldt

86 368 298 426 dissolvendum
313 365 477 421 delitescere
493 360 609 417 sinam?
624 360 689 415 Non
703 358 824 415 faciam:
839 358 934 414 aderit
986 363 1150 430 corruptam
1178 371 1239 411 esse
1259 352 1419 422 contendis,
1448 351 1549 408 aliam
1582 350 1720 423 proteres
1739 351 1833 410 mors

85 460 120 516 de
131 457 263 530 proximo
272 453 422 524 Deusipse,
433 452 513 522 cnjus
523 451 572 505 iila
581 452 723 520 precepta
732 451 813 515 sunt;
826 464 877 502 nec
886 463 933 502 me
987 452 1078 519 ptam,
1087 445 1229 502 vcialium
1241 444 1369 500 codicem
1382 442 1498 515 potius,
1518 442 1556 496 in
1571 456 1637 512 quo
1652 441 1833 516 ejusdemlpe

87 547 118 602 in
133 545 219 602 tantis
233 542 372 614 angustiis
385 541 499 611 inopem
521 553 553 591 ac
563 537 710 592 desertum
722 552 784 591 esse
794 537 930 607 patietur.
988 536 1053 591 stoli
1067 536 1167 591 eadcm
1188 533 1313 605 Epistola
1328 533 1444 589 sincera
1463 535 1496 586 et
1511 530 1700 601 incorrupta
1711 532 1835 603 conscdpu

147 633 259 689 CAPUT
273 631 359 686 XXIX.
376 632 456 683 -Dc
469 628 675 696 scripturarum
685 629 860 681 auctoritate.
989 624 1036 679 sit.
1056 625 1119 680 Nou
1142 622 1255 692 faciam,
1281 621 1386 693 inquis,
1405 637 1446 675 ne
1471 620 1544 691 ipse
1567 617 1741 690 corrupisse
1754 621 1834 674 credm
1855 646 1858 655 ·

124 726 168 777 59.
179 719 371 786 Quamobrem
386 716 512 770 adestote
526 713 640 781 animis,
662 713 819 775 Manichaei,
846 713 870 767 si
884 712 935 784 qui
989 715 1043 769 boc
1057 712 1136 768 enlm
1150 711 1247 767 soletis
1260 711 1371 778 dicere,
1386 713 1417 764 et
1431 723 1549 764 verum
1560 706 1668 762 dicitis
1680 724 1688 760 :
1705 707 1772 762 nihil
1783 725 1835 781 pru·

88 813 161 868 torte
178 810 228 865 ilia
241 805 443 878 superstitione
458 804 497 857 ita
522 801 671 869 tenemini,
694 805 726 856 ut
744 802 863 855 eradere
886 798 936 853 ali·
989 800 1125 857 sussliud
1139 799 1359 872 suspicabuntur
1370 799 1414 853 vel
1430 795 1642 854 mediocriter
1655 796 1765 851 cordati
1776 798 1835 852 bon?-

89 899 203 973 quando
218 896 340 968 possitis.
367 894 512 958 Adestote,
541 891 670 963 inquam,
691 889 752 944 sine
767 888 935 960 pertinacia,
990 906 1052 957 nes,
1069 889 1093 943 si
1108 888 1161 943 hoc
1171 888 1279 944 leceris.
1289 887 1359 943 Vide
1373 903 1445 958 ergo
1460 891 1496 941 tu
1514 886 1588 958 ipse
1604 885 1684 958 qnid
1697 884 1733 940 de
1746 889 1834 940 aaron

88 988 149 1042 sinc
163 985 256 1040 studio
271 980 441 1037 resistendi:
457 996 526 1034 nam
538 979 622 1033 aliter
638 978 716 1032 vobis
729 975 936 1049 perniciosissi-
991 983 1049 1035 tate
1062 982 1112 1032 tua
1133 976 1324 1048 judicaveris:
1340 980 1369 1032 et
1382 974 1525 1047 intellige
1556 979 1668 1029 utrum
1699 974 1754 1028 tuis
1775 975 1834 1029 reli

89 1091 169 1130 mum
185 1072 369 1143 cstjudicare.
385 1070 466 1124 Certe
477 1068 554 1122 enim
565 1066 673 1121 nemini
689 1066 810 1121 dubium
819 1069 870 1127 est,
885 1080 939 1119 nec
992 1071 1089 1122 contra
1102 1065 1166 1120 illas
1180 1064 1337 1136 Scripturas
1357 1063 1478 1118 credere
1502 1062 1659 1127 debeant,
1679 1062 1705 1116 si
1718 1061 1832 1127 codicid

89 1162 181 1218 aversi
197 1177 244 1214 ros
258 1159 299 1214 ita
313 1158 379 1212 estis
394 1173 410 1210 a
424 1173 500 1221 vero,
518 1160 548 1211 ut
563 1171 622 1210 non
637 1154 813 1225 intelligatis,
829 1153 853 1208 si
872 1152 938 1208 dili·
992 1156 1046 1211 hoc
1061 1156 1155 1209 solum
1166 1154 1242 1225 quod
1257 1152 1305 1208 abs
1318 1157 1345 1208 te
1357 1151 1524 1223 profertur,
1549 1166 1678 1223 magnas
1703 1154 1835 1207 remmus

91 1267 158 1323 gere
175 1251 265 1309 Deum
284 1253 312 1302 et
334 1245 507 1317 proximum,
535 1244 644 1298 bonum
660 1246 712 1309 cst,
733 1241 811 1314 quod
833 1255 939 1311 negare
993 1247 1035 1299 cst
1049 1243 1174 1298 credere.

90 1356 176 1396 nemo
191 1341 300 1410 potest,
318 1333 457 1406 quidquid
474 1332 563 1387 inhis
576 1331 688 1386 duobus
702 1329 853 1401 preceptis
867 1345 940 1401 pen·
995 1333 1107 1388 CAPUT
1121 1332 1194 1386 XXX.
1220 1361 1253 1370 -
1275 1329 1447 1400 Apostrophe
1466 1327 1511 1383 ad
1539 1329 1708 1384 Ecclesiam
1729 1331 1835 1385 totiesse

92 1429 149 1495 det,
164 1423 321 1495 vituperari
332 1423 397 1492 jure
408 1436 468 1475 non
483 1437 576 1492 posse.
592 1419 664 1484 Quid
680 1434 749 1489 ergo
767 1417 848 1473 iniis
868 1433 940 1489 pen·
1044 1421 1156 1491 pientia
1172 1421 1340 1488 magistrum.
1358 1419 1493 1474 Doctrina
1512 1419 1672 1473 catholicae
1686 1419 1805 1473 Baetem

94 1515 170 1580 dect,
186 1511 341 1566 ridiculum
360 1512 403 1563 est
416 1508 440 1561 si
452 1524 470 1561 a
482 1523 529 1561 me
554 1505 743 1578 quaerendum
757 1520 817 1560 esse
838 1509 939 1576 putas;
1031 1512 1075 1565 dn.
1087 1508 1141 1564 Sed
1156 1507 1225 1579 quid
1238 1506 1305 1561 hinc
1318 1507 1401 1577 plura
1414 1506 1429 1560 ι
1444 1504 1523 1570 Quis
1540 1505 1630 1560 enim
1647 1519 1712 1559 non
1722 1504 1836 1559 uterer

93 1601 189 1674 ipsum
202 1598 345 1653 Christum
362 1595 440 1662 audi,
456 1595 533 1661 audi,
557 1595 687 1667 inquam,
704 1594 858 1663 Christum,
874 1593 941 1649 audi
995 1595 1316 1671 quicontraScripturas
1327 1593 1503 1649 christianas
1517 1594 1590 1649 haec
1600 1593 1838 1660 audentdicere,d

95 1689 145 1745 Dei
160 1685 351 1758 Sapientiam:
367 1685 408 1753 ιΙιι
422 1684 475 1751 liis,
487 1682 592 1754 inquit,
615 1682 717 1737 duobus
729 1684 871 1752 preceptis
886 1686 942 1737 tota
996 1685 1079 1741 illlud
1093 1700 1151 1739 non
1160 1683 1217 1738 sint
1225 1683 1301 1754 quod
1308 1682 1443 1737 homines
1452 1681 1675 1752 suspicantur,
1692 1684 1838 1735 oertetann

94 1779 150 1832 dec
162 1774 271 1844 perdet,
288 1776 312 1826 ct
326 1785 414 1826 omnes
424 1770 563 1839 Prophetae
577 1770 684 1840 (Matri.
697 1785 763 1836 rxn,
779 1769 834 1840 40).
997 1790 1055 1829 non
1079 1788 1140 1828 esse
1154 1770 1346 1826 christianos?
1361 1771 1433 1824 Nam
1460 1767 1655 1825 Christianis
1670 1769 1734 1824 hoec
1747 1769 1801 1824 data
1813 1773 1839 1823 et

129 1865 174 1918 60.
190 1860 264 1927 Quid
282 1861 337 1914 hoc
359 1858 421 1913 loco
450 1862 542 1930 potest
565 1857 659 1912 dicere
692 1856 944 1929 impudentissima
997 1863 1089 1918 forma
1099 1859 1223 1926 vivendi,
1237 1865 1269 1913 ut
1278 1857 1432 1929 diligamus
1445 1857 1623 1912 Dominum
1637 1859 1733 1913 licum
1746 1863 1840 1913 aarum

95 1948 272 2025 pertinacia?
287 1950 347 2003 Non
358 1948 412 2002 hoc
425 1947 569 2002 Christum
582 1946 709 2002 dixisse?
721 1949 758 2001 tlt
772 1947 803 2001 in
815 1947 942 2017 Evange·
998 1948 1197 2013 extotocorde,
1208 1951 1237 2004 et
1248 1963 1281 2001 ex
1289 1950 1347 2000 tota
1358 1945 1466 2014 anima,
1478 1949 1514 2000 et
1525 1963 1565 2001 cx
1576 1950 1645 2002 tota
1653 1952 1761 2014 mente,
1770 1946 1839 2002 deind

95 2041 134 2095 lio
152 2039 237 2094 verba
248 2038 309 2108 ejus
319 2037 373 2091 ista
385 2035 544 2106 conscripta
559 2040 636 2089 sunt.
653 2036 766 2089 Falsum
781 2051 841 2090 esse
861 2034 945 2105 scrip·
998 2037 1162 2112 proximum
1172 2040 1300 2091 nostrum
1308 2038 1447 2106 tanquam
1457 2035 1691 2107 nosmetipsos:
1703 2038 1732 2088 ia
1745 2034 1841 2090 discam

95 2130 182 2183 tum?
201 2125 273 2192 Quid
297 2126 352 2179 boc
378 2123 526 2194 sacrilegio
553 2123 644 2194 magis
673 2123 796 2194 impium
822 2123 945 2195 reperiri
999 2127 1102 2184 duobus
1115 2127 1257 2197 preceptis
1281 2127 1337 2178 tota
1351 2125 1406 2178 ier
1418 2122 1543 2193 pendet,
1560 2129 1590 2178 et
1615 2139 1713 2179 omnes
1727 2124 1840 2194 Propter.

96 2216 215 2287 potest?
229 2212 299 2284 quid
310 2212 364 2267 ista
378 2227 445 2265 voce
468 2210 687 2282 impudentius?
702 2211 773 2283 quid
787 2211 945 2267 audacius?
1001 2217 1196 2288 (Deut.v1‚5.;
1212 2214 1309 2269 Metili.
1332 2228 1399 2279 xxu,
1415 2215 1474 2282 37).
1496 2212 1624 2279 blerito,
1642 2212 1767 2268 Ecclesia
1777 2213 1842 2267 atio

96 2303 166 2374 quid
185 2300 367 2356 sceleratius?
382 2299 606 2354 simulacrorum
621 2300 753 2364 cultores,
777 2300 827 2371 qui
840 2300 944 2355 Christi
999 2304 1054 2359 lica
1067 2307 1157 2358 mater
1171 2302 1397 2358 Christianorum
1406 2300 1583 2368 verissima,
1600 2317 1667 2356 non
1678 2301 1843 2372 solumipsm

97 2391 184 2446 etiam
202 2403 307 2443 nomen
322 2387 454 2451 oderunt,
472 2401 622 2458 nunquam
639 2386 694 2440 hoc
712 2386 849 2441 adversus
871 2388 945 2442 Scri·
1001 2391 1192 2462 Deum,cujus
1207 2389 1319 2461 adeptio
1331 2389 1387 2442 rita
1398 2392 1441 2443 est
1456 2388 1654 2445 beatissima.
1674 2389 1843 2462 purimuee

97 2483 195 2550 pturas
217 2476 280 2530 ilias
299 2474 360 2529 ausi
384 2477 450 2528 sunt
477 2473 582 2528 dicere.
597 2475 793 2545 Conseqaetur
820 2491 945 2548 namque
1001 2497 1057 2552 que
1071 2478 1226 2535 castissime
1236 2478 1388 2532 colendum
1401 2477 1572 2548 praedicas3
1585 2477 1844 2549 nullamnobiseto

97 2565 227 2622 omnium
240 2564 403 2618 litterarum
417 2578 529 2617 summa
544 2562 697 2634 perversio,
713 2566 742 2618 et
752 2563 883 2619 omniurn
896 2565 947 2637 qni
1000 2568 1118 2624 rendam
1127 2570 1287 2622 creaturam
1300 2565 1451 2634 inducens,
1466 2566 1520 2620 cui
1532 2568 1656 2623 servire
1664 2569 1843 2639 jubeamur3e

102 2652 250 2710 memorie
272 2650 401 2706 mandati
428 2656 495 2706 sunt
518 2651 659 2705 librorum
676 2650 803 2718 abolitio,
824 2652 945 2723 siquod
1002 2652 1846 2726 abillaincorruptaetinriolabiliaeternitate,cuisoiilront

99 2746 177 2798 tanta
182 2739 358 2812 populorum
369 2739 509 2810 religione
523 2739 692 2794 roboratum
701 2745 752 2809 est,
765 2744 843 2795 tanta
853 2740 946 2796 homi-

99 2846 170 2886 num
185 2833 214 2884 et
228 2833 392 2899 temporum
402 2826 589 2882 consensione
604 2827 761 2896 firmatum,
774 2828 803 2883 in
819 2829 891 2883 banc
901 2829 949 2884 du·

99 2916 267 2972 bitatiouem
282 2914 442 2981 adducitur,
458 2920 490 2969 ut
501 2931 536 2968 ne
548 2914 675 2969 historice
690 2915 807 2987 quidem
822 2917 948 2987 vulgaris

100 3005 188 3062 fidem
200 3003 290 3077 possit
307 3003 533 3075 gravitatemque
548 3002 688 3058 obtinere.
716 3005 862 3060 Postremo
878 3005 948 3076 quid

99 3094 134 3149 dc
150 3091 297 3162 scripturis
314 3091 379 3145 ullis
399 3091 529 3161 proferre
544 3089 662 3162 poteris,
679 3090 727 3146 nbi
743 3090 815 3145 mihi
838 3091 881 3145 uti
896 3091 948 3145 hac

104 3197 168 3238 soce
183 3196 241 3236 non
260 3180 352 3246 liceat,
373 3179 398 3233 si
419 3184 518 3233 contra
538 3195 633 3235 mcum
645 3179 892 3234 ratiocinationem
905 3178 948 3235 in·

102 3269 318 3338 tentionemque
332 3266 518 3338 proferatur?

137 3360 181 3412 ot.
197 3355 269 3411 illud
281 3370 347 3411 vero
361 3354 425 3427 quis
443 3353 516 3408 terre
539 3353 639 3424 possit,
669 3353 747 3426 quod
762 3371 815 3409 nos
833 3354 947 3410 notissi-

101 3444 156 3501 mis
170 3461 202 3500 ac
213 3445 273 3516 jam
283 3445 313 3498 in
329 3443 461 3498 manibus
471 3442 600 3498 omnium
611 3442 701 3498 Libris
712 3442 873 3498 constitutis
887 3460 948 3499 cre-

102 3533 168 3589 dere
182 3537 288 3600 vetant,
305 3537 334 3587 et
348 3533 383 3587 iis
399 3548 464 3604 quae
490 3531 545 3602 ipsi
562 3531 719 3603 proterunt,
745 3530 890 3604 imperant
916 3537 950 3588 ut

101 3622 272 3677 credamus?
293 3620 322 3676 si
336 3620 371 3675 de
400 3620 541 3691 scriptura
556 3619 745 3674 dubitandum
772 3623 822 3687 est,
841 3620 876 3674 de
892 3637 950 3691 qua

102 3709 290 3780 magisquam
305 3724 369 3780 quae
383 3708 525 3763 diffamari
540 3724 599 3762 non
614 3708 730 3777 meruit,
745 3724 845 3779 quare
854 3708 949 3780 potuit

102 3798 154 3853 sub
169 3796 288 3852 nornine
302 3796 357 3851 alio
376 3800 435 3850 tota
449 3794 588 3850 mentiri?
601 3795 637 3864 ‚Si
655 3795 739 3849 istam
752 3795 835 3850 obdis
848 3795 948 3866 invito,

102 3889 132 3940 ct
146 3884 323 3939 auctoritatis
338 3884 558 3955 exaggeratione
573 3883 650 3954 cogis
672 3883 702 3937 in
717 3883 803 3938 iidem
817 3883 826 3917 ¹
838 3901 845 3951 ;
857 3900 948 3955 egone

102 3971 137 4027 de
151 3971 211 4038 illa,
228 3986 315 4042 quam
328 3976 491 4025 constanter
514 3970 651 4024 latissime
666 3969 839 4042 divulgatam
854 3971 947 4038 video,

101 4065 131 4116 et
142 4059 327 4115 Ecclesiarum
337 4075 388 4131 per
403 4063 494 4113 totum
517 4058 616 4113 orbem
636 4057 828 4129 dispersarum
853 4062 948 4114 conte-

102 4151 220 4206 statione
235 4150 387 4217 munitam,
403 4148 540 4204 dubitabo
556 4148 652 4216 miser,
669 4153 705 4217 et,
722 4149 800 4221 quod
810 4154 852 4204 est
865 4149 949 4204 mise-

100 4238 170 4307 rius,
187 4244 214 4295 te
227 4242 341 4293 auctore
351 4236 513 4294 dubitabo?
528 4238 599 4292 Cum
611 4237 636 4291 si
651 4237 823 4310 exemplaria
839 4238 948 4309 profer·

101 4344 145 4383 res
157 4330 257 4398 altera,
271 4332 369 4384 tenere
384 4343 444 4382 non
458 4325 602 4393 deberem,
622 4326 677 4381 nisi
692 4343 725 4381 ea
739 4343 804 4399 quae
819 4325 949 4398 plurium

99 4417 284 4472 consensione
308 4415 595 4482 commendarentur,
615 4430 691 4469 nunc
713 4415 786 4470 nibil
807 4415 947 4487 teproie·

100 4510 180 4559 rente
204 4504 282 4575 qaod
297 4505 435 4573 conteras,
456 4507 561 4575 prester
574 4501 770 4557 inanissimam
791 4519 889 4558 vocem
905 4507 947 4558 te-

100 4591 513 4665 meritatisqueplenissimam,
528 4589 642 4663 putabis
658 4606 747 4662 usque
767 4591 838 4646 adeo
856 4607 948 4662 genus

100 4679 259 4735 humanum
270 4696 331 4735 esse
345 4696 523 4750 perversum,
540 4684 569 4734 et
580 4678 682 4734 dirinae
691 4678 878 4750 providentior
893 4696 947 4752 ope

100 4767 255 4832 desertum,
271 4772 312 4834 Ιἰιι
335 4767 392 4822 illis
406 4768 570 4840 Scripturis,
588 4784 645 4823 non
662 4783 679 4822 a
697 4771 725 4822 tc
740 4768 863 4839 prolatas
878 4768 947 4824 alias

100 4855 204 4929 quibus
212 4855 432 4926 redarguantur,
447 4858 496 4913 sed
512 4863 559 4913 tua
569 4861 680 4913 tantum
692 4858 948 4929 verbaproeponat?

99 4943 290 5002 Prolerendus
305 4948 347 4998 est
362 4961 485 5017 namque
501 4946 554 5002 tibi
570 4946 642 5001 alius
658 4946 747 5002 codex
762 4946 861 5001 eadem
875 4962 946 5002 con-

98 5035 205 5105 tinens,
220 5034 269 5089 sed
285 5038 380 5088 tamen
395 5033 576 5106 incorruptus
590 5041 619 5091 et
631 5034 737 5106 verior,
751 5035 801 5091 ubi
821 5035 945 5093 solade-

98 5125 155 5180 sint
168 5141 202 5181 ca
216 5140 281 5196 quor
304 5121 350 5178 bic
363 5121 491 5178 immissa
505 5109 566 5180 esse
580 5125 749 5180 criminaris.
767 5126 802 5180 Ut
816 5124 850 5189 si,
865 5122 945 5181 verbi

97 5230 193 5284 causa,
208 5212 290 5269 Pauli
306 5211 471 5284 Epistulam,
487 5228 552 5284 qnae
567 5214 603 5268 ad
617 5215 762 5269 Romanos
776 5213 881 5285 scripta
891 5217 943 5282 est,

30 5413 32 5415 ,
128 5365 136 5398 ¹
148 5363 363 5414 Theodericensis
372 5361 464 5413 codex:
476 5362 508 5412 itt
520 5362 689 5413 auctoritatis
699 5366 880 5428 rcttorseccpts
890 5365 944 5416 erl·

65 5456 70 5463 ,
96 5426 189 5487 aecta
198 5421 284 5489 tidem.
296 5426 398 5477 dliiser
409 5426 630 5478 :massariciis
642 5437 803 5489 ecoooerore
813 5429 944 5480 cottam

96 5487 164 5549 copta
172 5490 200 5538 tn
210 5485 298 5552 finem.

1002 2742 1195 2815 subjiciendus
1211 2747 1264 2808 est,
1280 2740 1325 2795 cui
1336 2741 1389 2795 soli
1406 2741 1571 2797 rationalis
1590 2743 1701 2800 anima
1709 2741 1842 2800 echanolt

1001 2848 1061 2887 non
1068 2831 1170 2885 misera
1180 2835 1232 2897 est,
1244 2829 1398 2885 excludens
1408 2845 1501 2885 omne
1519 2833 1607 2903 quod
1623 2833 1737 2889 iactam
1745 2828 1845 2904 estaol

1002 2920 1157 2975 obnoxium
1180 2917 1407 2984 commutationi,
1433 2919 1518 2989 quod
1548 2921 1715 2978 subditum
1742 2917 1844 2992 ιοωριῐὶῐ

1001 3024 1094 3079 neque
1110 3007 1285 3062 confundens
1296 3006 1372 3077 quod
1380 3006 1550 3074 eternitas,
1569 3011 1661 3082 quod
1671 3012 1781 3077 veritas,
1794 3005 1843 3080 quit

1002 3096 1187 3168 deniquepax
1197 3096 1260 3167 ipsa
1271 3094 1497 3166 distinguit,uec
1514 3113 1648 3154 rursum
1665 3093 1844 3173 separansqcot

1002 3185 1136 3256 majestas
1151 3199 1208 3238 una
1221 3184 1388 3255 conjungit:
1405 3183 1455 3238 sed
1480 3185 1582 3240 etiam
1597 3189 1736 3259 proximi
1755 3185 1843 3244 dilectr-

1002 3289 1068 3328 nem
1084 3276 1169 3345 atque
1179 3272 1346 3328 charitatem
1361 3271 1400 3326 ita
1419 3275 1655 3345 complecteris,
1673 3283 1708 3333 ut
1735 3278 1843 3332 various

1003 3361 1179 3428 morborum,
1195 3360 1299 3432 quibus
1308 3377 1360 3432 pro
1371 3359 1501 3430 peccatis
1519 3364 1586 3419 suis
1604 3367 1721 3422 animae
1731 3365 1844 3438 egomt

1004 3449 1098 3504 omnis
1111 3449 1187 3520 apud
1203 3454 1231 3503 te
1246 3448 1386 3503 medicina
1400 3451 1597 3520 praepolleat.

1039 3540 1082 3594 5³.
1098 3539 1138 3592 Τιι
1159 3537 1309 3609 pueriliter
1330 3552 1447 3607 pueros,
1472 3537 1603 3596 fortiter
1625 3537 1843 3615 juvenescere

1003 3642 1093 3691 senes,
1111 3629 1196 3694 prout
1210 3625 1348 3696 cuiusque
1372 3640 1429 3679 non
1454 3629 1599 3698 corporis
1619 3634 1751 3698 tantum,
1774 3629 1841 3683 atet

1003 3713 1094 3770 animi
1108 3719 1178 3769 retas
1206 3717 1258 3781 est,
1288 3729 1400 3769 exerces
1414 3729 1447 3767 ac
1462 3714 1565 3772 doces.
1593 3720 1643 3775 Tu
1673 3719 1789 3776 reminas
1803 3713 1844 3768 ιιι-ι

1004 3801 1071 3869 suis,
1087 3818 1145 3856 non
1159 3801 1196 3857 sd
1215 3801 1385 3873 explendam
1400 3800 1572 3873 libidinem,
1591 3809 1649 3863 sed
1663 3809 1702 3864 ad
1716 3817 1843 3880 propaget·

1003 3890 1068 3946 dam
1084 3890 1206 3962 prolem,
1223 3894 1252 3945 et
1271 3890 1307 3945 ad
1321 3891 1362 3944 rei
1377 3890 1535 3947 familiaris
1551 3896 1744 3964 societatem,
1760 3895 1843 3951 casti&

1003 3978 1081 4033 ildeb
1096 3977 1260 4033 obedientia
1273 3977 1399 4049 subjicis.
1410 3980 1451 4033 Tu
1469 3979 1550 4036 viros
1564 3977 1842 4057 conjugibus,nonat

1003 4066 1182 4122 illudendum
1196 4066 1413 4122 imbecilliorem
1428 4083 1547 4137 sexum,
1576 4073 1637 4127 sed
1651 4073 1759 4129 sinceri
1772 4064 1844 4125 ancre

1004 4156 1113 4227 legibus
1132 4155 1264 4227 proelicis.
1284 4157 1327 4211 Tu
1345 4154 1517 4227 parentibus
1534 4158 1620 4215 lilios
1641 4161 1740 4218 libera
1753 4157 1845 4233 quaten

1004 4243 1137 4299 servitute
1161 4243 1320 4316 subjungis,
1345 4249 1477 4316 parentes
1505 4245 1581 4302 liliis
1606 4250 1663 4321 pia
1679 4248 1846 4306 dominatione

1003 4330 1159 4403 praeponis.
1175 4333 1217 4386 Tu
1232 4326 1367 4388 tratribus
1389 4332 1492 4387 iratres
1517 4336 1688 4408 religionis
1703 4332 1847 4393 mericii·

1003 4420 1092 4475 miore
1107 4425 1192 4492 atque
1207 4420 1328 4476 arctiore
1344 4436 1430 4491 quam
1453 4423 1620 4492 sanguinis
1636 4427 1742 4482 nectis.
1757 4426 1794 4480 'lu
1805 4436 1848 4476 οι-

1003 4524 1070 4563 nem
1085 4508 1198 4581 generis
1212 4508 1459 4581 propinquitatem
1472 4512 1502 4562 et
1518 4509 1685 4568 affinitatis
1695 4508 1850 4571 necessitati

1002 4613 1080 4666 nem,
1101 4597 1218 4652 servatis
1240 4592 1350 4652 naturas
1365 4596 1587 4668 voluntatisque
1612 4602 1753 4671 nexibus,
1777 4603 1851 4655 mutat

1002 4686 1138 4741 charitate
1148 4686 1330 4756 constringis.
1339 4686 1380 4740 Tu
1390 4683 1518 4740 dominis
1529 4702 1652 4754 servos,
1669 4708 1730 4747 non
1742 4697 1799 4746 tam
1807 4702 1852 4744 coe

1001 4772 1118 4829 ditionis
1143 4774 1321 4844 necessitate,
1351 4788 1438 4845 quam
1460 4772 1552 4829 oflicii
1583 4776 1790 4835 delectatione
1818 4776 1851 4831 dr

1002 4878 1048 4917 ces
1083 4861 1238 4918 adhaerere.
1276 4863 1317 4916 Tu
1350 4859 1481 4915 dominos
1520 4864 1633 4932 servis,
1677 4867 1789 4924 summi
1819 4862 1852 4920 dri
1879 4862 1887 4913 ¹:

1001 4949 1162 5006 communis
1182 4949 1298 5005 Domini
1321 4948 1552 5006 consideratione
1580 4954 1765 5027 placabiles,
1788 4949 1853 5011 etat
1880 4990 1883 5003 ,

1000 5039 1207 5094 consulendum
1223 5054 1311 5112 quam
1325 5038 1517 5094 coercendum
1548 5044 1774 5115 propensiores
1795 5042 1853 5100 ieris
1881 5052 1887 5129 i,

1000 5129 1041 5183 Tu
1056 5128 1130 5183 cives
1140 5128 1264 5200 civibus,
1274 5132 1373 5199 gentes
1384 5127 1532 5200 gentibus,
1549 5134 1581 5185 et
1599 5149 1730 5204 prorsus
1745 5132 1855 5190 bomne
1882 5132 1887 5219 l

999 5216 1159 5286 primorum
1174 5220 1326 5289 parentum
1342 5215 1551 5285 recordatione,
1568 5235 1638 5278 non
1658 5225 1797 5281 societate
1809 5227 1856 5278 tan·

999 5309 1071 5372 tum,
1087 5306 1270 5378 sedquadam
1286 5305 1371 5361 etiam
1385 5305 1568 5362 fraternitate
1595 5312 1770 5384 conjungis.
1789 5314 1858 5369 noes

999 5409 1081 5465 reges
1094 5395 1256 5466 prospicere
1276 5394 1407 5466 populis;
1423 5410 1527 5450 mones
1548 5402 1687 5471 populos
1708 5420 1741 5460 se
1755 5402 1857 5458 subdet!

1001 5482 1126 5554 regibus.
1142 5483 1250 5548 Quibus
1263 5485 1356 5539 honor
1365 5483 1515 5551 debeatur,
1529 5486 1647 5557 quibus
1659 5491 1793 5558 affectus,
1807 5486 1857 5561 qui·
