3884 6112
718 213 819 268 etheit
839 211 1005 268 natatus

71 337 197 405 aguntur
214 348 221 386 :
241 348 282 388 ne·
295 337 376 401 sorte,
393 331 538 404 inquiunt,
559 336 641 390 istum
662 351 760 391 merem
778 351 828 390 ne-

80 423 211 489 mame,
225 424 329 489 (actem
343 423 398 477 sibi
416 422 566 478 arbitretur
579 426 722 494 injuriam.

71 510 317 567 incarneretur
332 528 364 567 ex
381 511 486 566 Ariana
501 518 576 568 secta
590 512 663 568 nulli
677 514 747 568 alias
760 514 829 586 liip-

71 598 230 672 degerent;
245 601 385 673 quosdam
403 605 501 655 tamen
521 618 554 655 eo
574 601 708 657 intulerat
723 603 828 657 adven·

71 702 105 743 tm
127 687 291 760 frequentia
311 689 353 758 (ln
366 689 444 743 toan.
460 690 566 756 Euang.
583 694 661 744 tract.
678 691 722 756 te,
744 706 771 744 n.
788 689 827 759 7).

71 790 105 847 ge
126 793 192 831 cum
212 776 376 848 aliquando,
392 792 467 830 auno
491 776 630 844 videlicet,
655 783 687 832 nt
715 795 747 833 ex
774 780 828 834 aa·

71 863 181 921 tionum
197 865 268 920 serie
285 864 466 936 intelligitur,
483 866 765 940 quadringentesimo
779 869 827 923 de·

71 959 175 1022 octavo,
195 955 294 1009 Serme
313 955 430 1026 quidem
446 955 627 1023 atrianorum,
647 956 705 1010 sire
722 957 827 1029 llippo·

71 1059 124 1107 rm,
141 1042 198 1098 sive
214 1043 336 1099 alierum
351 1061 420 1098 cura
432 1044 583 1115 prodiisset
598 1045 726 1115 (ltetract.
738 1047 784 1100 tib.
799 1051 826 1113 ⁴2,

71 1135 105 1200 il,
117 1149 149 1187 ac
158 1138 256 1187 sancte
268 1132 392 1198 hectori,
404 1150 420 1186 a
431 1133 563 1188 fidelibus
571 1133 716 1188 catholicis
724 1134 828 1189 missus

77 1220 155 1276 hunc
168 1221 228 1292 ipse
243 1226 352 1293 quanta
366 1221 515 1292 diligentia
530 1228 558 1276 et
570 1222 708 1277 brevitate
722 1223 826 1295 potuit,

71 1310 154 1376 tavit;
172 1314 257 1382 atque
279 1325 315 1364 ne
338 1315 447 1364 textum
470 1315 627 1381 cogeretur,
645 1328 732 1382 quern
747 1329 827 1367 ercu-

71 1399 233 1471 ,epusculo
256 1415 307 1452 sue
327 1399 432 1469 passim
456 1398 777 1466 inserere,.Sermoaem
796 1401 827 1456 in

78 1488 170 1543 trente
194 1486 339 1558 integrum
363 1486 497 1556 praefixit,
523 1488 652 1543 numeris
679 1488 824 1556 adhibitis,

71 1591 82 1629 s
94 1574 273 1630 refutationis
281 1591 340 1628 suae
351 1573 403 1629 leci
415 1575 520 1646 quique
535 1576 728 1631 indicarentur
739 1578 813 1648 (Gerrt

77 1665 221 1730 Ameriam,
237 1680 297 1735 cap.
314 1664 368 1734 39).

71 1752 223 1807 ‘mansius
243 1752 362 1823 quidam
380 1768 474 1807 cemes
498 1753 599 1807 domus
627 1754 725 1825 regine,
742 1754 825 1811 addi-

71 1839 176 1897 irianae
203 1840 316 1906 haeresi,
343 1844 401 1911 qui,
426 1845 458 1895 nt
478 1846 573 1895 narrat
598 1842 752 1912 Possidins,
776 1861 825 1914 per·

71 1910 164 1986 naevi
174 1945 230 1985 sua
240 1946 361 2000 persone
369 1933 429 2000 (issi
442 1931 689 1985 neaemmassimns
703 1937 822 1999 erector,

75 2018 237 2073 retbetieam
260 2021 387 2073 atrociter
409 2035 441 2073 ec
462 2019 570 2088 jugiter
591 2019 775 2087 oppugnabat,
800 2025 825 2075 ct

71 2107 202 2176 plurimes
216 2107 366 2162 secerdotes
381 2109 430 2162 liei
444 2108 605 2176 simpliciori
621 2107 675 2176 tete
694 2110 823 2174 uiuentes,

71 2201 120 2252 aa
127 2211 158 2250 ac
166 2200 297 2266 potestate
304 2196 464 2264 exagitabat
474 2200 499 2250 ct
508 2194 685 2265 perturbabat
696 2196 823 2265 (Pessid,

71 2285 239 2352 adaquat,
255 2301 278 2339 e.
311 2286 366 2352 li),
391 2283 584 2354 augustinum
607 2284 771 2354 provocavit
788 2285 824 2340 ad

71 2388 138 2428 nem
152 2389 217 2427 cum
230 2373 294 2443 ipso
306 2372 509 2427 conterendum
522 2372 596 2443 apud
611 2371 821 2443 Carthaginem,

71 2460 150 2517 esitis
165 2461 207 2530 (id
222 2467 273 2527 est,
292 2461 496 2532 praesentibus)
510 2460 656 2515 honeratis
675 2464 704 2515 et
720 2461 822 2516 nobili-

71 2548 108 2605 ris
124 2553 221 2619 (Epist.
237 2553 299 2613 ⁶228,
320 2567 348 2605 a.
366 2552 402 2619 9).
423 2550 566 2606 sedidem
591 2551 741 2616 haereticus,
761 2565 823 2620 per·

71 2636 187 2699 enidius,
202 2637 310 2692 tabutas
322 2642 405 2706 atque
426 2639 530 2697 stilum,
549 2637 579 2691 id
592 2641 631 2691 est
642 2639 762 2691 aeter-ies
786 2637 823 2690 ad

71 2725 173 2792 Mum,
184 2726 256 2794 qued
267 2728 397 2793 magister
410 2729 500 2780 nester
510 2724 708 2796 (Augustinus)
721 2730 746 2780 et
761 2736 822 2780 arete

71 2829 143 2870 ssum
165 2819 190 2868 et
210 2817 240 2868 in
255 2829 396 2881 emigrasse
415 2812 610 2868 instantissime
633 2816 693 2883 (teri
706 2814 821 2873 veneat.

71 2906 153 2967 ssmt,
170 2905 243 2957 emrri
264 2903 340 2956 mede
363 2903 515 2958 recusabat.
537 2905 572 2957 Et
590 2901 655 2956 dum
673 2902 704 2955 id
726 2918 821 2972 perae-

71 2992 179 3052 ,dican
194 2991 266 3061 qnod
282 2995 353 3045 areta
376 2991 463 3057 tegam
476 2991 649 3060 publicarum
669 2991 823 3060 periclitari

71 3097 74 3128 ι
88 3082 200 3148 scriptis
214 3081 302 3142 netlet,
329 3085 410 3148 etque
424 3081 590 3148 interpositis
617 3081 674 3147 (bec
688 3083 738 3148 est,
751 3096 821 3149 pra·

71 3167 103 3239 ul
125 3168 155 3222 id
166 3169 272 3237 placere
286 3169 457 3236 Augustinus
472 3170 611 3236 episcopus
626 3181 687 3220 cum
698 3169 755 3221 suis
775 3169 824 3237 qai

71 3263 88 3314 a
98 3259 332 3314 consacerdotibus
344 3257 457 3322 uideret,
468 3263 498 3312 ut
508 3258 608 3326 absque
619 3258 675 3311 ulte
684 3259 822 3326 scriptura

71 3350 105 3403 im
122 3347 305 3416 disputarent,
321 3347 487 3401 collationem
501 3338 636 3415 suscepit}
660 3345 820 3415 predicens,

71 3433 191 3488 tenedum
215 3435 334 3499 contigit,
356 3432 429 3502 qued
450 3436 512 3502 pest
535 3432 651 3486 solutum
665 3436 822 3486 cancamum

71 3523 170 3590 iquem
182 3524 270 3590 posset
284 3521 396 3574 tiberem
410 3523 481 3587 (erte
500 3519 597 3582 dicae,
614 3520 687 3574 nutte
702 3521 821 3589 scriptu-

71 3614 189 3675 ameate,
206 3626 233 3664 se
255 3610 358 3664 elisisse
383 3609 547 3677 quadraria
568 3623 620 3663 nen
644 3607 758 3674 dicerit,
781 3610 822 3662 net

71 3698 357 3768 megasterrius.
373 3700 409 3752 Et
418 3699 527 3752 miscuit
541 3712 600 3751 cnm
618 3696 709 3750 eedem
722 3711 820 3751 senne·

71 3791 140 3857 itque
152 3790 268 3841 asseruit
285 3786 352 3855 quid
366 3786 493 3850 crederet,
505 3789 531 3838 et
544 3785 578 3839 ab
589 3787 634 3839 itte
646 3784 714 3853 qrtid
724 3789 822 3838 tetemet

71 3876 163 3944 ,quid
181 3881 274 3931 cerstra
292 3875 375 3945 (idem
392 3874 553 3927 catheticara
575 3873 698 3941 diceet),
714 3873 822 3927 audiuit

71 3965 172 4033 alioqui
185 3981 202 4017 a
216 3965 355 4018 Pasceatie
376 3963 494 4016 obtinere
518 3977 569 4016 nea
585 3965 683 4031 potuit.
699 3966 729 4015 ut
744 3977 822 4015 suam

71 4051 173 4107 tisertis
184 4052 272 4106 uerbis
283 4051 409 4120 diceret);
421 4056 446 4104 et
457 4052 635 4104 serenatione
646 4054 822 4120 etqueaacte

71 4140 276 4210 seripturarum
294 4141 410 4209 prebete
423 4140 527 4204 decuit,
547 4143 573 4193 et
593 4139 710 4193 ostendit
723 4144 821 4193 nestrae

71 4228 226 4283 imitamenta
249 4229 346 4283 :itlius
362 4233 451 4283 eutem
473 4231 578 4281 asserta
598 4227 674 4280 natta
694 4226 820 4293 ueritate,

71 4318 274 4386 seripturarum
297 4320 454 4371 serratarum
469 4317 630 4370 auctoritate
648 4315 762 4383 suffulta
776 4314 821 4370 de·

71 4412 79 4461 l
100 4407 258 4474 fenestravit.
282 4409 316 4461 Et
332 4411 361 4460 at
376 4422 393 4460 a
408 4422 435 4460 se
458 4407 570 4459 inanem
586 4408 680 4474 partes
694 4403 822 4471 digressae

71 4495 111 4551 aa
133 4499 221 4564 magis
245 4498 386 4564 magisque
401 4497 489 4549 iratus
510 4498 535 4547 et
554 4495 661 4559 sareas,
680 4490 822 4545 mendacia

71 4599 121 4655 pre
134 4584 188 4655 (ide
199 4599 249 4638 sua
263 4584 338 4650 fahe
346 4582 481 4651 jactabat,
498 4583 598 4636 nictum
612 4595 667 4634 esse
683 4595 700 4632 a
721 4594 748 4633 se
763 4580 821 4647 ipse

71 4687 144 4727 naas
158 4673 302 4726 multorum
322 4687 366 4725 ere
387 4670 528 4724 laudatam
544 4669 737 4736 Artgustinum.
759 4670 822 4737 (tue

71 4762 170 4816 ninime
194 4762 318 4820 laterent,
340 4763 446 4814 coactus
468 4762 506 4812 est
533 4756 680 4826 adipsum
707 4758 823 4811 scribere

73 4850 152 4913 aaa,
175 4854 288 4918 prepter
314 4850 390 4903 itlius
419 4851 517 4900 metam
538 4847 644 4900 emissis
669 4845 822 4899 nominatus

71 4939 175 4998 ratium,
191 4942 216 4991 et
231 4939 260 4990 ia
274 4940 312 4990 eis
325 4937 421 4991 titteris
437 4934 573 5003 quidquid
586 4936 657 4988 inter
673 4938 765 5003 partes
781 4933 820 4986 di·

71 5026 211 5093 eigestam
224 5028 326 5092 suerat,
342 5025 457 5094 fideliter
471 5025 610 5078 intimarit
624 5038 631 5075 :
644 5022 681 5075 ad
691 5039 732 5088 eet,
748 5024 773 5076 si
782 5037 824 5074 ne-

71 5131 114 5180 ur,
137 5114 282 5185 prebenda
306 5130 434 5182 magnam
458 5115 566 5167 testium
588 5111 687 5166 liabens
708 5113 823 5180 copiam,

70 5206 139 5260 imos
154 5205 254 5258 scilicet
267 5210 348 5274 atque
362 5203 539 5268 insanabiles,
556 5203 604 5271 qui
622 5207 685 5255 tune
697 5200 821 5263 aderant,

71 5294 163 5364 atqie
184 5294 228 5347 itte
242 5293 279 5348 ad
294 5294 348 5348 dae
364 5294 418 5348 sibi
432 5292 536 5346 directa
550 5293 664 5360 scripta,
679 5305 761 5344 naam
776 5293 823 5343 uia

71 5382 97 5437 :a
107 5384 279 5451 rescriptum,
291 5383 319 5436 in
331 5398 382 5452 que
391 5383 480 5451 magis
490 5381 623 5451 injuriata
632 5381 730 5446 (acme,
742 5394 824 5446 quam

71 5473 278 5526 cierationem
299 5472 386 5524 uetuit
409 5471 557 5525 decinam.
581 5469 659 5534 Quod
674 5484 691 5520 a
709 5468 823 5541 uetanti-¹

888 335 936 391 bas
963 341 1027 391 eta
1055 338 1207 394 satentibus
1236 341 1322 409 tegere
1346 343 1535 410 comprobatur
1568 345 1681 414 (Pessid,
1707 349 1736 400 ia

890 426 954 479 t'ite
967 426 1098 495 August,
1115 443 1136 482 c.
1156 429 1207 495 tr).

922 517 937 568 e
964 514 1043 568 idem
1058 515 1199 571 Possidius
1219 515 1368 587 epistelam
1389 535 1504 592 queque
1520 521 1556 575 ad
1580 520 1733 590 Elpidinrn,

886 602 959 657 inter
972 619 1061 675 opera
1072 605 1205 659 adversus
1219 606 1339 660 arianos
1350 613 1480 680 suscepta
1492 609 1580 664 relert
1595 610 1692 678 (Idem,
1705 611 1735 663 ia

886 691 983 759 ludia,
998 708 1058 761 cap.
1075 693 1110 758 5).
1127 694 1163 749 Et
1177 709 1244 747 sane
1260 693 1306 748 hic
1321 694 1447 766 Elpidius
1462 696 1491 750 in
1504 696 1643 751 Trinitatc
1658 713 1735 750 erra·

887 778 944 845 bat,
960 795 992 833 ac
1007 780 1110 836 Filium
1126 783 1200 836 l‘atri
1211 784 1352 854 aqualem
1367 783 1471 849 dicere,
1484 786 1602 839 stallum
1614 785 1736 840 ducebat

884 868 986 937 (Epist.
1002 870 1064 933 rie,
1080 885 1108 922 a.
1125 870 1160 939 2).
1179 871 1205 924 ls
1224 888 1372 942 nunquam
1393 873 1501 927 viderat
1520 873 1732 944 Attgustinum:

885 960 1010 1010 attamen
1025 957 1052 1011 ei
1066 958 1143 1013 scuit
1156 959 1186 1012 in
1200 965 1325 1014 rnerrtem
1337 960 1418 1014 illum
1433 961 1637 1016 lienevelenliae
1653 979 1732 1032 erge,

885 1049 916 1098 ut
929 1045 1109 1115 praedicabat,
1129 1048 1272 1102 aberrare
1297 1048 1368 1103 velle
1388 1065 1520 1103 revocare
1535 1048 1630 1120 (teta,
1648 1065 1676 1103 a.
1698 1050 1729 1115 l).

885 1134 952 1187 Eam
968 1134 1004 1188 eb
1020 1151 1079 1188 rear
1104 1135 1251 1206 qu‘usdam
1272 1136 1397 1208 episcopi
1420 1154 1478 1191 suae
1495 1143 1578 1192 secte
1602 1137 1730 1191 libellum

884 1220 926 1275 illi
942 1222 1109 1289 transmisit,
1125 1225 1312 1296 hortatusque
1324 1230 1366 1278 est
1381 1226 1414 1280 ad
1428 1243 1505 1280 strare
1521 1225 1731 1297 trajiciendum,

884 1314 916 1364 ut
927 1311 1070 1365 bonosum
1085 1328 1117 1365 ac
1131 1312 1263 1366 tasonem
1279 1312 1456 1367 doctissimos
1470 1313 1555 1380 eires,
1572 1330 1694 1386 quorum
1716 1330 1731 1367 c

883 1399 1026 1471 colloquio
1041 1400 1142 1454 uberes
1158 1401 1265 1455 tructus
1289 1407 1361 1456 essct
1382 1407 1587 1472 reportaturus,
1609 1402 1729 1456 audiret.

881 1480 1237 1552 Qtinntumnis'ridicnlum
1253 1494 1325 1543 esset
1338 1488 1445 1560 Elpidii
1463 1490 1625 1556 consilium,
1644 1489 1670 1544 ei
1692 1494 1733 1543 tu-

883 1593 947 1629 men
961 1581 1075 1631 sanctus
1093 1578 1196 1631 hector
1209 1594 1275 1631 cum
1286 1577 1464 1648 benignitate
1479 1578 1635 1649 respondit,
1653 1577 1729 1648 qued

882 1665 912 1718 in
927 1681 956 1719 se
972 1665 1199 1720 benevolentiam
1213 1670 1374 1732 testaretur,
1390 1683 1477 1738 seque
1494 1667 1529 1721 ab
1545 1683 1642 1722 errore
1664 1666 1732 1721 libc-

882 1757 974 1807 ratum
995 1754 1088 1819 vellet,
1104 1753 1224 1825 gratiam
1246 1755 1349 1810 debere
1369 1771 1444 1809 senc
1461 1755 1613 1826 profiteri:
1631 1771 1730 1810 serum

880 1846 947 1895 uter
960 1857 1060 1895 eorum
1072 1848 1148 1896 erret
1164 1842 1193 1895 in
1209 1842 1266 1896 lide
1278 1843 1321 1897 vel
1336 1842 1366 1897 in
1382 1843 1552 1914 cognitione.
1570 1842 1728 1908 Trinitatis,

881 1929 966 1984 aliam
976 1930 1164 2002 questionem
1175 1947 1235 1985 esse
1246 1931 1315 1985 dicit
1325 1936 1474 2003 ;optatque
1483 1947 1566 1986 nosse
1578 1947 1644 1985 eum
1655 1933 1729 1985 [leus

880 2017 975 2085 iaciat,
988 2019 1064 2090 qnod
1079 2035 1163 2073 nosse
1179 2036 1207 2074 se
1222 2024 1315 2090 putat.
1339 2021 1378 2074 De
1393 2019 1490 2073 libello
1506 2022 1601 2074 autem
1616 2019 1651 2074 ab
1667 2018 1727 2090 epi·

880 2122 965 2177 scopo
981 2106 1084 2178 Elpidii
1098 2107 1185 2174 edito,
1202 2124 1263 2162 sese
1275 2108 1400 2162 auctoris
1412 2107 1564 2162 vanitatem
1577 2106 1728 2163 infirmita.-

879 2199 996 2267 temque
1010 2195 1133 2267 spondet
1144 2201 1336 2265 ostensurum,
1354 2195 1439 2267 siper
1454 2196 1543 2249 otium
1561 2195 1727 2265 singillatim

880 2282 962 2338 illum
984 2288 1117 2339 excutere
1144 2284 1197 2338 sibi
1223 2285 1259 2338 sit
1284 2284 1406 2339 liberum
1422 2285 1516 2353 (reta,
1546 2300 1573 2338 a.
1590 2287 1625 2352 5).
1646 2283 1729 2354 Atqui

880 2371 1033 2444 quominus
1052 2372 1080 2426 id
1106 2373 1201 2443 operis
1226 2372 1439 2443 aggrederetur,
1466 2370 1640 2442 prohibuere
1668 2369 1729 2425 sinc

879 2460 965 2515 dubie
987 2460 1065 2514 varia
1080 2460 1129 2515 illa
1142 2460 1267 2532 negotia,
1283 2459 1390 2530 quibus
1406 2459 1561 2513 distentum
1577 2475 1606 2512 se
1623 2457 1729 2529 passim

878 2548 1072 2619 conqueritur.

902 2618 912 2637 '
1221 2637 1334 2691 cerer
1354 2639 1384 2691 n.

881 2728 904 2777 t.
919 2726 949 2778 la
959 2725 1207 2793 predestinationis
1222 2728 1247 2776 et
1261 2726 1357 2792 gratie
1375 2724 1526 2778 doctrinam
1544 2724 1728 2793 superioribas

913 2813 990 2866 tibris
1007 2812 1040 2866 ab
1061 2814 1214 2878 Augustino
1229 2813 1393 2882 replicatam
1416 2813 1562 2878 inserpunt
1575 2813 1727 2867 Massilita-

913 2916 953 2955 ses
963 2904 988 2954 et
1002 2902 1053 2954 alii
1066 2900 1178 2969 qnidam
1193 2903 1222 2954 in
1235 2901 1322 2957 deltis
1337 2899 1412 2954 lraud
1429 2902 1457 2953 ia
1472 2903 1557 2954 tetum
1571 2916 1588 2953 a
1602 2901 1727 2969 Pelagia-

912 2990 954 3041 nts
967 2987 1150 3041 abhorrentes.
1164 2990 1181 3041 2
1198 2988 1363 3044 catholicam
1374 2987 1456 3058 fidem
1469 2992 1563 3041 centra
1576 3001 1618 3041 eos
1638 2986 1727 3053 desen·

913 3077 955 3130 dit
970 3077 1140 3144 Augustinus
1159 3077 1269 3144 scriptis
1296 3077 1422 3145 Prosperi
1435 3079 1460 3129 et
1483 3076 1588 3130 Htlurii
1608 3075 1727 3144 impulsu
1799 3077 1802 3082 ’

913 3165 989 3218 tibris
1012 3165 1045 3220 de
1068 3165 1308 3220 Pradestinetiene
1335 3169 1498 3219 sanctorum.
1529 3167 1544 3218 3
1577 3162 1726 3230 Quodvult-

912 3253 976 3308 deus
996 3259 1075 3322 regat
1088 3257 1210 3308 sanctum
1230 3256 1378 3320 hectorem,
1397 3257 1428 3308 ut
1440 3252 1473 3307 de
1492 3252 1636 3308 heresibus
1657 3253 1727 3306 scri-

913 3343 968 3398 bat.
992 3344 1010 3398 b
1034 3344 1147 3410 Urgeate
1175 3342 1359 3408 Quodvultdee
1380 3343 1551 3411 Augustinus
1569 3341 1729 3409 aggreditur

911 3447 978 3501 epus
992 3431 1026 3486 de
1047 3431 1209 3497 Barrabas,
1226 3430 1299 3501 qued
1318 3433 1505 3499 imperfectam
1526 3430 1676 3498 relinquere
1688 3443 1729 3482 ce·

912 3523 996 3590 gitur.
1017 3524 1032 3574 5
1046 3522 1166 3575 Dioscuri
1180 3519 1375 3573 conversionem
1393 3518 1533 3572 minuatis
1545 3517 1652 3586 pieriam
1666 3532 1728 3570 aar·

910 3613 955 3662 rat
969 3623 1018 3678 per
1032 3609 1139 3661 litteras
1151 3606 1253 3675 alippio
1267 3608 1334 3660 seni.

916 3700 938 3751 t.
962 3697 1066 3750 Verum
1085 3699 1318 3767 quantacumque
1337 3709 1470 3748 curarum
1494 3708 1560 3746 eum
1575 3691 1727 3745 multitude

876 3787 1029 3855 premeret,
1045 3800 1101 3837 neu
1116 3785 1270 3854 prepterea
1291 3782 1454 3852 deponebat
1468 3798 1483 3836 e
1505 3779 1644 3835 memoria
1659 3796 1726 3833 san-

875 3880 937 3929 ctus
952 3874 1066 3939 Ductor,
1084 3872 1139 3927 sibi
1151 3867 1338 3926 detendendae
1353 3871 1451 3943 gratia}
1462 3869 1625 3941 impositam
1639 3885 1728 3922 essee

876 3964 935 4018 Dee
949 3961 1138 4032 provinciam.
1150 3962 1250 4033 ltaque
1261 3964 1452 4032 preterquam
1467 3960 1543 4029 qued
1559 3958 1623 4013 stilo
1634 3959 1728 4013 decer·

875 4058 936 4107 tare
948 4066 1014 4106 cum
1026 4050 1139 4107 tuliano
1154 4052 1189 4105 ad
1200 4054 1356 4105 extremam
1373 4065 1461 4120 usqne
1472 4049 1559 4103 vitam
1574 4064 1631 4102 nen
1642 4047 1727 4102 desti·

876 4141 921 4205 tit,
936 4140 1016 4196 nevis
1030 4141 1123 4196 adhuc
1139 4155 1196 4193 rien
1219 4140 1306 4212 lenge
1330 4142 1396 4193 aute
1416 4142 1538 4193 mertem
1553 4135 1643 4208 ipsius
1657 4139 1729 4189 tern-

876 4245 944 4300 pore
960 4227 1143 4299 surgentibus
1158 4226 1258 4298 gratiae
1279 4225 1403 4281 inimicis
1424 4241 1484 4279 sese
1499 4224 1559 4277 sine
1579 4238 1661 4277 mera
1677 4220 1727 4275 eh·

873 4317 951 4389 jecit.
969 4316 1050 4371 Multi
1065 4315 1203 4370 nimirum
1219 4331 1372 4369 serverum
1386 4312 1499 4375 Christi,
1516 4312 1608 4375 idest,
1625 4325 1726 4364 mena·

876 4405 1005 4469 chorum,
1033 4403 1082 4474 qui
1102 4404 1132 4458 in
1156 4402 1321 4459 Massiliensi
1338 4403 1408 4457 urhe
1422 4399 1614 4456 consistebant
1628 4397 1725 4468 (Epist.

875 4498 939 4560 iii,
963 4509 992 4548 n.
1009 4492 1047 4564 i),
1062 4491 1168 4564 aliique
1183 4493 1214 4546 in
1229 4491 1292 4546 aliis
1306 4489 1461 4546 Galliarum
1471 4487 1539 4542 loeis
1555 4489 1652 4558 (Epist.
1664 4489 1727 4552 226,

876 4599 903 4638 a.
920 4584 949 4651 i)
963 4581 1096 4637 nonnulli
1117 4580 1269 4653 Augustini
1284 4580 1389 4651 scripta
1403 4578 1573 4645 evolventes,
1588 4573 1728 4648 quidquid

877 4671 961 4725 ineis
976 4670 1011 4725 de
1026 4670 1174 4724 secatione
1190 4670 1344 4723 electorum
1363 4665 1520 4721 secundum
1536 4664 1585 4719 [lei
1596 4662 1728 4736 propesi-

876 4764 939 4814 tum
955 4758 1122 4829 disputabat
1132 4762 1245 4812 sanetus
1258 4759 1371 4822 Denter,
1387 4755 1456 4809 illud
1472 4756 1589 4809 Patrem
1600 4751 1730 4824 opinioni

877 4853 906 4902 et
920 4847 1108 4903 ecclesiastico
1129 4845 1224 4901 sensui
1238 4844 1414 4899 centrarium
1435 4841 1625 4899 dictitabant:
1643 4846 1728 4912 atque

877 4938 932 4992 hoc
945 4936 1127 5009 propesitum
1142 4933 1298 4989 vocationis
1314 4932 1373 4998 Dei,
1400 4948 1457 5004 quo
1481 4931 1525 4987 vel
1546 4936 1610 4986 ante
1629 4928 1728 4985 mundi

879 5025 1003 5091 initium,
1017 5025 1061 5079 vel
1075 5025 1105 5078 in
1118 5024 1179 5094 ipsa
1189 5021 1352 5077 conditione
1363 5020 1476 5094 generis
1489 5018 1608 5076 humani
1623 5018 1728 5087 eligen-

879 5116 982 5170 dorum
998 5116 1027 5169 et
1046 5112 1266 5184 rejiciendorum
1282 5111 1386 5166 dicitur
1399 5111 1473 5165 iacta
1485 5107 1630 5170 discretio,
1645 5111 1673 5158 et
1687 5104 1727 5157 la·

879 5203 937 5275 psis
949 5218 1047 5257 curam
1059 5200 1227 5271 resurgendi
1238 5199 1375 5266 adimere,
1390 5204 1419 5254 et
1434 5197 1538 5252 sanctis
1552 5193 1728 5250 occasionem

879 5291 1016 5363 temperis
1039 5290 1140 5345 afferre
1165 5288 1295 5345 :deinde
1321 5289 1373 5344 seb
1397 5288 1451 5343 hec
1472 5279 1728 5358 predestinationis

880 5378 996 5434 nemine
1013 5378 1128 5433 fatalem
1142 5377 1296 5449 quamdam
1319 5374 1416 5432 induci
1431 5371 1630 5428 necessitatem
1646 5388 1652 5422 :
1669 5385 1728 5422 une

881 5468 979 5536 verbe,
1004 5466 1145 5538 quidquid
1168 5465 1222 5521 sibi
1246 5464 1425 5536 Augustinus
1445 5476 1478 5515 ex
1508 5457 1624 5511 adversa
1649 5461 1728 5528 parte.

1684 224 1735 277 see
1830 206 1835 217 '
