3884 6112
144 259 213 315 itia

145 381 244 454 pellat,
259 379 295 435 de
308 394 366 451 qua
378 377 420 432 illi
435 375 530 432 statim
545 373 759 440 assentiremur,
776 372 799 426 si
812 372 874 444 ejus
888 372 993 445 cogita·

142 469 253 525 tionem
267 481 415 538 possemus
429 464 579 536 inspicere,
594 478 678 534 quam
693 461 786 516 verbis
812 462 873 533 jam
897 462 993 534 prola·

142 558 180 613 tis
195 555 392 628 explicataque
407 551 548 608 sententia
563 567 624 617 sua,
636 550 763 605 nondum
775 549 857 605 nohis
867 550 993 622 pandere

142 644 241 701 valuit.
259 643 329 699 lluic
343 641 433 696 errori
450 639 646 695 definitionem
660 637 770 694 mederi
785 655 868 711 posse
882 639 992 707 dicunt,

143 734 219 789 utin
233 733 286 787 hac
301 729 458 803 questione
472 728 496 783 si
510 727 644 783 definiret
666 727 733 801 quid
757 728 794 783 sit
807 728 917 796 virtus3
932 728 992 782 elu-

143 825 229 888 ceret,
246 821 336 885 aiunt,
351 834 411 872 non
426 817 461 872 de
476 833 519 884 re,
535 818 583 872 sed
604 817 639 872 de
653 816 740 871 verbo
755 812 815 871 esse
829 820 992 872 controver-

143 909 236 965 siam:
267 906 343 979 quod
369 910 401 971 ut
420 904 572 960 concedam
601 904 640 959 ita
675 921 735 960 esse
764 904 993 977 quotusquisque

142 997 234 1053 honus
253 993 388 1050 definitor
407 993 530 1049 inveniri
552 995 673 1064 potest?
692 997 721 1048 et
741 997 837 1049 tomen
857 993 992 1049 adversus

142 1084 323 1157 disciplinam
338 1081 497 1138 definiendi
508 1083 598 1137 multa
611 1082 756 1154 disputata
766 1086 850 1150 sunt3
864 1098 929 1153 quae
942 1098 992 1138 na·

142 1189 198 1246 qne
215 1174 270 1229 hoc
282 1173 344 1227 loco
359 1175 480 1227 tractare
492 1174 688 1242 opportunum
700 1175 753 1238 est,
765 1187 817 1226 nec
830 1187 992 1243 usquequa-

146 1278 203 1335 que
217 1278 234 1317 a
248 1276 295 1317 me
309 1260 479 1333 probantur.

178 1353 224 1408 44.
241 1349 347 1406 Omitto
363 1348 440 1420 quod
454 1348 544 1403 multa
554 1347 696 1405 nonbene
711 1348 854 1417 audimus,
869 1353 898 1404 et
912 1348 993 1419 qnasi

143 1438 179 1494 da
198 1435 301 1491 auditis
315 1433 365 1488 diu
381 1432 561 1503 multamque
576 1432 773 1487 contendimus
785 1449 792 1500 ;
807 1433 884 1487 velut
897 1436 928 1487 tu
941 1448 993 1487 nu·

143 1540 196 1598 par
214 1523 299 1578 verbo
315 1521 439 1593 quodam
462 1520 577 1592 punico,
595 1536 660 1575 cum
687 1537 740 1592 ego
765 1520 993 1577 misericordiam

145 1612 292 1679 dixissem,
307 1610 446 1682 pietatem
467 1608 621 1680 significari
644 1614 671 1663 te
687 1609 799 1665 audisse
824 1609 938 1665 dicebas
956 1610 992 1665 ab

144 1701 184 1756 eis
196 1699 300 1773 quibus
325 1699 387 1753 hac
401 1696 500 1768 lingua
514 1696 606 1768 magis
625 1701 694 1753 noto
716 1702 808 1753 esset:
825 1713 879 1768 ego
895 1701 992 1753 autam

145 1789 289 1851 resistens,
313 1785 381 1858 quid
397 1785 541 1855 acceperis
562 1785 616 1840 tibi
640 1784 759 1841 omnino
791 1785 927 1840 excidisse
947 1802 991 1841 as·

143 1879 291 1943 serebam;
308 1875 385 1928 visus
397 1873 474 1928 enim
488 1872 559 1928 mihi
575 1888 638 1928 eras
652 1890 710 1928 non
725 1873 862 1945 pietatem
876 1874 991 1944 dixisse,

144 1966 193 2022 sed
209 1965 306 2031 fldem,
333 1979 399 2018 cum
427 1968 455 2017 et
473 1963 723 2034 conjunctissimus
748 1964 820 2018 mihi
842 1963 991 2034 assideres,

143 2058 172 2110 et
185 2054 264 2109 nullo
284 2052 371 2108 modo
385 2052 447 2106 haec
461 2051 517 2106 duo
532 2050 652 2105 nomina
665 2050 852 2108 similitudine
866 2054 930 2108 soni
941 2070 991 2109 au·

143 2160 204 2200 rem
216 2141 371 2213 decipiant.
397 2139 451 2194 Diu
465 2145 493 2194 te
510 2143 607 2195 tamur
621 2139 774 2196 arbitratus
795 2159 860 2198 sum
883 2143 992 2200 nescire

143 2230 213 2303 quid
227 2228 280 2285 tihi
294 2226 403 2282 dictum
415 2225 460 2291 sit,
474 2241 539 2280 cum
555 2241 608 2296 ego
622 2226 762 2282 nescirem
777 2227 845 2298 quid
861 2228 967 2284 dixeris
984 2245 991 2284 z

141 2335 210 2374 nam
225 2316 249 2371 si
268 2320 295 2371 te
310 2314 384 2369 bene
398 2313 552 2380 audissem,
568 2329 749 2386 naquaquam
760 2316 833 2372 mihi
847 2317 992 2375 rideretur

142 2402 301 2459 absurdum
315 2400 451 2472 pietatem
474 2403 503 2453 et
523 2399 749 2455 miscricordiam
772 2418 829 2457 uno
852 2405 990 2462 vocabulo

142 2488 248 2562 punice
263 2487 367 2544 vocari.
385 2488 450 2542 liaec
470 2486 641 2558 plerumque
664 2488 813 2558 accidunt,
828 2491 878 2546 sed
893 2509 937 2563 ea,
959 2498 991 2549 ut

143 2577 211 2647 dixi,
227 2577 402 2646 omittamus,
415 2592 451 2630 nc
472 2576 646 2631 calumniam
668 2577 819 2634 verbisde
844 2580 989 2637 audientis

141 2666 327 2740 negligentia,
349 2666 393 2720 vel
407 2665 494 2721 etiam
508 2666 543 2721 de
563 2665 703 2722 surditate
716 2666 869 2724 hominum
891 2670 991 2726 videar

140 2770 338 2812 commovere:
355 2754 405 2809 illa
419 2753 509 2825 magis
520 2760 629 2826 angunt
643 2771 707 2826 quaa
722 2757 853 2827 superius
869 2774 986 2816 enume-

140 2843 210 2911 ravi,
231 2843 280 2899 uhi
309 2841 403 2898 verbis
428 2841 619 2914 liquidissime
646 2860 714 2899 aura
733 2845 875 2915 perceptis
901 2851 930 2902 et
947 2846 988 2901 la·

139 2932 210 2989 tinis
223 2948 281 2987 non
300 2931 437 2998 valemus,
463 2945 529 2985 cum
548 2930 678 3002 ejusdcm
697 2932 803 3004 linguae
828 2934 927 3002 simus,
948 2936 987 2991 lo·

139 3018 422 3093 quantiumcogitata
432 3034 613 3090 cognoscere.

174 3109 220 3164 45.
235 3105 291 3162 Sed
315 3120 379 3160 ecce
392 3105 455 3176 jam
474 3104 590 3162 remitto
605 3113 633 3162 et
656 3109 790 3178 concedo,
815 3127 880 3166 cum
901 3112 988 3167 rerba

141 3195 205 3267 ejus
228 3193 327 3249 auditu
352 3193 397 3248 cui
423 3197 492 3248 nota
521 3199 598 3262 sunt,
626 3202 741 3268 accepta
762 3198 880 3265 fuerint,
905 3216 987 3271 posse

138 3282 181 3338 illi
196 3298 257 3338 esse
282 3286 384 3337 notum
395 3281 432 3351 da
446 3281 481 3336 iis
500 3282 586 3338 rebus
600 3299 670 3355 quas
680 3285 852 3356 significant,
871 3288 988 3360 loquen-

403 249 604 313 Anuouirlo
622 251 671 308 DE
689 248 936 319 SEQUENTIBUS
954 247 1083 307 TRIBUS
1101 247 1220 306 LIBRIS
1238 247 1286 304 DE
1305 245 1437 306 LIBERO
1454 246 1654 305 ARBI'I'RIO.

1846 251 1938 319 stall

1049 372 1091 428 illi
1101 372 1150 446 qui
1159 372 1291 445 discipuli
1303 377 1449 441 vocantur,
1463 378 1572 429 utrum
1587 389 1664 430 vera
1677 372 1831 438 dictasint,
1842 378 1903 448 apnd
1935 402 1938 407 ·

1049 463 1217 535 semetipsos
1235 462 1429 531 considerant,
1448 463 1631 520 interiorem
1648 463 1768 520 scilicet
1781 464 1902 523 illamre·
1936 526 1938 545 ζ

1048 552 1162 609 ritatem
1177 568 1230 624 pro
1244 551 1352 607 viribus
1367 551 1521 610 intuentes.
1542 554 1631 609 'l'unc
1657 569 1735 627 ergo
1751 554 1903 612 discontzet
1933 586 1938 629 1

1048 659 1114 698 cum
1129 660 1196 698 vera
1217 643 1291 698 dicta
1313 658 1375 698 esse
1404 642 1482 699 intus
1503 644 1698 713 invenerint,
1725 645 1901 712 tendantne
1936 670 1938 687 =

1048 730 1169 786 scientes
1183 748 1241 787 non
1256 748 1286 787 se
1301 731 1429 788 doctores
1444 733 1543 804 potius
1559 732 1694 789 laudare
1706 750 1798 805 qnam
1810 735 1904 805 doctas

1047 819 1071 875 si
1087 825 1185 876 tamen
1199 825 1227 876 et
1239 821 1280 876 illi
1297 820 1374 893 qood
1387 821 1549 893 loquuntur
1569 820 1687 879 sciunt.
1709 822 1857 878 Falluntur
1868 840 1901 880 au

1046 909 1105 962 tem
1119 907 1262 976 homines,
1278 913 1311 964 ut
1333 925 1381 964 ecs
1404 909 1455 982 qui
1469 926 1530 966 non
1550 915 1623 966 sunt
1631 910 1798 984 magistros
1810 916 1902 981 rocem,

1047 994 1097 1065 qui
1112 995 1284 1066 plerumque
1299 995 1375 1052 inter
1389 1000 1504 1070 tempus
1518 999 1691 1055 locutionis
1712 1004 1743 1055 et
1756 1004 1902 1071 tempmco

1046 1081 1192 1152 gnitionis,
1209 1084 1289 1139 nulla
1304 1100 1385 1139 mora
1398 1084 1620 1158 interponitur;
1638 1092 1671 1141 et
1701 1086 1844 1159 quoniam
1854 1094 1903 1160 post

1046 1171 1275 1228 admonitionem
1288 1173 1504 1230 sermocinantis
1520 1175 1582 1231 cito
1602 1176 1693 1231 intus
1708 1175 1838 1243 discunt,
1850 1177 1901 1232 loris

1045 1275 1076 1314 se
1091 1260 1172 1316 abeo
1188 1261 1238 1333 qui
1253 1261 1413 1329 admonuit,
1429 1261 1563 1318 didicisse
1579 1262 1787 1318 arbitrantur.

1081 1349 1126 1402 la.
1142 1347 1195 1403 Sed
1210 1349 1245 1404 de
1271 1351 1331 1404 tota
1353 1348 1474 1404 utilitate
1502 1349 1680 1412 verborum.
1707 1366 1778 1422 quae
1803 1348 1828 1404 si
1847 1349 1901 1404 henr

1046 1434 1244 1490 consideretur
1266 1452 1324 1492 non
1349 1453 1435 1508 parva
1463 1442 1515 1504 est,
1533 1437 1621 1504 alias,
1646 1437 1674 1492 si
1700 1439 1783 1494 Deus
1814 1437 1900 1505 siverit

1045 1521 1234 1594 requiremus.
1259 1524 1340 1579 Nunc
1373 1523 1450 1579 enim
1464 1540 1501 1580 nc
1527 1525 1597 1596 plus
1629 1525 1677 1580 eis
1693 1541 1792 1598 qnam
1810 1531 1900 1596 oportet

1045 1609 1249 1675 tribueremus,
1278 1612 1415 1667 admonui
1435 1615 1481 1681 te,
1504 1615 1537 1668 ut
1555 1614 1624 1685 J'am
1650 1631 1717 1669 non
1736 1613 1900 1669 crederemus

1045 1701 1168 1767 tenhrm,
1184 1699 1233 1755 sad
1247 1698 1334 1755 etiam
1348 1701 1508 1771 intelhgere
1525 1701 1739 1774 inciperemus
1754 1718 1842 1775 quarn
1852 1716 1899 1755 rere

1045 1786 1183 1858 scriptum
1202 1787 1239 1842 sit
1252 1787 1419 1844 auctoritate
1443 1787 1552 1857 divina,
1569 1805 1609 1844 ne
1626 1789 1720 1845 nobis
1741 1804 1898 1862 quemqnam

1045 1873 1215 1946 magistrum
1229 1874 1357 1931 dicamus
1378 1875 1410 1931 in
1435 1875 1529 1941 terris,
1558 1877 1645 1949 qnod
1673 1893 1757 1933 unns
1789 1877 1897 1933 omnim

1044 1963 1181 2034 magister
1195 1963 1225 2018 in
1241 1964 1318 2019 coelis
1333 1963 1370 2018 sit
1385 1965 1491 2027 (liciti.
1530 1980 1614 2035 rxur,
1647 1968 1749 2038 8-10).
1785 1966 1897 2031 Quidni

1045 2055 1141 2107 autem
1163 2051 1193 2105 in
1221 2051 1308 2118 coelis,
1334 2049 1448 2106 docebit
1462 2050 1522 2125 ipsc
1547 2067 1651 2125 aquo
1683 2054 1781 2110 etiam
1804 2053 1896 2127 perhe

1044 2138 1137 2193 mines
1161 2137 1236 2210 signi
1251 2136 1442 2193 admonemur
1456 2142 1485 2193 et
1497 2138 1578 2207 ioris,
1613 2144 1651 2195 nt
1677 2142 1718 2196 ad
1748 2158 1819 2197 eum
1839 2143 1896 2197 intre

1044 2225 1174 2281 conversi
1201 2225 1381 2281 erudiamur:
1408 2241 1494 2297 quem
1519 2224 1650 2298 diligere
1682 2244 1718 2282 ac
1735 2245 1822 2284 nosse
1834 2228 1896 2285 heah

1045 2313 1102 2369 vita
1115 2318 1168 2382 est,
1184 2331 1271 2386 quam
1286 2332 1316 2371 se
1336 2331 1436 2370 omnes
1450 2315 1577 2370 clamant
1592 2331 1752 2387 quaerere,
1767 2315 1850 2388 pauci
1858 2333 1896 2370 an·

1043 2406 1102 2458 tem
1116 2406 1184 2458 sunt
1197 2404 1247 2474 qui
1263 2419 1328 2459 eam
1342 2418 1408 2458 vare
1421 2418 1450 2458 se
1464 2401 1612 2458 invenisse
1621 2403 1782 2461 laetentur.
1793 2405 1845 2461 Sed
1851 2405 1896 2476 jan

1042 2489 1316 2561 mihidicasvelim,
1345 2489 1415 2561 quid
1437 2489 1474 2545 de
1497 2489 1555 2544 hoc
1582 2494 1651 2546 toto
1670 2486 1755 2548 'meo
1784 2507 1895 2548 sermone

1043 2578 1157 2634 sentias.
1173 2578 1202 2635 Si
1218 2565 1376 2635 enim'vera
1389 2593 1450 2634 esse
1465 2593 1530 2650 qoae
1545 2577 1629 2634 dicta
1642 2585 1718 2636 sunt
1729 2582 1819 2649 nosti,
1830 2580 1896 2636 eum

1042 2668 1077 2724 de
1092 2667 1213 2739 singulis
1228 2667 1376 2724 sententiis
1391 2667 1584 2739 interrogatus
1601 2685 1640 2725 ea
1655 2675 1686 2726 te
1699 2671 1779 2727 seire
1785 2671 1896 2728 duum

1041 2753 1121 2810 rides
1136 2771 1204 2826 ergo
1219 2771 1306 2828 aquo
1318 2755 1372 2811 isto
1386 2754 1533 2820 didiceris;
1548 2759 1754 2828 nequeenim
1771 2777 1789 2815 a
1803 2758 1897 2828 marni

1042 2843 1157 2915 roganti
1171 2843 1269 2899 omnia
1284 2843 1482 2918 respoqderes.
1504 2843 1534 2899 Si
1557 2851 1665 2902 antem
1686 2864 1763 2904 vera
1784 2862 1896 2904 maor
1936 2886 1938 2915 ,

1042 2929 1129 2997 nosti,
1157 2946 1211 2986 nec
1240 2946 1293 3002 ego
1323 2929 1438 2986 necille
1461 2933 1488 2985 te
1517 2931 1640 2990 docuit:
1669 2936 1725 2991 sed
1754 2952 1821 3009 ego,
1845 2935 1896 3008 qnia
1936 2926 1938 2967 ἶ

1041 3035 1190 3092 nunquam
1221 3034 1339 3091 possum
1366 3018 1484 3085 docere;
1507 3018 1567 3087 ille,
1590 3022 1667 3093 quia
1690 3028 1727 3079 tn
1749 3024 1894 3081 adhucncn
1936 3072 1938 3077 .

1041 3111 1125 3180 potes
1138 3107 1255 3162 discere.
1275 3107 1332 3162 Aci.
1350 3106 1408 3178 Ego
1431 3121 1496 3161 vero
1511 3106 1601 3163 didici
1618 3110 1831 3169 admonitione
1848 3127 1894 3166 rer·

1041 3195 1281 3263 horamtuorum,
1297 3194 1370 3250 nihii
1384 3194 1565 3251 aliudvarbis
1580 3213 1678 3269 quam
1692 3201 1848 3257 admoneri
1858 3200 1894 3254 hc

1041 3280 1149 3337 minem
1165 3286 1197 3337 ut
1219 3282 1318 3352 discat,
1335 3285 1363 3336 et
1388 3298 1543 3354 perparum
1567 3299 1636 3340 esse
1663 3289 1754 3360 quod
1768 3306 1821 3360 per
1833 3290 1893 3345 loca·
1936 3340 1938 3363 Ε

138 3373 197 3426 tem
211 3368 395 3442 cogitamsse:
412 3385 482 3424 num
507 3368 571 3427 ideo
591 3371 678 3427 etiam
695 3372 772 3445 quod
788 3389 864 3429 nunc
881 3374 986 3446 quaeri-
1040 3367 1151 3423 tionem
1170 3369 1317 3442 aliquanta
1330 3368 1762 3446 cogitatioloquentisapparet
1778 3394 1785 3431 :
1804 3376 1892 3431 atinam
1936 3374 1938 3381 '

137 3463 195 3527 tur,
208 3463 305 3514 utrum
316 3474 384 3514 vera
398 3456 510 3529 dixerit,
522 3458 634 3515 discit?
1042 3460 1137 3511 autem
1152 3472 1218 3512 vera
1232 3457 1373 3526 dicantur,
1387 3472 1454 3512 eum
1463 3456 1564 3512 docere
1581 3460 1705 3532 solum,
1726 3463 1781 3536 qui
1796 3481 1823 3519 se
1835 3463 1894 3518 nos

138 3546 252 3603 CAPUT
266 3546 333 3603 lili.
348 3574 382 3588 -
397 3546 521 3605 cernua
535 3547 702 3613 intruderet,
720 3547 800 3604 hemo
814 3548 903 3605 cerdis
915 3548 988 3620 [cris
1041 3541 1181 3611 hahitare,
1215 3560 1281 3600 cum
1310 3543 1378 3600 loris
1403 3544 1580 3616 loqueretur.
1615 3547 1802 3617 admonuit;
1826 3563 1893 3621 quen

491 3634 629 3693 admotaet.
1039 3630 1110 3702 jam,
1125 3631 1237 3686 favente
1250 3630 1324 3704 ipso,
1350 3634 1431 3687 tanto
1456 3630 1607 3687 ardentius
1633 3634 1780 3708 diligam,
1806 3640 1893 3709 quanto

174 3725 250 3779 Num
275 3723 329 3779 hoc
347 3721 478 3793 magistri
495 3722 678 3792 profitentur,
694 3726 727 3778 ut
740 3723 863 3795 cogitata
876 3740 984 3791 eorum,
1041 3733 1090 3773 ero
1106 3717 1136 3773 in
1150 3718 1284 3776 discendo
1303 3718 1471 3790 provectior.
1503 3720 1731 3779 Verumtamen
1756 3725 1823 3780 boio
1845 3738 1891 3778 ora-

137 3825 170 3866 ac
184 3826 242 3865 non
257 3809 327 3880 ipsas
340 3807 498 3880 disciplina
514 3825 584 3881 quas
598 3808 741 3880 loquendo
757 3826 786 3864 se
800 3810 911 3865 tradere
932 3827 986 3882 po·
1040 3805 1113 3861 tioui
1150 3811 1215 3874 tuae,
1245 3824 1302 3880 qua
1334 3811 1473 3880 perpetua
1498 3824 1567 3863 usos
1593 3826 1639 3880 es,
1670 3812 1715 3868 ob
1741 3814 1798 3869 hoc
1821 3811 1892 3867 haheo

138 3902 212 3965 tant,
227 3895 424 3968 percipiantur
448 3899 534 3966 atqua
555 3897 725 3950 teneantur?
743 3897 815 3951 Nam
839 3898 903 3968 quis
928 3902 986 3954 tam
1040 3895 1164 3951 maxime
1180 3895 1313 3968 gratiam,
1325 3896 1400 3969 quod
1416 3896 1513 3959 omnia
1529 3913 1597 3970 quae
1611 3903 1820 3959 contradicere
1831 3916 1891 3974 pau·

138 3983 365 4041 stultecoriosos
380 3984 432 4050 est,
461 3982 510 4054 qui
528 3981 621 4038 illium
642 3999 728 4038 suum
746 3983 840 4039 mittat
856 3985 888 4040 in
903 3986 986 4041 scho·
1040 3986 1087 4039 tus
1112 4000 1202 4054 eram,
1230 3985 1440 4058 preoccupavit
1467 3990 1553 4058 atqua
1587 3986 1755 4060 dissolsit3
1784 3992 1892 4062 nihilque

137 4072 206 4140 lam,
220 4070 335 4145 utquid
350 4070 605 4142 magistercogitet
627 4070 787 4127 discatiAt
801 4072 868 4128 istas
887 4089 986 4128 omnes
1039 4072 1158 4128 omnino
1186 4073 1235 4128 abs
1256 4077 1284 4130 te
1300 4073 1468 4130 derelictum
1482 4079 1535 4143 cst,
1550 4077 1636 4148 qnod
1657 4095 1710 4135 me
1727 4081 1846 4137 dubium
1860 4079 1890 4134 a

136 4159 301 4233 disciplinas
316 4175 387 4232 quas
405 4175 435 4215 se
460 4159 562 4215 docere
579 4159 741 4230 profitetur,
759 4159 905 4233 ipsiusque
928 4160 985 4216 rir—
1040 4160 1142 4229 ciebat,
1157 4162 1192 4218 de
1207 4179 1265 4235 quo
1280 4179 1336 4219 non
1378 4163 1418 4220 ita
1436 4162 1509 4219 mihi
1534 4167 1742 4236 responderet
1770 4173 1890 4226 secretnn

134 4250 207 4306 tutis
221 4254 307 4323 atque
326 4247 486 4321 sapientire,
500 4263 566 4303 cum
581 4246 675 4303 verbis
689 4246 906 4319 explicaverint,
924 4252 985 4303 tom
1040 4249 1111 4306 illud
1127 4251 1285 4321 oraculum,
1300 4257 1333 4308 ut
1344 4252 1401 4308 tuis
1415 4251 1508 4308 verbis
1523 4255 1729 4315 asserebatur.

789 4483 1230 4592 ADMONITIO

465 4656 518 4722 DE
542 4652 816 4734 SEQUENTIBUS
839 4652 980 4722 TRIBUS
1004 4653 1131 4722 LIBRIS
1154 4657 1208 4723 DE
1231 4658 1374 4727 LIBERO
1397 4659 1595 4727 anutium.

173 4792 213 4848 Ex
227 4792 355 4864 Reliquis
368 4794 487 4866 hujusce
501 4794 572 4850 tomi
586 4794 665 4851 libris
679 4793 729 4866 qai
739 4794 775 4849 ad
789 4792 979 4848 confutandos
989 4794 1211 4852 ldauichaeorum
1226 4814 1336 4853 errores
1346 4798 1626 4870 spectant,primum
1642 4800 1708 4867 hic,
1722 4809 1758 4860 ut
1772 4804 1803 4861 in
1816 4804 1890 4860 baete
1935 4772 1938 4833 ¹

138 4881 325 4948 nucerensis,
343 4883 494 4939 exhibetur
507 4901 579 4956 opus
590 4885 635 4940 cui
649 4884 684 4940 de
698 4883 799 4939 Libero
812 4882 937 4938 Arbitrio
953 4882 1053 4938 titulus
1068 4887 1128 4939 est:
1141 4885 1218 4957 qnod
1232 4886 1348 4958 quidem
1378 4902 1453 4942 anno
1479 4886 1585 4943 Christi
1600 4892 1815 4949 trecentesimo
1829 4895 1889 4948 oete

136 4971 247 5044 gesimo
262 4973 360 5025 octavo
375 4971 473 5027 Romae
486 4978 588 5044 agente
603 4973 763 5045 Augustino
778 4970 952 5039 inchoatum,
970 4970 1131 5028 absolutum
1146 4990 1213 5029 vero
1229 4975 1401 5030 arbitramus
1411 4964 1486 5032 auno
1494 4978 1706 5035 trecentesimo
1717 4980 1889 5054 nonagesima
1936 5000 1938 5005 ·

138 5061 249 5134 quinto.
264 5061 328 5115 Non
342 5059 419 5113 enim
431 5060 589 5131 perfectum
605 5063 642 5117 ah
656 5061 718 5133 ipso
732 5061 786 5116 init
800 5064 866 5133 post
880 5061 1009 5133 elapsum
1024 5061 1100 5117 hunc
1113 5079 1221 5118 annum
1236 5080 1293 5135 quo
1308 5063 1504 5137 episcopatum
1519 5064 1644 5137 adeptus
1655 5074 1718 5139 est,
1748 5086 1815 5126 cum
1827 5067 1887 5124 illius
1930 5066 1938 5157 1f

135 5148 297 5206 secuudum
311 5146 489 5220 tertiumque
504 5149 610 5205 librum
625 5149 785 5222 presbyter,
800 5154 834 5205 ut
848 5149 899 5221 ait,
916 5150 1064 5206 ordinatus
1079 5151 1276 5207 terminaverit
1285 5153 1412 5223 (Retroct.
1431 5152 1477 5210 lid.
1502 5155 1526 5218 l,
1547 5167 1614 5224 cap.
1636 5159 1666 5223 a,
1695 5173 1728 5214 sc.
1754 5164 1790 5225 l).
1806 5159 1887 5227 b'eqoe
1930 5164 1936 5223 ι

135 5244 224 5299 etiam
238 5249 305 5300 ante
316 5257 425 5298 annum
440 5240 585 5309 eumdem,
601 5257 666 5297 cum
680 5242 856 5314 Augustinus
870 5241 903 5297 in
917 5242 1041 5314 Epistola
1055 5242 1100 5308 27,
1117 5257 1144 5295 n.
1153 5244 1181 5312 i,
1196 5241 1315 5297 Paulino
1328 5241 1445 5297 Nolensi
1457 5240 1593 5314 episcopo
1616 5243 1731 5302 scribat
1749 5245 1853 5302 nescire
1864 5255 1886 5296 se

135 5331 255 5405 aliquod
268 5330 431 5404 scriptionis
442 5346 532 5402 genus
546 5329 669 5388 edidisse
685 5333 762 5405 quod
776 5331 970 5388 Romanianus
980 5328 1216 5404 (quividelicetin
1227 5329 1399 5386 ltaliamsuh
1411 5328 1493 5386 istius
1503 5329 1572 5386 anni
1584 5333 1747 5391 exordium
1757 5334 1885 5408 proiectos

135 5419 207 5491 erat)
223 5437 309 5493 penes
323 5437 353 5476 se
367 5435 426 5476 non
439 5418 579 5475 haberet:
597 5424 697 5490 postea
719 5436 797 5489 vero,
813 5419 938 5493 Epistola
966 5422 1010 5490 bl,
1027 5436 1056 5476 n.
1082 5423 1111 5490 7,
1126 5418 1267 5492 hocopus
1294 5418 1414 5476 Paulino
1438 5419 1495 5492 ipsi
1508 5418 1612 5476 offerat
1641 5421 1699 5478 sub
1725 5424 1771 5479 his
1788 5421 1882 5479 verbis:

135 5523 152 5560 c
166 5509 234 5565 Tres
248 5510 346 5581 libros,
362 5515 448 5583 etque
462 5507 574 5565 utinam
589 5511 647 5564 tam
661 5510 780 5581 grandis
793 5509 958 5585 questionis
965 5509 1238 5583 itaaxplicatoresut
1247 5508 1613 5581 grandes,misiSanctitati
1627 5514 1658 5567 et
1677 5511 1818 5569 charitati
1827 5515 1881 5575 tua,
