3884 6112
719 290 824 348 LIBER
845 290 1010 359 QUINTUS.
1674 304 1725 357 stu

71 410 307 468 sCatholicorum
317 409 490 466 Cirtensium
500 410 662 483 episcopus,
671 412 819 468 transmis-
875 413 937 486 ipse
951 413 1202 485 complectebatur,
1227 414 1364 470 charitato
1388 419 1567 488 perspectam
1588 418 1642 474 sibi
1665 436 1724 476 esse

71 514 99 556 se
108 499 187 556 illius
197 499 436 555 exauctorationis
445 499 588 555 codicillos
598 501 693 572 palam
706 502 820 557 recitari
875 502 1046 570 affirmabat,
1059 503 1189 559 obsecrat
1202 519 1316 559 causam
1331 506 1393 577 ejus
1407 505 1549 575 deserant,
1559 511 1587 562 et
1601 524 1636 563 ea
1649 508 1684 563 de
1695 525 1725 564 re

78 591 119 645 Ac
145 589 303 645 Petiliauus
320 589 381 660 ipse
399 588 550 662 perfidiam
572 591 761 645 execrandam
782 592 819 646 ab
875 606 940 646 cnm
956 591 1110 647 Donatistis
1125 592 1337 648 contentionem
1351 594 1462 650 nullam
1477 595 1588 664 ineant;
1604 603 1726 668 urgeant

82 676 259 750 Splendonio
273 693 437 750 perpessus,
455 694 522 733 eum
537 682 602 750 post
614 678 736 751 abjicere
751 696 819 734 coa·
874 695 942 736 sero
956 680 1030 736 circs
1044 680 1174 736 Ecclesia
1186 682 1420 752 controversiam,
1437 701 1525 756 quam
1543 701 1560 739 a
1575 701 1625 740 sue
1636 684 1727 756 ipsius

71 765 271 821 illerumcum
282 766 421 821 Petiliano
430 766 547 838 probari
554 772 819 839 oporteret,pravos
875 769 1000 840 negabat
1013 770 1072 826 ullo
1086 771 1172 827 modo
1190 772 1314 843 pendere
1330 772 1424 845 (ibid,
1439 789 1467 829 n.
1483 773 1540 845 20).
1562 775 1636 841 Quid
1655 777 1727 831 enim

71 869 84 912 u
98 854 248 911 ministros
261 855 338 926 apud
350 856 512 910 Donatistae
529 855 739 928 aliquantisper
754 856 819 911 lati·
875 874 923 926 epo
945 873 1015 927 sum,
1029 861 1078 929 qui
1089 863 1172 915 sum?
1188 859 1346 931 inquiebat.
1363 862 1504 931 Numquid
1519 863 1658 919 catholica
1679 880 1726 933 epo

71 959 216 1000 recessum
237 943 337 999 habuit
357 943 384 999 ei
400 943 574 1016 cyprianum
596 944 724 1001 indicare
743 945 820 1000 Thu·
875 946 953 1002 snm?
968 947 1103 1018 numquid
1117 947 1261 1004 hareditas
1275 950 1379 1006 Christi
1391 948 1495 1019 diffusa
1507 966 1557 1020 per
1572 956 1725 1021 gonterano

71 1031 238 1089 rburensem
251 1031 427 1104 episcopum,
441 1048 528 1105 quem
542 1050 609 1089 cum
625 1033 774 1089 meretrice
790 1033 820 1087 in
875 1036 955 1092 sumi
968 1036 1077 1106 Sufficit
1089 1037 1159 1091 mihi
1167 1042 1199 1092 ut
1212 1039 1284 1092 inea
1297 1040 1349 1092 sim
1359 1037 1452 1108 (ibid,
1467 1054 1497 1094 n.
1513 1039 1565 1110 19).
1579 1040 1612 1095 Et
1620 1039 1726 1094 iterum

71 1120 323 1193 rideprebensum
334 1121 480 1177 Primiano
491 1121 624 1194 episcopo
638 1138 690 1178 suo
703 1123 821 1178 Cartha·
876 1137 933 1193 qua
946 1121 1057 1177 ratione
1070 1121 1106 1177 ad
1119 1123 1162 1178 rei
1176 1127 1262 1194 caput
1273 1123 1426 1179 revocandi
1437 1123 1495 1178 sint
1506 1125 1723 1195 Donatistae,de-

71 1209 79 1265 i
98 1210 278 1278 obtulerant;
296 1226 313 1265 a
333 1225 391 1281 quo
410 1225 444 1265 ea
465 1210 500 1265 de
519 1226 605 1265 causa
622 1210 774 1266 damnatus
793 1214 821 1266 et
875 1210 965 1265 claret
983 1210 1013 1264 iu
1028 1211 1104 1265 hreno
1116 1210 1235 1266 modum
1250 1228 1257 1266 :
1274 1213 1395 1274 Prorsus,
1412 1211 1513 1282 quime
1528 1213 1598 1268 diois
1612 1216 1725 1280 matum,

71 1314 95 1354 ss
104 1298 212 1367 iuerat3
224 1314 276 1353 nec
288 1303 384 1354 tamen
394 1314 504 1366 eornm,
518 1314 590 1370 quos
600 1298 649 1354 ille
662 1299 822 1371 baptizare·
877 1297 937 1354 dico
951 1301 977 1353 et
986 1313 1033 1367 ego
1043 1300 1101 1354 alia
1114 1299 1327 1355 innumerabilia
1343 1316 1349 1355 :
1366 1301 1418 1355 cito
1430 1302 1511 1367 anser
1525 1301 1558 1356 de
1568 1302 1666 1373 medio,
1676 1305 1728 1372 nni

71 1387 186 1460 isquam
196 1387 373 1458 baptismum
384 1387 488 1442 iterare
502 1387 667 1458 compulsus
680 1392 723 1442 est
733 1387 819 1458 (Cont.
876 1402 987 1442 cauam
999 1402 1100 1453 nseom3
1121 1386 1154 1442 de
1167 1403 1197 1442 re
1210 1403 1270 1456 ape,
1283 1389 1409 1443 Eoctesiae
1421 1403 1531 1443 causam
1545 1389 1663 1456 adende,
1679 1390 1728 1444 uhi

71 1476 196 1543 dii.,tib.
208 1477 334 1543 3,n.40).
343 1476 550 1531 Librnmsuum
561 1475 668 1531 claudit
677 1476 822 1532 hiscover-
876 1478 914 1531 sis
924 1475 999 1532 uide.
1012 1478 1122 1532 Veritas
1131 1476 1183 1530 tibi
1193 1475 1330 1530 undelibet
1340 1477 1479 1546 loquatur,
1489 1479 1609 1532 esuriens
1617 1480 1708 1548 accipe
1719 1495 1726 1546 ;

71 1564 169 1620 »allans
185 1563 345 1619 Donatistae
357 1565 428 1619 :Sed
440 1567 543 1619 interca
556 1580 610 1632 uos,
621 1580 686 1634 quos
700 1567 772 1620 inter
780 1583 822 1621 mc
876 1581 910 1620 ne
923 1580 1061 1635 nunquam
1076 1566 1113 1621 ad
1128 1569 1152 1620 te
1164 1568 1306 1636 perueniat
1313 1567 1407 1635 panis,
1418 1566 1483 1621 dum
1495 1581 1599 1636 sernper
1609 1566 1677 1637 quid
1687 1583 1728 1621 re-

71 1653 204 1725 sjudices
216 1655 306 1723 posui,
322 1653 456 1724 sapitisne
465 1654 573 1723 aliquid
581 1655 653 1709 inter
666 1669 758 1709 ouum
771 1655 822 1722 (rit-
876 1654 1028 1724 prehendas
1043 1657 1073 1709 in
1083 1654 1192 1709 uuscuto
1202 1653 1365 1721 fastidiosus
1380 1659 1405 1709 et
1414 1656 1595 1711 calumniosus
1608 1657 1727 1726 inquirat

71 1740 674 1813 lucunas,interinttatumetsotidum,tnter
682 1743 821 1798 turbidum
878 1743 971 1813 (ibid,
985 1742 1081 1814 uto).
1098 1743 1175 1797 Hanc
1189 1742 1348 1797 orationem
1363 1743 1535 1814 Carthagine
1549 1742 1584 1799 ab
1600 1744 1727 1800 cohabi-
1804 1773 1811 1781 .

71 1831 411 1902 puiitum,intertumidum
421 1835 447 1886 et
458 1830 822 1901 sonum,interdioinoprae·
876 1835 936 1887 tem
952 1829 1087 1898 diximus,
1100 1830 1241 1903 siquidem
1256 1831 1408 1887 manifesto
1423 1830 1604 1902 intelligitur,
1618 1847 1682 1887 eam
1698 1837 1727 1888 et

71 1907 405 1991 t'lsumanapraesumpta,
421 1921 493 1974 inter
504 1918 676 1989 probationes
690 1923 716 1973 et
729 1919 823 1973 mmi—
878 1923 958 1975 extra
975 1919 1123 1991 propriam
1142 1919 1296 1992 Augustini
1323 1919 1486 1988 Ecclesiam,
1512 1925 1540 1974 et
1566 1919 1597 1974 in
1626 1920 1726 1991 eadem

71 2023 100 2078 u,
116 2012 190 2065 inter
202 2010 360 2066 documenta
371 2012 543 2079 cttgmenta,
554 2010 625 2063 inter
636 2023 724 2063 causae
737 2009 821 2061 actio-
877 2009 958 2078 urbe,
982 2008 1032 2064 ubi
1053 2008 1142 2080 ipsius
1165 2008 1362 2064 adolescentiae
1377 2012 1470 2064 errata
1491 2023 1579 2081 quam
1602 2009 1726 2063 maxima

78 2113 170 2154 oumae
191 2101 374 2155 abusionem?
388 2098 419 2155 ss·
437 2099 546 2167 sopitis,
567 2097 630 2152 bene
646 2101 672 2151 et
689 2100 759 2151 recte
775 2111 781 2150 :
797 2097 823 2150 si
878 2097 992 2169 vulgata
1004 2095 1128 2165 fueraut,
1144 2096 1361 2169 pronuntiatam
1374 2097 1577 2167 esss(1bid.,n.
1598 2098 1653 2167 19).
1670 2099 1727 2152 lta·

71 2201 125 2245 non
139 2190 248 2259 sapitis,
260 2204 307 2243 nos
316 2190 401 2243 uestri
412 2202 506 2242 curam
519 2188 632 2254 gessisse
643 2200 697 2240 non
708 2187 821 2255 punite·
878 2202 934 2258 que
958 2189 1079 2241 nonest
1101 2201 1153 2240 cur
1174 2185 1325 2256 miremur,
1348 2185 1372 2240 si
1394 2185 1527 2257 Cypriani
1549 2185 1728 2240 mentionem

71 2278 167 2333 uacui
180 2291 227 2331 cor
240 2281 358 2332 oestrum
368 2276 405 2331 ud
416 2276 754 2346 pooemnonconoertitur,
763 2288 822 2343 poa
877 2274 986 2331 ibidem
1000 2273 1085 2329 iaciat
1110 2274 1201 2345 (thid,
1216 2290 1243 2329 n.
1261 2275 1315 2343 13).
1331 2276 1371 2329 Ac
1384 2275 1479 2345 primo
1501 2272 1619 2346 quidem
1645 2278 1727 2330 aute·

76 2367 171 2420 tamen
184 2362 222 2419 ad
235 2380 284 2420 nos
296 2368 445 2436 reuertatur
463 2361 554 2435 (ibid,
572 2379 600 2418 n.
615 2363 671 2431 71).
689 2360 771 2426 Quod
786 2360 823 2416 ad
878 2379 966 2435 quam
978 2363 1126 2418 Psalmum
1140 2361 1337 2434 aggrediatur,
1354 2361 1541 2435 Evangelium
1556 2362 1592 2418 dc
1603 2362 1727 2434 judicio,

71 2455 130 2511 lum
147 2452 280 2508 Petiliaui
297 2452 415 2523 librum,
434 2451 466 2507 iu
480 2467 538 2523 qno
553 2450 576 2505 is
595 2450 629 2505 de
646 2448 823 2506 blaximiani·
877 2452 1019 2521 videlicet,
1034 2454 1091 2508 Duo
1105 2454 1136 2507 in
1149 2467 1216 2521 agro
1231 2451 1338 2521 (Mattio.
1349 2467 1423 2519 xxiv,
1438 2450 1493 2519 40),
1509 2454 1574 2518 etc,
1587 2450 1729 2524 interpre-

71 2547 170 2598 turum
185 2558 215 2597 se
228 2541 428 2614 promittebat3
440 2540 475 2596 de
485 2556 519 2595 eo
531 2555 590 2595 non
601 2555 681 2594 secus
696 2538 824 2611 loquitur
877 2544 955 2595 tatur
969 2543 1082 2611 (Euam.
1094 2543 1124 2595 in
1136 2542 1180 2595 Ps.
1194 2556 1286 2607 xxxvi,
1302 2555 1381 2595 snm.
1399 2543 1461 2606 i,n.
1474 2538 1511 2612 i).
1524 2539 1624 2594 Habitu
1633 2541 1729 2611 prima

71 2629 159 2698 tinus,
184 2646 218 2686 ac
239 2631 275 2687 dc
290 2645 441 2702 nunquam
457 2629 512 2684 sibi
528 2629 612 2683 nso:
639 2627 751 2683 etiamsi
770 2627 824 2683 hoc
878 2627 927 2684 illa
953 2627 1090 2683 concione
1114 2627 1289 2699 cogitantem
1312 2626 1347 2683 de
1369 2627 1463 2682 reditu
1484 2626 1605 2682 assiduae
1623 2627 1728 2698 pluvius

71 2722 151 2777 ctum
164 2719 270 2774 babere
286 2735 315 2774 se
331 2723 463 2786 testetur,
477 2717 616 2773 nimirum
629 2717 659 2771 in
674 2717 724 2771 illo
739 2716 822 2784 nihil,
878 2717 1071 2786 retinuerunt,
1086 2716 1240 2771 etinterim
1254 2732 1290 2770 ue
1301 2715 1362 2770 sine
1371 2715 1465 2770 fructu
1474 2714 1624 2770 abiretista
1634 2732 1727 2782 mora,

71 2807 99 2864 it
112 2806 221 2864 rationi
237 2810 472 2873 consentaneum,
488 2821 571 2877 posse
585 2803 715 2876 reperiri.
879 2820 946 2861 cum
960 2804 1097 2861 Catholici
1109 2808 1258 2875 rogarunt,
1274 2809 1396 2875 coeptam
1420 2803 1548 2874 ejusdem
1561 2803 1664 2872 spalmi
1680 2820 1727 2859 ex-

71 2911 115 2953 uas
129 2895 161 2951 iu
175 2894 232 2950 fine
244 2894 430 2966 expositionis
440 2894 471 2949 iu
484 2894 629 2949 Psalmum
644 2891 823 2964 trigesimum
879 2892 1050 2966 positionem
1064 2895 1287 2964 prosequeretur
1302 2891 1393 2962 (ibid,
1409 2906 1488 2947 snm.
1506 2894 1533 2958 ⁶2,
1549 2906 1577 2946 n.
1596 2890 1635 2961 1).
1653 2891 1728 2956 Quo·

71 3000 78 3038 ι
92 2981 193 3051 refert,
203 2996 236 3037 eu
248 2997 314 3037 eum
323 2980 397 3036 libro
410 2981 545 3036 adversus
554 2980 726 3035 Petiliunum
736 2979 822 3034 terlio
879 3002 942 3041 rum
958 2985 1089 3057 precibus
1102 2999 1168 3039 cum
1179 2983 1334 3051 annuisset,
1344 2982 1483 3038 orationis
1492 2982 1726 3054 serieperduetus

71 3070 207 3128 thflbsssst
226 3070 386 3137 affinitatis,
405 3073 439 3125 ul
458 3069 560 3125 e0d0m
580 3068 671 3124 ferme
692 3070 823 3139 tempore
879 3073 908 3128 iu
925 3072 1135 3128 donatistarum
1147 3071 1333 3139 mentionem,
1350 3071 1493 3143 synodalis
1508 3070 1729 3127 Maximianista·

83 3160 123 3217 ab
140 3161 189 3215 illo
204 3160 291 3215 tuisse
306 3159 383 3215 haud
398 3157 551 3215 diliiculter
566 3157 731 3214 credideris.
747 3157 780 3212 ln
791 3174 824 3212 ea
879 3177 944 3217 rum
962 3162 1097 3217 adversus
1119 3160 1297 3216 Primianum
1317 3160 1445 3232 epistolis
1459 3175 1595 3232 magnam
1606 3165 1728 3233 partem

71 3265 90 3306 ι·
103 3249 278 3319 Donatistas,
293 3265 327 3304 eo
340 3248 418 3320 qnod
431 3246 639 3303 successionem
653 3262 735 3302 suam
749 3245 824 3301 tueri
879 3249 1120 3322 recitavit((lbid.,
1131 3265 1160 3306 n.
1172 3251 1215 3320 20)
1227 3265 1234 3304 ε
1247 3249 1277 3303 in
1287 3265 1345 3321 quo
1356 3253 1526 3321 argumento
1538 3253 1597 3304 tam
1611 3248 1661 3305 diu
1671 3265 1730 3305 mo-

71 3338 172 3407 ileant,
191 3336 322 3410 linguam
341 3337 372 3391 in
395 3337 491 3409 ipsum
512 3339 689 3397 convertere.
709 3338 737 3390 et
756 3339 824 3392 nou
878 3343 958 3395 ratus
972 3341 1025 3404 est,
1040 3342 1074 3393 ut
1095 3354 1148 3393 nec
1161 3342 1223 3393 tum
1238 3337 1355 3410 quidem
1371 3338 1516 3392 Psalmum
1531 3338 1657 3409 potuerit
1678 3339 1729 3393 ab-

71 3443 129 3501 que
140 3428 223 3498 juxta
240 3426 362 3482 effutire.
383 3427 448 3492 Qoae
461 3428 561 3489 suunt,
577 3425 618 3480 ait
636 3424 684 3479 Vir
699 3428 823 3485 sauctus,
879 3428 997 3485 solvero.
1019 3428 1104 3483 lllum
1119 3443 1187 3498 ergo
1201 3426 1287 3482 tertio
1303 3426 1426 3498 repetiit,
1443 3442 1460 3481 a
1475 3427 1533 3481 lieo
1550 3427 1612 3498 ipso
1629 3429 1731 3483 uolens

71 3519 110 3573 ita
121 3519 218 3571 nostra
230 3520 294 3570 sunt
304 3533 312 3569 ε
324 3516 429 3583 suimus
442 3516 513 3570 enim
528 3513 687 3584 aliquando,
701 3514 772 3568 sicut
785 3512 824 3567 di·
878 3517 977 3572 solens
990 3519 1148 3586 revocatus,
1164 3515 1193 3570 id
1208 3520 1253 3570 est
1264 3530 1322 3569 non
1337 3513 1494 3569 secundum
1510 3513 1730 3584 dispositionem

71 3606 178 3676 nulus,
193 3605 282 3671 stulti,
297 3610 323 3659 et
335 3603 479 3668 increduli,
499 3607 524 3657 et
544 3603 582 3657 nd
600 3618 676 3658 omne
695 3617 763 3672 opus
778 3601 824 3656 bo·
879 3622 961 3660 suam
972 3603 1143 3674 retardatus,
1153 3603 1319 3659 uidebitum
1330 3602 1448 3685 omnino
1458 3602 1625 3657 dissolveret
1636 3603 1729 3674 (ibid,

71 3696 155 3768 probi
170 3695 235 3766 (Tit.
250 3710 293 3762 ιιι,
310 3695 348 3764 3).
365 3696 397 3750 1η
414 3708 505 3748 errore
522 3708 647 3763 pernaso
662 3693 825 3762 decipientes
880 3710 959 3750 sum.
984 3696 1011 3760 3,
1032 3710 1061 3749 n.
1090 3692 1124 3762 1).
1141 3693 1261 3748 Curasse
1280 3692 1402 3758 ridetur,
1417 3695 1451 3746 ut
1465 3690 1521 3746 alia
1541 3706 1657 3763 quoque
1671 3708 1731 3746 non

71 3785 174 3842 utentes
190 3785 294 3851 suimus
312 3799 387 3839 :non
401 3797 545 3850 nequinum
562 3787 587 3837 et
602 3785 735 3852 quantum
754 3796 825 3851 prae·
879 3797 981 3853 pauca,
1004 3783 1111 3852 prater
1143 3778 1417 3835 Maximiauistarum
1442 3779 1597 3850 synodum,
1625 3779 1731 3835 iustru-

71 3878 219 3931 unostrum
236 3888 290 3927 non
310 3886 449 3941 negamus,
472 3875 548 3926 tanto
567 3873 656 3937 napis
677 3873 759 3925 Deum
777 3871 827 3939 qui
880 3874 979 3925 menta
1002 3869 1038 3924 ad
1058 3868 1222 3924 Douatistas
1246 3869 1402 3941 spectantia
1423 3869 1536 3941 publice
1562 3869 1594 3924 in
1616 3870 1733 3926 ecclesia

71 3964 171 4033 mouit
195 3960 348 4016 laudamus.
364 3960 437 4026 Quid
454 3973 527 4026 ugo,
553 3959 686 4026 haeretice,
708 3957 826 4012 dimittis
881 3961 1046 4031 legerentur
1061 3974 1068 4013 ε
1086 3957 1229 4031 siquidem
1252 3962 1366 4014 excusat
1386 3959 1493 4014 multas
1507 3958 1628 4028 chartas,
1642 3960 1733 4016 multa

71 4051 170 4118 netis
184 4049 221 4104 ad
235 4050 388 4104 homiuum?
400 4050 547 4117 Vituperos
561 4048 634 4103 mata
645 4062 704 4102 mea
710 4050 825 4117 preter·
881 4063 946 4119 quus
960 4047 993 4102 in
1006 4062 1114 4102 canone
1128 4046 1340 4118 scripturarum
1349 4063 1408 4102 uon
1422 4047 1648 4111 continerentur,
1664 4047 1733 4102 reci·

71 4137 107 4195 dd
116 4153 246 4208 mannum
257 4139 352 4205 tacu?
363 4138 487 4195 Seoaior
495 4151 610 4205 sumego
624 4137 654 4190 in
668 4137 743 4190 mata
755 4150 825 4204 mea,
881 4140 941 4191 tata
954 4151 1029 4205 esse;
1044 4151 1145 4191 rerum
1157 4151 1208 4191 cur
1219 4135 1249 4191 id
1260 4136 1366 4191 lactum
1384 4135 1431 4204 sit,
1444 4151 1559 4191 causam
1574 4134 1731 4207 praebuisse

71 4233 113 4284 is:
126 4227 199 4299 quod
215 4231 245 4283 tu
257 4228 429 4296 vituperasti,
442 4224 641 4294 condamnari.
655 4225 767 4279 Utinam
776 4225 828 4280 oet·
882 4225 1051 4281 Donatistae.
1073 4227 1145 4283 Nam
1167 4227 1218 4280 etsi
1240 4224 1436 4296 reprehendent
1457 4226 1522 4294 tec,
1544 4223 1650 4295 inquit,
1666 4225 1733 4293 quia

71 4319 139 4384 Μ,
154 4321 186 4371 ut
199 4320 224 4371 et
238 4331 313 4371 mor
327 4320 390 4370 tuus
405 4318 479 4381 iteret
494 4312 645 4383 aliqnando
658 4314 824 4383 preteritas.
880 4314 956 4370 uobis
977 4315 1046 4369 tutia
1069 4314 1200 4382 tegimus3
1222 4329 1270 4369 nos
1292 4312 1533 4386 reprebmdnmur,
1549 4311 1614 4366 dum
1626 4325 1673 4366 vos
1687 4313 1731 4365 in-

71 4409 155 4463 men
168 4405 245 4460 ruodo
259 4403 467 4475 reprehendunt,
481 4402 561 4458 addit
573 4399 761 4472 Augustinus,
773 4416 827 4456 non
881 4405 1029 4460 struamini
1042 4403 1137 4474 (lota,
1147 4419 1179 4459 n.
1194 4406 1248 4474 18).
1260 4403 1433 4458 Felicianum
1443 4400 1630 4457 ldustitanum
1643 4399 1731 4456 etiam

72 4536 81 4551 .
96 4493 168 4553 Sunt
186 4509 245 4563 ques
259 4493 349 4549 wirne
367 4495 398 4548 in
418 4507 459 4547 me
481 4489 681 4562 reprehendunt
696 4505 704 4544 ι
718 4489 766 4545 sed
780 4494 826 4545 ta·
881 4495 958 4546 tunc*
964 4490 1148 4562 superstitem
1162 4490 1287 4546 extitisse
1297 4490 1440 4562 significat
1450 4488 1540 4560 (tota,
1552 4503 1633 4543 snm.
1644 4491 1673 4555 2,
1683 4503 1731 4543 nn.

71 4582 167 4639 uuum
182 4587 221 4638 est
235 4582 273 4637 ad
291 4583 363 4645 titos.
378 4586 409 4637 ut
430 4582 485 4636 haee
496 4581 630 4635 emerint.
649 4579 737 4634 Mutia
755 4579 826 4634 enim
880 4581 926 4641 io,
941 4579 999 4651 22);
1017 4595 1103 4652 quem
1117 4583 1218 4651 postea
1231 4579 1320 4635 ferma
1341 4593 1490 4650 uunquam
1508 4579 1660 4645 memorat,
1676 4576 1733 4631 nisi

79 4671 288 4740 agitationibus
299 4673 377 4739 meis,
384 4685 513 4740 pupnans
523 4667 655 4724 aduersus
664 4669 752 4724 maias
761 4683 825 4737 sup·
881 4669 989 4734 solum;
1000 4668 1078 4740 quod
1091 4667 1257 4740 planissime
1267 4666 1371 4738 arguit,
1382 4668 1585 4722 pretextatam
1593 4666 1655 4737 jum
1668 4669 1731 4720 tum

71 4774 105 4817 ιη
116 4775 200 4830 meas,
218 4764 243 4815 et
262 4759 362 4815 habens
376 4758 598 4828 conflictationem
616 4758 785 4825 diuturnum,
801 4762 827 4811 et
880 4757 994 4813 invisis
1009 4773 1093 4830 agere
1107 4757 1234 4812 desiisse.
1252 4756 1355 4827 Tangit
1367 4754 1473 4810 ibidem
1494 4760 1609 4811 sanctus
1624 4755 1733 4810 Praesul

71 4852 221 4907 munuum
230 4864 289 4905 cum
300 4848 494 4904 tentationibus
504 4847 611 4903 inimici
624 4847 777 4902 subuertere
785 4861 827 4900 me
880 4847 1021 4902 nonnulla
1033 4845 1244 4902 Donatistarum
1255 4848 1327 4911 acta,
1340 4843 1372 4898 iu
1384 4843 1658 4916 quibusCatholicos
1672 4847 1732 4898 tra·

71 4941 97 4997 ’3.
113 4938 194 4997 ceno
206 4938 244 4993 od
254 4941 336 4994 Deum
345 4940 375 4993 in
385 4939 544 5008 infirmitate
554 4951 628 5003 meo3
639 4940 665 4990 et
674 4936 749 4990 nouit
758 4934 827 5003 quid
880 4933 1005 4991 diturum
1019 4933 1187 5007 progeniem
1199 4932 1370 5002 vocitabant,
1385 4931 1609 5005 dictitabautque
1619 4930 1733 5004 gladios

71 5029 154 5085 itcor
167 5043 265 5088 mum,
279 5029 326 5082 itte
340 5029 388 5096 qui
401 5028 477 5081 nouit
485 5029 601 5096 partum
615 5039 702 5079 merem
715 5024 824 5095 (Enarr.
881 5038 946 5077 suos
960 5037 1078 5091 acuere3
1094 5038 1161 5076 eum
1174 5020 1229 5093 ipsi
1243 5036 1337 5093 neque
1351 5021 1445 5077 ablata
1460 5025 1730 5094 repeterent,neque

71 5117 89 5174 l.
102 5132 196 5185 xxxvi,
215 5131 294 5173 suun.
314 5119 340 5184 3,
354 5132 382 5172 n.
401 5116 453 5185 19).
469 5114 540 5182 Quid
560 5120 651 5170 nutem
668 5116 765 5183 simus,
780 5113 826 5168 ilic
880 5111 968 5167 armis
980 5127 1042 5167 sese
1061 5110 1123 5166 eliis
1147 5126 1235 5182 quam
1254 5110 1406 5182 Evangelio
1421 5114 1573 5166 tuerentur
1592 5107 1686 5177 (ibid,
1701 5121 1731 5161 n.

71 5205 195 5276 opaea
212 5208 343 5274 gemimus
362 5204 458 5279 (ibid,
474 5219 503 5259 n.
520 5205 578 5274 20).
597 5204 634 5257 At
653 5218 711 5258 nou
730 5202 781 5257 diu
796 5200 826 5257 in
883 5204 939 5272 18).
961 5201 995 5256 Et
1017 5216 1084 5256 saue
1107 5199 1228 5255 dubium
1246 5214 1305 5255 non
1320 5202 1372 5267 est,
1389 5198 1523 5271 quiahoc
1537 5195 1607 5252 illud
1623 5195 1734 5249 instru-

71 5294 198 5353 lausioue
217 5295 397 5362 immoratus,
412 5293 534 5348 liberam
548 5291 617 5356 illis,
634 5289 776 5363 quidquid
790 5289 825 5344 li·
881 5297 1012 5347 mentum
1027 5289 1072 5358 sit,
1090 5289 1166 5361 quod
1181 5288 1258 5361 apud
1267 5288 1467 5361 magistratum
1477 5284 1732 5356 Carthaginensem

71 5383 131 5456 ,de
144 5399 176 5440 se
185 5383 333 5457 iudicandi
347 5381 415 5438 fecit
427 5385 602 5454 potestatem
614 5378 710 5451 (ibid,
722 5395 752 5434 n.
771 5381 823 5450 19).
881 5377 1000 5435 confecit
1013 5377 1185 5447 Primanus,
1207 5381 1318 5434 scatens
1336 5376 1430 5432 verbis
1444 5375 1476 5430 iu
1495 5372 1657 5430 Catholicos
1678 5373 1733 5428 ad-

71 5472 213 5548 igiueuses
225 5477 321 5529 autem
336 5471 498 5539 catholicos,
514 5470 592 5542 apud
604 5484 677 5542 quos
689 5466 827 5541 loqueba-
881 5468 1002 5525 modum
1015 5466 1190 5536 conviciosis,
1207 5466 1239 5522 iu
1250 5467 1353 5540 quibus
1368 5469 1396 5520 et
1408 5464 1469 5519 hoec
1484 5461 1654 5533 legebantur
1668 5477 1676 5517 τ
1688 5462 1736 5518 ltti

71 5578 212 5636 ‚quarm
225 5561 257 5618 iu
274 5577 305 5617 se
326 5559 554 5618 benevolentiam
572 5574 607 5614 ex
625 5574 670 5629 eu,
684 5573 743 5630 qua
757 5555 824 5614 illos
882 5557 1121 5626 aeternitatibus,
1133 5551 1732 5624 nectaminimusobtataldontradreeco·
