3884 6112
114 296 156 372 'ra
792 310 977 365 enarrarre
997 309 1202 365 canamus.
1845 314 1876 365 re

123 435 301 503 parisiensis,
317 439 345 490 et
357 434 489 500 aliorum,
501 433 551 505 qui
565 433 690 504 primuni
707 432 784 488 Sixto
798 433 830 500 V,
842 431 908 486 dein
924 432 1069 486 Clemente
1080 431 1151 497 VIII,
1164 431 1284 486 summis
1294 430 1492 495 Pontilleibus,
1504 448 1607 487 noram
1620 434 1709 488 saneti
1721 434 1878 505 Augustini

123 523 399 582 commentationum
415 521 571 577 editionem
586 526 651 592 post
670 521 749 576 illam
765 520 967 577 Loraniensem
982 520 1109 591 aggressi
1123 520 1245 591 inerant,
1261 520 1316 576 rati
1329 519 1437 576 seilicet
1450 521 1582 593 egregIos
1597 537 1657 577 esse
1671 521 1823 578 vaticanos
1844 524 1878 578 Ii-

122 614 198 682 bros,
211 630 283 684 quos
297 611 484 668 Loranienses
498 609 618 666 minime
633 608 846 675 consuluerant,
862 622 1056 680 magnumque
1071 624 1171 664 eonrm
1184 626 1245 665 esse
1260 625 1425 678 numerum,
1439 610 1515 666 unde
1529 609 1615 665 rariae
1627 610 1766 666 lectiones
1782 627 1878 666 excer-

122 703 410 777 perentur3pteroque
419 703 491 764 dem,
503 715 563 769 qua
572 701 602 753 ia
611 698 821 754 invenientibus
832 696 923 763 libris,
933 696 1107 765 quantumuis
1115 696 1260 762 accuratis,
1270 694 1471 762 desiderantur,
1482 695 1554 750 unde
1564 696 1618 750 ltaec
1628 695 1878 751 editiocbra'srianae

123 793 252 848 doctriua
266 789 476 844 lucemallatura
490 787 680 854 sit,utI¹etrns
691 785 815 841 Mortuus
825 785 922 841 scribit
932 786 962 840 in
971 783 1315 857 epistoladecimaquinta
1328 783 1543 840 adcardinalem
1553 785 1732 855 Cajetanum,
1743 784 1877 856 quiprae-

123 881 199 937 dicto
218 878 336 935 consilio
362 876 519 948 plurimum
544 873 763 945 suffragabatur.
780 874 897 930 Factum
919 879 961 929 est
977 891 983 929 :
1000 872 1095 930 collati
1110 878 1177 927 sunt
1198 871 1385 927 Loranienses
1403 872 1471 927 libri
1494 889 1560 927 enm
1574 871 1718 927 codicibus
1733 872 1877 927 Vaticanis

122 984 262 1043 perquam
277 965 496 1030 accuratissime,
514 968 541 1017 et
554 962 588 1017 ad
604 963 765 1034 marginem
781 962 918 1034 appositae
933 963 1075 1019 rarIantes
1089 963 1224 1018 lectiones
1243 962 1279 1018 ad
1294 961 1449 1018 editionem
1464 962 1671 1027 adornandam,
1687 962 1732 1017 cui
1748 961 1878 1017 cardina·

122 1057 158 1113 lis
172 1059 290 1111 Verona·
305 1053 377 1108 sacri
398 1050 518 1123 collegii
541 1051 674 1122 princeps
699 1052 849 1123 praefectus
874 1051 939 1107 fuit.
956 1054 1060 1108 Varum
1084 1068 1149 1106 cum
1165 1067 1210 1105 res
1225 1051 1327 1107 ellectu
1341 1050 1487 1118 caruisset,
1505 1067 1605 1106 omnes
1624 1051 1682 1106 illa
1701 1051 1878 1105 variationes

118 1147 203 1218 jussu
217 1140 369 1198 Clementis
381 1140 402 1195 II
416 1138 562 1195 Pontitieis
573 1157 590 1193 a
603 1140 660 1211 piae
675 1139 824 1195 memoriis
839 1141 982 1197 cardInale
997 1143 1076 1197 Boua
1095 1140 1244 1196 nobiscum
1259 1139 1476 1196 communicatas
1496 1144 1572 1208 sunt,
1594 1144 1625 1194 ut
1636 1139 1671 1194 iis
1686 1155 1759 1196 nora
1775 1145 1878 1194 nostra

122 1232 246 1289 editione
260 1235 419 1286 uteremur.

158 1327 335 1400 Comparatis
355 1326 453 1397 Itaque
468 1341 531 1379 earn
546 1325 575 1379 in
591 1341 653 1379 rem
667 1325 711 1380 bis
726 1330 755 1380 ct
766 1325 830 1380 aliis
844 1327 1036 1399 undequaque
1049 1331 1179 1383 veterum
1194 1328 1324 1384 codicum
1347 1328 1494 1398 subsidiis,
1510 1343 1576 1383 cum
1591 1343 1606 1383 e
1621 1327 1739 1397 nostris,
1754 1332 1816 1383 tum
1842 1344 1877 1383 ex

123 1416 223 1473 alienis
236 1414 425 1481 bibliothecis,
442 1413 578 1468 continuo
593 1429 696 1468 manus
710 1413 791 1484 operi
802 1414 991 1486 admovimus,
1001 1416 1135 1472 adhibitis
1148 1416 1185 1472 ad
1198 1417 1385 1473 conterendos
1398 1417 1508 1473 codices
1520 1416 1652 1488 pluribus
1664 1416 1809 1473 sodalibus
1824 1434 1875 1472 no-

123 1503 198 1570 stris,
212 1519 269 1557 non
283 1502 377 1557 solum
389 1501 420 1555 in
435 1501 526 1556 saneti
537 1501 670 1556 Germani
684 1501 846 1571 parisiensi,
862 1502 912 1558 sed
927 1503 998 1559 etin
1012 1505 1076 1560 aliis
1090 1505 1211 1561 aliarum
1226 1506 1436 1577 provinciarum
1447 1505 1681 1578 Congregationis
1695 1511 1801 1560 nostrie
1816 1522 1878 1559 mo·

122 1699 188 1738 cum
203 1682 308 1748 labore,
323 1685 382 1736 tota
404 1681 465 1735 baee
483 1679 581 1750 editio,
599 1681 656 1735 Ileo
676 1681 798 1747 favente,
815 1680 933 1735 omnino
956 1680 1087 1736 absoluta
1101 1683 1153 1741 est,
1169 1686 1197 1737 et
1210 1681 1246 1736 ab
1260 1682 1395 1737 omnibns
1410 1682 1489 1737 nullo
1513 1681 1683 1754 praejudicio
1696 1681 1818 1751 affectis,
1843 1698 1876 1737 eo

122 1773 226 1846 plausu
244 1788 277 1827 ae
292 1786 420 1826 successu
435 1775 558 1841 accepta,
573 1770 689 1841 qualem
704 1786 756 1824 nee
771 1786 886 1841 sperare
903 1774 1077 1842 poteramus.

157 1871 193 1925 Ut
204 1885 270 1924 rero
284 1885 389 1923 munus
403 1872 533 1922 nostrum
548 1867 745 1938 impleremus,
762 1871 792 1922 et
805 1867 927 1939 publice
942 1868 976 1923 de
986 1867 1068 1923 nobis
1083 1866 1286 1938 exspectationi
1295 1883 1348 1938 pro
1359 1867 1477 1923 modulo
1489 1867 1742 1939 responderemus,
1753 1869 1878 1938 quatuor

119 1958 266 2031 praecipua
279 1957 310 2011 in
326 1960 424 2012 nostra
438 1955 565 2011 editione
579 1961 715 2026 praestare
730 1956 824 2011 eonati
839 1972 938 2012 sumus
954 1973 961 2011 :
978 1955 1110 2012 uidelicet
1120 1960 1154 2011 ut
1166 1955 1228 2011 haee
1239 1960 1371 2011 accurata
1381 1960 1465 2023 esset,
1478 1955 1639 2026 commoda,
1655 1954 1709 2010 rite
1724 1953 1875 2019 illustrata,

120 2045 264 2118 nullisque
279 2045 405 2114 partium
420 2044 519 2098 studiis
539 2044 659 2099 addicta.

157 2145 193 2199 Ut
206 2147 281 2197 esset
294 2158 381 2214 quam
397 2141 521 2196 maxime
536 2146 677 2207 accurata,
692 2145 750 2195 tres
763 2141 939 2198 conditiones
952 2141 1034 2212 npbis
1051 2144 1218 2198 necessariae
1232 2143 1300 2199 risu
1316 2150 1383 2199 sunt
1398 2164 1404 2199 :
1423 2159 1526 2214 nempe
1541 2147 1573 2199 ut
1587 2142 1733 2198 contextui
1747 2142 1874 2214 genuina

119 2231 270 2303 integritas
283 2231 319 2285 ad
333 2235 443 2285 veteres
466 2229 577 2285 codices
596 2234 625 2284 et
639 2229 808 2285 sinceriores
823 2229 963 2285 editiones
978 2230 1195 2299 restitueretur3
1209 2238 1242 2288 ut
1255 2239 1333 2288 certa
1348 2237 1376 2288 et
1390 2249 1528 2305 germana
1541 2231 1631 2288 sancti
1644 2231 1771 2287 Doctoris
1786 2248 1874 2302 opera

120 2322 337 2375 secernerentur
352 2334 368 2372 a
382 2317 476 2372 dubiis
503 2321 532 2373 et
552 2317 671 2390 spuriis;
689 2322 717 2373 et
731 2323 762 2373 ut
783 2317 870 2374 editio
893 2318 955 2391 ipsa
969 2335 987 2374 a
1000 2320 1215 2392 typographicis
1229 2322 1352 2393 mendis,
1367 2325 1506 2393 quantum
1522 2321 1553 2376 in
1568 2320 1651 2376 nobis
1666 2324 1749 2385 esset,
1774 2336 1875 2391 repur-

120 2413 186 2480 gata
196 2407 334 2480 prodiret.

156 2506 193 2560 Ut
211 2521 277 2561 vero
291 2519 432 2576 perquam
446 2503 597 2559 commoda
609 2503 789 2574 redderetur,
802 2508 926 2575 quatuor
937 2503 1117 2576 potissImnm
1128 2522 1145 2561 a
1156 2506 1237 2561 nobis
1249 2511 1348 2561 curata
1361 2510 1428 2562 sunt
1442 2505 1598 2562 :nimirum
1612 2522 1732 2577 operum
1744 2507 1823 2572 ordo,
1836 2522 1876 2560 se·

120 2593 239 2662 ctiones,
254 2591 421 2661 summaria,
435 2596 463 2647 et
476 2592 592 2648 indices.
609 2593 694 2661 Ordo,
710 2597 742 2648 ut
754 2592 913 2649 secundum
927 2596 1041 2663 tempus
1060 2611 1118 2667 quo
1133 2594 1248 2666 singula
1261 2609 1349 2666 opera
1361 2595 1397 2650 ab
1411 2589 1571 2666 Augustino
1592 2594 1698 2666 scripta
1716 2594 1808 2662 fuere,
1822 2594 1877 2649 dis·

120 2694 320 2763 ponerentur:
337 2704 394 2760 quo
414 2690 457 2756 tit,
473 2693 506 2744 ut
520 2689 609 2743 lector
622 2704 688 2743 cum
702 2687 863 2759 Augustino
888 2687 950 2762 ipso
976 2685 1083 2743 sensim
1095 2683 1297 2757 progrediatur
1315 2687 1343 2738 et
1356 2683 1497 2755 proficiat,
1513 2687 1541 2738 et
1555 2684 1684 2756 priorum
1699 2682 1825 2755 cognitIo
1841 2683 1876 2737 ad

120 2778 279 2850 posteriora
296 2776 484 2848 intelligenda
498 2777 590 2832 lucem
605 2776 756 2849 praeferam
773 2777 879 2849 quode
893 2777 994 2833 ordine
1013 2775 1099 2849 plura
1112 2772 1232 2829 inferius
1247 2771 1351 2828 dicturi
1366 2788 1474 2827 sumus.
1491 2772 1647 2838 Sectiones,
1663 2777 1696 2828 ut
1716 2788 1776 2827 non
1788 2774 1875 2828 modo

122 2865 255 2939 capitulis
270 2870 398 2921 veterum
409 2864 579 2933 editionum,
593 2882 658 2938 quae
674 2865 793 2921 subinde
809 2865 966 2939 prolixiora
981 2868 1073 2933 erant,
1086 2861 1238 2935 cujuslibet
1252 2861 1346 2933 operis
1356 2865 1505 2916 contextus
1513 2866 1541 2915 et
1553 2877 1656 2933 corpus
1668 2861 1874 2933 distinguatnr;

120 2957 172 3013 sed
191 2955 277 3012 auam
290 2955 352 3028 ipsa
366 2955 459 3025 capita
469 2955 500 3010 in
513 2955 682 3011 minutiores
694 2954 858 3012 dividantur
869 2955 1019 3022 sectiones,
1030 2951 1186 3009 numericis
1201 2950 1348 3006 distinctas
1359 2951 1434 3005 notis
1447 2968 1453 3005 :
1469 2955 1531 3006 tum
1544 2955 1576 3005 nt
1585 2951 1710 3005 indicata
1724 2950 1876 3022 cujuslibet

120 3044 214 3118 operis
226 3045 351 3099 sectIone
365 3042 475 3098 facilius
490 3043 653 3098 Inveniatur
664 3043 805 3099 indicatus
814 3045 894 3100 locus
910 3060 917 3099 :
932 3048 995 3099 tum
1009 3043 1095 3098 etiam
1110 3045 1142 3096 ut
1156 3040 1185 3095 iu
1201 3039 1323 3111 legendo
1334 3038 1380 3094 bis
1394 3039 1482 3094 veluti
1496 3038 1652 3094 intervallis
1666 3042 1694 3093 et
1704 3038 1824 3093 morulis
1837 3038 1874 3093 le·

119 3133 205 3188 eloris
226 3133 336 3187 leretur
359 3131 440 3185 labor
455 3135 484 3185 et
498 3131 625 3186 attentio.
643 3130 685 3185 ad
699 3132 760 3186 bere
776 3132 864 3186 etiam
876 3132 979 3203 jurant
1002 3129 1159 3187 summaria
1172 3145 1231 3184 non
1248 3128 1332 3184 modo
1347 3131 1507 3193 contextus,
1521 3128 1555 3183 ad
1577 3127 1737 3199 marginem
1753 3127 1875 3197 singulis

118 3221 224 3294 passim
240 3219 413 3275 sectionibus
431 3219 572 3290 apposita,
588 3235 653 3291 qnae
668 3236 810 3274 summam
829 3220 881 3286 rei,
896 3236 954 3292 qua
968 3220 1003 3275 de
1017 3219 1123 3292 agitur,
1138 3218 1236 3291 paucis
1249 3217 1421 3285 exhibeant,
1438 3215 1488 3272 sed
1502 3216 1589 3272 etiam
1602 3215 1734 3271 omnibus
1750 3215 1831 3270 libris
1846 3221 1874 3269 et

118 3309 263 3383 plerisque
278 3308 408 3380 capituIIs
420 3308 577 3379 praemissa,
591 3324 656 3379 quae
672 3313 874 3380 argumentum
889 3309 1027 3380 cujusque
1042 3307 1108 3363 libri
1123 3311 1152 3362 et
1165 3305 1283 3379 capituli
1294 3305 1417 3361 breriter
1431 3305 1583 3376 explicant.
1599 3307 1650 3362 Illa
1663 3321 1729 3360 vero
1744 3321 1871 3359 summa-

119 3399 163 3453 ria
176 3398 346 3470 marginalia
361 3414 394 3453 ex
408 3397 477 3470 ipsis
492 3401 638 3452 contextus
652 3396 755 3464 verbis,
772 3397 868 3468 quoad
882 3397 945 3468 ejtrs
959 3395 1022 3451 tieri
1040 3394 1146 3468 potuit,
1162 3392 1362 3466 expressimus,
1381 3393 1422 3447 rel
1437 3392 1499 3464 ipsa
1514 3386 1734 3448 lovaniensium
1749 3409 1873 3447 summa·

119 3486 162 3541 ria
177 3485 358 3542 retinuimus.

152 3584 195 3640 Ad
210 3583 321 3640 Indices
335 3584 411 3656 qnod
422 3582 533 3651 attinet,
547 3599 671 3655 quorum
682 3583 832 3638 commoda
845 3586 873 3639 et
887 3582 1024 3638 utilitates
1036 3596 1122 3635 nemo
1137 3597 1194 3635 non
1207 3579 1294 3647 norit,
1306 3596 1365 3635 non
1378 3584 1490 3635 tantum
1501 3578 1629 3650 singulos
1643 3577 1765 3650 singulis
1774 3578 1870 3641 tomis,

118 3672 278 3744 etquidem
296 3672 466 3738 uberrimos,
483 3671 623 3743 subjicere
637 3671 799 3725 curarImus
811 3687 818 3736 ;
832 3687 930 3726 rernm
947 3668 1035 3724 etiam
1053 3671 1204 3740 generales
1218 3686 1269 3725 seu
1282 3669 1458 3724 universales
1473 3668 1503 3723 in
1519 3667 1673 3740 posteriori
1694 3669 1781 3723 hoece
1796 3668 1873 3721 rolu-

118 3756 196 3813 mina
211 3756 418 3826 contexuimus,
436 3761 470 3810 ut
483 3771 541 3810 uno
559 3761 714 3826 conspeetu
726 3761 785 3810 tota
799 3756 953 3828 AugustIni
967 3757 1097 3813 doctrina
1111 3758 1146 3814 de
1161 3758 1262 3831 quovis
1276 3763 1449 3829 argumento
1464 3757 1576 3813 facilius
1589 3756 1720 3829 indagari
1734 3756 1835 3828 possIt.

153 3852 234 3919 Quod
249 3852 351 3908 attinet
364 3853 401 3909 ad
413 3852 543 3908 ordinem
560 3852 668 3908 anobis
682 3852 711 3907 in
726 3853 780 3907 liae
794 3852 919 3909 editione
934 3853 1108 3922 institutum,
1120 3857 1181 3928 ejus
1192 3856 1332 3912 rationem
1343 3855 1464 3912 reddere
1480 3871 1538 3910 non
1552 3853 1707 3910 admodum
1719 3870 1871 3926 operosum

56 3972 60 3980 ·
117 3941 213 3998 tuerit.
231 3943 303 3997 Nam
317 3940 405 3996 totIus
418 3941 496 3996 illius
508 3941 619 3997 ordinis
632 3945 716 3996 tenor
732 3941 804 3998 adeo
815 3942 953 3997 naturalis
965 3948 994 3998 et
1007 3943 1151 4015 genuInus
1162 3943 1284 4013 ridetur,
1296 3949 1329 3999 ul
1339 3943 1462 3998 sulliciat
1471 3944 1507 3998 ad
1522 3959 1589 3999 eum
1600 3942 1782 4014 probandum
1794 3943 1871 3997 nuda

117 4030 179 4103 ejus
192 4029 340 4103 expositio.
553 4034 556 4039 '
1072 4091 1087 4113 ·

152 4129 184 4183 In
196 4127 290 4202 primo
300 4130 390 4195 tomo,
401 4126 557 4198 premissis
572 4126 684 4183 dnobus
694 4128 936 4184 Itetractationum
949 4128 1029 4184 libris
1043 4136 1072 4186 ct
1082 4131 1218 4186 tredecIm
1231 4129 1312 4185 libris
1323 4130 1547 4198 confessionum,
1557 4145 1622 4202 qum
1633 4130 1869 4202 subsequentium

16 4217 19 4223 ’
116 4234 237 4290 operum
251 4217 339 4272 relati
352 4214 493 4289 preludia
515 4222 592 4279 sunt,
608 4216 822 4290 subsequuntur
835 4233 869 4272 ea
885 4218 1036 4290 Opuscule,
1056 4235 1120 4291 quae
1136 4218 1329 4274 sanctissimus
1343 4220 1448 4274 Ductor
1461 4219 1554 4274 adhue
1568 4220 1800 4288 catechumenus,
1821 4221 1870 4272 aut

116 4306 246 4362 nondum
260 4305 409 4377 presbyter
422 4303 609 4360 elucubravit.
1123 4316 1126 4322 ’

151 4402 310 4459 Succedunt
324 4402 355 4458 iu
369 4403 494 4459 seeundo
509 4405 587 4457 tomo
603 4401 746 4473 Epistola,
763 4419 885 4459 numero
900 4404 1030 4460 ducentae
1053 4403 1245 4476 septuagima,
1261 4405 1419 4461 secundum
1432 4405 1564 4461 ordinem
1578 4409 1752 4478 temporum,
1774 4403 1867 4475 quoad

115 4491 176 4547 lieri
191 4491 281 4558 licuit,
297 4490 452 4563 dispositae,
468 4495 497 4546 et
510 4490 540 4546 in
554 4496 680 4563 quatuor
694 4491 852 4548 distributa
875 4494 987 4548 classes.
1004 4494 1036 4548 ln
1051 4493 1145 4565 priora
1169 4498 1348 4566 reponuntur
1369 4494 1426 4549 illae
1442 4494 1580 4566 epistolas,
1604 4511 1675 4565 quas
1688 4493 1868 4564 Augustinus

115 4580 241 4636 nondum
259 4578 406 4651 episcopus
419 4580 552 4653 scripsit:
568 4580 601 4635 in
614 4580 748 4642 secunda,
765 4598 836 4653 quas
854 4582 916 4653 jam
935 4582 1097 4655 episeopus,
1113 4589 1180 4638 ante
1195 4583 1382 4639 Collationem
1397 4583 1648 4656 CartbagInensem
1663 4585 1691 4635 et
1706 4585 1771 4635 ante
1787 4581 1868 4635 dete·

113 4672 189 4724 ctam
202 4668 233 4723 in
247 4666 341 4722 Atriea
355 4668 464 4741 Pelagii
478 4669 612 4725 haeresim
627 4669 744 4725 dictavit
755 4686 761 4724 :
773 4670 804 4725 in
815 4671 910 4738 tertia,
927 4687 992 4742 quse
1002 4671 1037 4726 ab
1047 4674 1217 4744 eotempore
1231 4671 1266 4726 ad
1281 4671 1371 4743 ipsius
1382 4672 1492 4728 obitum
1503 4671 1614 4742 scriptae
1627 4673 1694 4724 sunt
1706 4685 1712 4722 :
1722 4667 1752 4722 in
1765 4674 1869 4739 quarta

113 4755 249 4828 denique,
259 4771 381 4827 quarum
392 4759 507 4827 tempus
518 4757 614 4813 minus
622 4762 800 4829 compertum
810 4763 861 4814 est.
874 4759 930 4813 Cur
938 4764 1036 4815 autem
1045 4765 1189 4832 receptum
1199 4760 1522 4832 Epistularumordinem
1534 4757 1752 4824 mutaverimus,
1762 4757 1869 4828 quidre

112 4844 143 4900 in
158 4845 339 4900 commodum
355 4845 492 4900 lectorum
506 4863 523 4900 a
537 4846 619 4902 nobis
631 4848 687 4902 huc
699 4846 859 4918 praestitum
871 4847 918 4918 sIt,
934 4849 1018 4904 docet
1031 4847 1121 4921 ipsius
1132 4849 1204 4903 torni
1216 4848 1369 4919 peculiaris
1388 4847 1532 4904 Praefatio.

148 4944 181 4999 ln
199 4942 285 4997 tertio
314 4946 393 4997 torno
419 4942 601 5000 eontinentur
628 4944 770 5017 Opnscula
784 4946 941 5016 exegetica,
956 4946 1112 5002 seeundum
1140 4943 1353 5016 Scripturarum
1371 4944 1502 5001 ordinem
1527 4943 1678 5012 disposita,
1694 4943 1821 5015 praetiais
1837 4942 1867 4999 in

111 5032 174 5106 ipso
188 5031 259 5087 tomi
274 5031 373 5087 limine
383 5035 507 5103 quatuor
520 5032 599 5087 libris
613 5034 648 5090 de
663 5032 798 5090 Doctrina
813 5033 982 5103 Christiana,
998 5050 1071 5107 quos
1085 5034 1324 5106 subsequentium
1339 5034 1551 5109 Opuseulorum
1571 5034 1790 5090 tundamentum
1806 5050 1867 5088 esse

111 5137 197 5177 nemo
217 5119 318 5176 nescit.

145 5219 269 5290 Itejeetae
282 5221 348 5273 sunt
361 5216 392 5272 in
405 5221 518 5274 tomum
532 5223 666 5291 quartum
683 5221 882 5277 Enarrationas
891 5221 921 5277 in
936 5222 1074 5278 Psalmos.

144 5315 176 5371 In
190 5322 269 5374 tomo
283 5317 384 5391 quinto
398 5316 542 5372 habentur
556 5317 708 5372 Sermones
720 5319 754 5374 ad
770 5320 921 5391 populum,
938 5319 969 5374 in
983 5326 1106 5393 quatuor
1122 5320 1222 5376 tributi
1237 5321 1349 5384 classes,
1364 5319 1503 5380 nimirum
1519 5321 1548 5376 in
1564 5321 1714 5377 Sermones
1735 5317 1770 5374 de
1791 5317 1865 5372 Seri·

109 5402 200 5475 pluris
217 5407 322 5462 Veteris
335 5410 364 5463 et
381 5405 452 5461 Nori
467 5405 651 5476 Testamenti,
663 5405 692 5461 in
707 5406 858 5463 Sermones
871 5407 906 5462 de
920 5409 1071 5478 Tempora,
1085 5407 1120 5464 de
1135 5406 1244 5463 Sanctis
1258 5408 1335 5464 etde
1352 5406 1473 5464 Ilirersis
1485 5424 1491 5463 :
1504 5407 1609 5480 quibus
1620 5406 1650 5461 in
1664 5405 1765 5477 quinta
1776 5406 1864 5459 classe

107 5493 258 5549 Sermones
272 5494 351 5551 dubII
364 5495 513 5552 accedunt.

141 5588 245 5644 Tamus
258 5589 357 5646 Sextus
371 5593 462 5664 Opere
476 5590 596 5648 moralia
610 5592 829 5663 comprehendit
843 5607 908 5648 curn
924 5593 1033 5667 aliquot
1046 5592 1242 5659 Qisestionum
1255 5591 1347 5650 libris.
