3884 6112
62 208 118 260 t‘it
786 204 893 263 LIBER
913 204 1111 264 SECUNDUS.

57 330 91 382 nt
121 330 280 383 memorata
297 315 338 393 88,
361 340 428 398 quae
444 329 527 399 capto
547 324 666 384 consilio
680 343 793 384 moram
811 327 918 397 attulit,
974 329 1085 401 gnstiui
1104 335 1133 387 et
1156 330 1274 388 Possidii
1296 334 1384 390 rerba
1403 312 1628 409 8818881κηῦ
1646 292 1825 412 ’ἰώ-18888
1867 364 1874 375 ⁴

57 415 163 470 doceat
181 430 294 488 quoquc
317 413 440 498 subinde
462 415 620 471 dilatumne
645 416 855 484 tantummodo,
878 432 916 471 an
976 437 1079 477 sensu:
1096 422 1270 495 quinetiam
1285 423 1398 496 aliquot
1413 439 1474 480 non
1491 425 1589 482 8188888
1606 425 1742 496 8881188888,
1760 443 1826 501 quas

58 503 184 559 omuino
199 503 372 560 dissolutum
385 503 539 561 consilium
553 505 649 560 fuerit.
664 504 718 562 Sed
733 504 918 578 perspicuum
974 525 1027 564 nos
1045 527 1061 566 a
1078 515 1253 583 praepostera
1269 513 1319 568 illa
1332 512 1569 585 interpretatione
1589 521 1732 572 revocent.
1754 519 1839 575 Nom·

57 596 100 648 est
115 591 271 666 Augustini
285 591 466 665 propositum
480 609 541 648 non
562 593 662 664 fuisse,
674 609 711 649 eo
736 609 828 666 usque
851 594 917 650 ritae
977 598 1003 653 si
1025 602 1239 657 conversionem
1257 602 1410 674 Augustini
1424 604 1574 659 referimus
1591 604 1622 660 18
1645 621 1754 663 88888
1767 611 1826 662 trc-

56 698 120 738 suae
134 681 287 738 historiam
307 681 339 737 in
352 680 447 754 prima
462 681 679 738 Confessiouum
699 698 817 737 suarum
837 687 918 754 parte
973 690 1160 753 centesimum
1182 691 1388 763 octogesimum
1402 693 1568 765 septimum,
1582 694 1676 749 dicere
1691 711 1827 767 cogemur

56 771 239 842 perducere:
255 770 310 825 hoc
323 770 395 826 18818
410 770 503 826 88188
518 774 579 826 8881
591 771 623 826 18
637 770 744 840 88188,
760 774 793 826 81
807 771 916 827 adlau·
972 792 1039 834 eum
1054 779 1145 834 sucin
1160 794 1271 836 secessu
1286 780 1347 835 ruri
1361 796 1451 852 prope
1471 782 1663 838 Mediolanum
1682 783 1826 841 habitasse

56 860 125 915 dem
138 859 241 932 gloriae
256 859 357 930 8881188
372 858 423 914 1181
437 859 468 914 18
488 859 619 914 888188
638 863 786 932 aspectum
806 861 917 932 888188·
971 866 1097 939 illcipso
1111 873 1250 940 1888888,
1268 885 1325 941 quo
1345 869 1491 939 Maximus,
1514 874 1547 926 ut
1564 875 1674 928 constat
1697 889 1732 928 88
1751 876 1825 929 tems

55 952 102 1004 ret
124 965 194 1005 suos
216 947 310 1020 ipsius
324 964 419 1004 mores
444 947 479 1003 ab
493 948 616 1005 infantia
640 950 676 1005 ad
702 950 917 1005 conversionem
970 953 1049 1026 poris
1063 955 1141 1010 illius
1155 955 1285 1024 historia,
1301 960 1432 1012 cunctam
1448 957 1559 1014 ltaliam
1572 959 1734 1029 invadebat,
1749 964 1778 1017 et
1791 976 1824 1016 ex

57 1053 141 1092 snam
163 1039 193 1093 et
207 1037 405 1109 Baptismum:
421 1053 478 1111 quo
486 1037 520 1093 111
530 1043 561 1094 ut
572 1042 687 1093 8888818
699 1038 798 1094 881818
812 1042 916 1106 morte,
971 1043 1246 1100 eaValentinianum
1255 1046 1423 1117 expellebat,
1435 1046 1537 1102 hocest
1548 1047 1577 1101 in
1586 1048 1756 1104 mediobclli
1765 1054 1826 1105 tur·

57 1142 93 1182 88
106 1125 232 1182 verbnm
246 1126 365 1199 quidem
380 1126 416 1184 dc
426 1143 477 1182 suo
492 1128 614 1183 Romam
627 1127 723 1184 reditu
736 1127 839 1196 faciat3
852 1126 917 1183 11881
970 1131 1048 1200 18188,
1065 1133 1115 1205 qui
1133 1149 1193 1189 nou
1208 1134 1363 1190 immanius
1378 1135 1457 1203 alibi,
1473 1152 1559 1208 quam
1573 1137 1603 1191 in
1620 1137 1821 1194 Mediolanensi

58 1232 125 1272 curn
148 1215 321 1289 aliquandiu
343 1218 441 1273 11888
467 1217 634 1286 substitisse,
664 1222 693 1272 et
718 1218 827 1290 aliquot
859 1216 917 1273 illic
971 1225 1063 1276 tractu
1072 1221 1231 1278 fremebat:
1248 1223 1355 1295 qnippe
1375 1239 1441 1278 cum
1456 1225 1626 1296 1888881881
1641 1226 1819 1283 domicilium

57 1303 207 1375 scripsisse
225 1303 313 1359 1118888
332 1304 363 1360 18
388 1304 515 1360 88818888
536 1305 573 1361 811
588 1308 716 1374 (11818881.
739 1307 787 1363 tib.
805 1310 832 1379 1,
853 1323 914 1378 888.
971 1325 1002 1364 ac
1015 1310 1112 1366 sedem
1129 1312 1256 1383 praebere
1272 1311 1465 1369 Mediolanum
1478 1314 1589 1370 soleret.
1610 1315 1672 1380 Quo
1686 1314 1729 1384 iit,
1743 1319 1776 1371 nt
1791 1333 1824 1373 ex

56 1391 127 1464 1-9).
141 1391 230 1460 0818,
244 1392 321 1465 quod
340 1409 394 1449 nos
408 1393 470 1467 ipse
485 1392 632 1462 8888881,
650 1411 680 1451 88
700 1396 824 1451 881188
838 1396 915 1452 festi·
968 1399 1109 1455 Ambrosii
1125 1401 1218 1455 verbis
1233 1400 1330 1474 colligi
1346 1401 1484 1457 Baronius
1504 1402 1670 1469 arbitretur,
1691 1404 1824 1461 Mediola-

56 1486 178 1537 888188
198 1481 291 1537 88118
305 1480 420 1538 81188118
434 1483 582 1555 praeterire
598 1483 688 1556 (conf.
703 1485 751 1540 lib.
766 1487 794 1556 9,
810 1501 870 1556 cap.
884 1488 911 1554 8,

55 1587 83 1626 n.
98 1569 169 1643 iil?
183 1570 250 1642 Ejus
263 1570 352 1642 igitur
362 1570 456 1627 verbis
465 1572 640 1643 nullatenusf
646 1573 840 1645 adversamur,
849 1589 915 1630 cum

55 1676 122 1716 eum
135 1664 254 1716 mortua
266 1663 357 1715 matre
367 1661 520 1716 consilium
530 1661 560 1717 in
568 1662 692 1718 Africam
701 1665 848 1721 remeandi
858 1664 913 1720 dis-

55 1748 169 1819 tulisse,
189 1753 219 1804 81
241 1753 357 1821 postero
389 1750 483 1806 solum
507 1767 583 1806 auno
602 1751 754 1823 perfecisse
780 1753 912 1809 dicimus.

55 1838 168 1904 Quibus
181 1854 270 1910 88888
283 1838 319 1893 88
334 1839 426 1894 causis
438 1839 582 1895 distulerit
590 1841 666 1913 (888
681 1843 779 1899 multer
790 1859 851 1899 csse
867 1859 914 1915 88

56 1930 199 1994 1888881),
220 1942 273 1981 888
291 1927 379 1995 18181;
400 1928 483 1983 881818
501 1943 569 1984 eum
582 1930 710 2001 potuisse
724 1931 839 1987 differre
858 1931 914 1987 suf-

56 2017 135 2072 licit:
159 2031 328 2088 quanquam
350 2016 517 2073 dilationem
542 2022 571 2074 et
589 2035 699 2075 moram
719 2020 775 2093 ipsi
799 2022 913 2077 8118188

55 2121 116 2160 esse
131 2104 238 2160 suadet
251 2104 324 2160 ratio
340 2121 398 2160 nou
412 2105 492 2162 18818.
509 2106 613 2163 Scribit
626 2108 705 2163 enim
719 2125 758 2177 se,
776 2125 841 2165 cum
854 2126 913 2165 rna·

56 2198 97 2250 ter
111 2193 145 2249 in
160 2193 297 2248 morbum
325 2192 437 2262 incidit,
457 2194 544 2250 08118
561 2195 658 2264 181888,
686 2197 735 2253 8181
752 2200 819 2270 8881
835 2199 914 2272 18881

56 2280 171 2338 11188818
186 2281 316 2337 18188888
330 2281 405 2337 vires
423 2283 568 2339 reficiebat
582 2285 749 2358 priusquam
766 2287 797 2342 ia
812 2304 913 2344 navem

56 2372 282 2429 conscenderet:
317 2373 540 2429 instaurabamus
565 2390 623 2443 nas,
661 2375 711 2444 ait,
745 2379 916 2447 navigationi

59 2463 153 2534 (itam,
173 2478 237 2534 cap.
261 2463 305 2532 10,
318 2477 347 2517 n.
368 2461 423 2530 23).
441 2461 532 2534 igitur
547 2463 583 2518 ad
599 2463 677 2520 Ostia
694 2465 827 2522 Tiberina
845 2483 912 2522 888-

59 2553 222 2626 quiescens,
244 2550 357 2606 itineris
381 2551 489 2614 labore,
511 2569 599 2626 quem
618 2553 777 2611 Mediolano
800 2556 913 2612 redicas

57 2642 241 2708 toleraverat,
257 2639 470 2712 supersedebat.
486 2643 526 2696 Ac
543 2641 584 2697 sic
597 2643 726 2714 profecto
740 2644 839 2700 11888
854 2661 913 2700 888

58 2734 172 2786 tautum
187 2729 326 2802 temporis
342 2734 535 2789 commoratus
551 2734 622 2802 8881,
638 2737 778 2804 quantum
793 2738 837 2790 sat
853 2751 913 2790 usse

59 2822 155 2890 posset
173 2817 211 2873 ad
230 2818 357 2874 18188188
380 2822 504 2891 quatuor
526 2820 672 2891 opuscula,
697 2838 762 2895 qnae
784 2822 826 2877 ibi
849 2827 913 2892 post

60 2907 241 2980 baptismum
256 2906 354 2976 edidit,
369 2907 575 2964 conscribenda
590 2911 721 2977 (iictract.
746 2910 793 2966 lib.
810 2914 835 2978 1,
852 2927 912 2982 888.

60 2997 125 3068 r-u).
146 2996 331 3068 Quapropter
346 2996 407 3068 ejus
422 2995 453 3051 in
469 2997 543 3053 Urbe
558 2999 746 3054 commoratio
762 3016 821 3055 non
836 3003 913 3067 aute,

61 3085 104 3142 888
120 3088 191 3157 post
205 3084 316 3140 obitum
334 3085 435 3140 matris
450 3087 617 3160 reponenda
632 3091 693 3155 est;
716 3092 745 3143 et
766 3087 913 3144 fatendum

61 3173 210 3247 quidpiam
226 3174 254 3229 ei
268 3174 355 3229 fuisse
374 3174 594 3248 impedimento,
619 3176 774 3249 quominus
795 3177 825 3232 in
839 3177 913 3232 Afri·

59 3277 117 3318 cam
135 3267 200 3318 tam
215 3261 271 3318 cito
293 3268 445 3320 remearet.
467 3265 501 3320 Et
513 3281 581 3320 8888
604 3282 663 3321 non
687 3265 915 3338 improbabiliter

60 3352 112 3408 dici
132 3355 243 3425 posset,
264 3351 423 3408 Monnicam
442 3354 495 3409 sub
512 3353 629 3410 initium
648 3356 811 3411 novembris
825 3372 841 3412 e
857 3356 914 3412 8118

59 3440 209 3514 migrasse,
225 3456 277 3513 per
288 3441 349 3514 ejus
363 3441 473 3498 obitum
486 3442 657 3499 destinatam
670 3443 855 3514 profectionis
869 3459 913 3498 oc-

58 3529 203 3586 casioncm
211 3530 379 3603 Augustino
395 3531 542 3603 excidisse,
558 3534 667 3589 nullam
686 3533 790 3589 deindc
808 3549 912 3605 oppor-

58 3622 158 3675 tunam
181 3618 296 3692 reliqno
314 3635 389 3675 anno
408 3636 438 3676 se
452 3620 608 3689 obtulisse;
625 3626 676 3677 aut
697 3638 763 3677 eum
784 3621 843 3692 jam
863 3621 913 3676 ad·

58 3725 137 3764 verso
152 3712 329 3780 temporeac
343 3708 446 3765 infesto
462 3709 534 3765 mari
544 3710 679 3782 navigare
693 3710 819 3767 noluisse
832 3727 840 3780 ;
852 3715 915 3766 tan-

58 3797 119 3853 dem
132 3814 214 3853 anno
229 3798 360 3870 sequenti
374 3797 547 3870 quibusdam
566 3799 601 3855 de
620 3800 712 3856 causis
730 3816 797 3856 eum
820 3800 914 3856 adhuc

56 3887 88 3942 ad
103 3903 240 3944 mensem
258 3890 414 3960 augustum
428 3889 528 3944 11888
540 3888 627 3945 fuisse
641 3889 802 3948 detentum.
822 3892 911 3946 Porro

58 3976 274 4050 nauigationem
307 3977 419 4033 atertic
447 3977 513 4033 idus
537 3978 701 4034 novembris
729 3979 913 4035 interclusam

56 4065 144 4121 fuisse
156 4064 284 4138 legimus
298 4082 305 4121 :
321 4069 349 4121 et
359 4065 418 4138 ipse
433 4066 584 4123 Gratianus
599 4067 689 4123 edixit
708 4085 784 4124 anno
805 4073 915 4124 trecen·

56 4155 161 4210 1881888
176 4153 362 4224 octogesimo,
378 4159 513 4223 8188888,
530 4172 595 4228 qum
605 4155 780 4212 frumentum
792 4158 913 4213 Romam

59 4243 251 4314 advehebant,
266 4259 325 4298 non
340 4244 414 4299 ultra
428 4242 493 4300 idus
508 4244 630 4301 octobris
645 4245 780 4317 deinceps
793 4262 808 4303 e
827 4253 914 4318 portu

57 4333 435 4405 8188888188188811888.
450 4334 598 4401 88181888.
616 4338 642 4401 5,
655 4349 739 4404 8888.
758 4336 818 4407 ior,
836 4336 907 4408 1118).

63 4419 229 4492 1888811888
242 4420 382 4493 temporis
400 4421 522 4477 historia
540 4422 721 4478 commodam
735 4423 803 4479 satis
817 4426 913 4496 conje-

58 4513 170 4565 cturam
182 4508 266 4565 nobis
280 4510 500 4582 8888881181,88
515 4528 572 4584 qua
592 4512 725 4584 colligere
735 4512 827 4582 118881,
843 4514 914 4586 quid

57 4597 254 4670 augustinum
267 4597 364 4653 ilomae
378 4598 413 4654 ad
425 4614 526 4654 necem
540 4615 632 4673 usque
648 4600 762 4657 Maximi
777 4601 913 4657 distinere

56 4686 194 4757 potuerit.
214 4687 270 4742 1188
283 4687 345 4759 1888
354 4687 431 4742 8818
437 4703 512 4744 anno
527 4689 726 4746 trecentesimo
740 4692 913 4764 octogesimo

58 4774 184 4845 septimo
199 4778 339 4846 tyrannus
354 4775 402 4831 1118
415 4776 489 4832 81888
503 4793 632 4833 mensem
647 4782 800 4850 augustum
810 4779 914 4851 irrupit

57 4858 86 4916 in
101 4861 228 4930 ltaliam,
242 4866 273 4918 et
285 4865 370 4936 pulso
389 4880 424 4920 ex
439 4881 472 4920 ea
487 4864 700 4936 Valentiniano,
719 4865 843 4921 iliricum
862 4884 913 4938 88-

57 4949 128 5008 81188
143 4950 307 5024 888888811,
323 4957 395 5008 18818
409 4954 523 5009 Ρ88818.
537 4953 610 5009 Fieri
630 4970 698 5026 ergo
712 4954 794 5011 188118
808 4956 912 5028 potuit,

59 5043 89 5095 ut
101 5040 286 5113 Augustinus
300 5041 335 5096 de
348 5041 393 5096 bis
410 5041 513 5098 certior
524 5042 624 5110 188188,
641 5058 705 5098 888
722 5044 757 5100 88
776 5044 853 5100 Ostia
866 5045 913 5100 fi-

59 5127 160 5185 berina
173 5134 296 5202 8888188
304 5129 413 5186 8181188
427 5131 527 5186 matris
542 5130 729 5201 detineretur,
745 5138 912 5190 88181888-

59 5215 144 5272 binde
156 5217 288 5286 88881118,
300 5217 386 5290 huius
395 5219 535 5275 tumultus
551 5220 658 5275 exitum
674 5221 800 5294 opperiri
813 5223 913 5278 11888

58 5307 202 5375 statuerit,
216 5306 266 5362 ubi
285 5307 406 5363 88181118
419 5307 487 5364 belli
502 5309 629 5365 cladibus
642 5310 741 5374 tutior,
761 5328 849 5383 quam
864 5314 914 5367 Ta·

60 5400 158 5467 gastae,
179 5396 288 5469 degere
300 5399 419 5468 poterat.
435 5398 506 5453 iiiuc
526 5397 604 5467 satis,
624 5398 788 5472 opinamur,
802 5401 913 5472 perspi-

58 5501 140 5542 cunm
156 5489 204 5542 est
216 5485 328 5542 nnllam
343 5486 458 5542 subesse
472 5502 599 5558 causam,
614 5503 679 5561 quas
697 5487 791 5560 erigat
809 5494 842 5545 ut
855 5491 913 5545 Au·

969 1504 1072 1543 nenses
1086 1488 1161 1545 81888
1177 1494 1246 1545 1888
1261 1491 1296 1546 88
1310 1491 1380 1562 fuga
1393 1491 1532 1563 cogitasse
1549 1491 1702 1564 (baronius,
1718 1492 1757 1549 ad
1769 1509 1821 1551 an·

968 1593 1042 1634 num.
1060 1581 1122 1646 387,
1143 1581 1244 1645 88111).

1004 1668 1030 1723 4.
1056 1668 1128 1723 Cum
1153 1669 1331 1740 Augustinus
1355 1670 1534 1742 Baptismum
1563 1671 1704 1743 suscepit,
1728 1688 1822 1730 annus

968 1753 1168 1812 intercesserat
1186 1759 1385 1831 8818881188,
1399 1775 1435 1815 cx
1456 1775 1513 1831 quo
1535 1761 1713 1816 Psalmorum
1731 1760 1823 1818 1888-

968 1843 1053 1899 clcsia
1073 1845 1277 1902 Mediolanensi
1298 1848 1454 1903 modulatio
1475 1853 1618 1919 coeperat;
1640 1866 1705 1905 cum
1721 1849 1821 1906 8181811-

968 1937 1012 1988 881
1024 1934 1135 1989 iustina
1152 1935 1344 1990 Valentiniani
1359 1935 1436 2007 regis
1450 1936 1535 2007 pueri
1554 1941 1646 1992 mater
1660 1937 1696 1993 ad
1710 1937 1824 1994 Arianis

968 2017 1083 2073 seducta
1124 2023 1344 2093 persequeretur
1379 2020 1563 2076 Ambrosium
1601 2020 1822 2091 (confessionum

968 2107 1016 2161 lib.
1037 2111 1064 2177 9,
1083 2123 1144 2178 cap.
1160 2113 1188 2163 7.
1202 2124 1229 2164 n.
1254 2109 1308 2180 15).
1328 2109 1408 2165 11888
1425 2109 1564 2165 Β8888188
1576 2109 1663 2166 181881
1678 2110 1762 2166 11188
1775 2111 1824 2167 ba·

968 2194 1105 2266 8118188
1123 2196 1209 2252 fuisse
1230 2213 1306 2252 anno
1328 2203 1392 2269 post
1410 2198 1536 2254 sedatam
1556 2199 1631 2255 hanc
1650 2199 1825 2272 persecutio·

969 2298 1035 2339 nom
1058 2285 1188 2356 proximo
1212 2286 1424 2358 (1188οηί88881
1447 2303 1549 2343 annum
1570 2290 1631 2356 388,
1656 2304 1685 2343 a.
1709 2287 1766 2360 11).
1788 2289 1824 2344 111

969 2377 1044 2429 88818
1071 2374 1198 2446 quidem,
1221 2379 1255 2430 ut
1277 2375 1459 2448 baptismum,
1472 2376 1626 2448 Augustini
1649 2392 1822 2448 reponamus
1842 2387 1845 2390 ·

969 2478 1043 2517 anuo
1056 2462 1258 2519 trecentesimo
1269 2464 1443 2537 octogesimo
1454 2466 1586 2537 septimo,
1597 2466 1622 2520 si
1630 2466 1714 2522 modo
1722 2466 1822 2522 Sermo

968 2550 1109 2606 Ambrosii
1131 2552 1165 2607 de
1188 2552 1315 2608 Basilicis
1341 2569 1400 2609 non
1424 2554 1569 2610 tradendis
1591 2554 1707 2611 habitus
1736 2554 1824 2611 fucrit

970 2639 1117 2695 Dominica
1131 2642 1306 2709 palmarum,
1322 2659 1387 2715 qum
1400 2658 1477 2697 anno
1492 2644 1694 2699 trecentesimo
1708 2649 1823 2717 octoge-

969 2721 1042 2783 simo
1056 2733 1134 2784 sexto
1155 2728 1299 2785 incidebat
1322 2730 1353 2785 18
1368 2731 1504 2787 ultimum
1525 2731 1602 2787 diem
1623 2731 1729 2787 martii.
1750 2733 1822 2788 Nam

969 2817 1020 2872 sub
1036 2816 1066 2872 id
1080 2821 1204 2890 tempus,
1222 2834 1278 2890 quo
1293 2835 1387 2875 sermo
1401 2819 1448 2874 hic
1461 2819 1576 2875 habitus
1589 2824 1641 2890 est,
1657 2824 1706 2875 aut
1720 2820 1818 2892 paucis

968 2910 1034 2960 ante
1058 2905 1170 2974 dicbus,
1194 2907 1318 2978 populns
1340 2907 1564 2975 {Mediolanensis
1583 2909 1708 2978 psalmos
1736 2909 1822 2980 coepit

969 2993 1130 3049 concinere.
1154 2994 1199 3050 Sic
1225 3009 1294 3066 erga
1317 2995 1387 3050 dum
1410 2994 1586 3067 Augustinus
1606 2996 1765 3067 baptizatus
1779 2999 1821 3050 881

970 3086 1068 3136 881888
1089 3081 1227 3137 kalendas
1242 3082 1310 3137 maii
1324 3099 1401 3138 anno
1421 3083 1621 3139 trecentesimo
1645 3083 1820 3156 octogesimo

969 3169 1100 3242 septimo,
1126 3186 1218 3226 annus
1241 3176 1271 3226 et
1296 3171 1389 3227 mensi
1403 3172 1515 3227 circiter
1540 3172 1746 3229 intercesserat.
1769 3173 1823 3228 ist-

968 3260 1030 3314 haec
1052 3259 1261 3330 persecutionis
1281 3259 1310 3315 in
1328 3260 1512 3316 Ambrosium
1535 3261 1681 3317 8888118188
1703 3261 1823 3317 chrono-

968 3347 1045 3419 logia
1059 3348 1225 3404 contirmari
1239 3353 1334 3421 potest
1347 3365 1382 3404 ex
1397 3350 1471 3421 lega,
1496 3365 1583 3422 quam
1597 3349 1707 3405 tustina
1723 3353 1822 3407 contra

969 3437 1140 3493 orthodoxos
1155 3438 1303 3493 ferendam
1318 3438 1427 3493 curavit
1441 3454 1492 3511 pro
1506 3438 1620 3510 Synodo
1635 3438 1821 3507 Ariminensi,

967 3527 1033 3582 data
1057 3526 1228 3582 duodecimo
1252 3526 1390 3581 kalendas
1414 3526 1563 3590 februarii,
1581 3543 1657 3582 anno
1683 3531 1822 3583 trecente·

968 3616 1041 3671 simo
1069 3615 1245 3687 octogesimo
1273 3619 1360 3669 sexto.
1395 3615 1467 3670 Nam
1496 3614 1527 3670 in
1562 3614 1682 3685 88181818
1709 3616 1821 3673 888188

968 3709 1070 3777 quarta
1084 3703 1237 3770 Ambrosii,
1260 3704 1296 3759 ad
1318 3703 1510 3760 Marcellinum
1534 3719 1672 3766 sororem,
1698 3720 1764 3777 quae
1786 3706 1821 3761 ad

967 3794 1095 3868 primum
1115 3792 1319 3865 persecutionis
1340 3808 1449 3848 annum
1466 3792 1593 3864 (biennio
1609 3792 1687 3848 8818
1707 3794 1758 3849 1118
1775 3794 1823 3850 de·

968 3884 1069 3956 888111)
1092 3883 1206 3938 8188188
1228 3884 1367 3953 88881888,
1394 3898 1431 3937 88
1450 3883 1567 3938 verbum
1595 3881 1710 3954 quidem
1734 3887 1823 3940 exstat

968 3973 1047 4029 illius
1061 3973 1141 4043 legis.
1160 3973 1264 4028 Contra
1278 3988 1344 4026 8888
1360 3971 1495 4043 frequens
1517 3972 1579 4044 ejus
1594 3971 1716 4027 habetur
1737 3988 1821 4029 mcu-

968 4063 1008 4118 118
1022 4063 1052 4117 18
1067 4063 1202 4118 Sermone
1215 4061 1250 4115 de
1270 4060 1397 4115 Basilicis
1417 4076 1476 4115 non
1499 4060 1656 4131 tradendis,
1679 4060 1730 4133 qni
1743 4062 1820 4121 haud

967 4152 1053 4207 dubie
1080 4150 1115 4206 ad
1147 4150 1269 4205 alterum
1298 4164 1407 4205 anuum
1434 4149 1569 4221 pertinet.
1599 4148 1760 4204 Verisimile
1779 4154 1823 4206 est

967 4240 1056 4312 igitur
1067 4240 1141 4295 hanc
1155 4239 1250 4310 legem
1259 4238 1357 4294 adulta
1369 4237 1568 4309 persecutione
1577 4237 1725 4292 sancitam,
1740 4237 1821 4303 08881

968 4329 992 4384 81
1006 4328 1045 4383 118
1069 4328 1116 4395 811,
1131 4328 1294 4383 1881888888
1309 4332 1351 4383 881
1370 4327 1420 4384 1118
1439 4325 1599 4382 necessario
1615 4341 1691 4380 anno
1703 4329 1821 4402 ⁶trecen·

967 4417 1071 4473 tesimo
1082 4416 1258 4489 octogesimo
1269 4416 1380 4488 quinto,
1393 4419 1422 4472 et
1434 4413 1615 4470 terminanda
1626 4430 1702 4469 auno
1715 4417 1823 4471 trecen·

968 4506 1070 4562 tesimo
1085 4505 1260 4578 octogesimo
1275 4510 1363 4561 sexto.
1384 4506 1477 4576 Atque
1496 4503 1566 4559 adeo
1581 4503 1743 4576 Baptismus
1763 4507 1835 4561 An·-

968 4595 1075 4667 gustini
1087 4593 1270 4666 reponendus
1284 4609 1360 4648 anno
1374 4590 1573 4648 trecentesimo
1589 4593 1764 4666 8818888188
1778 4609 1822 4648 se·

967 4685 1067 4758 81188.
1083 4685 1186 4756 Opcrre⁴
1200 4683 1326 4755 pretinm
1349 4685 1391 4738 cst
1404 4681 1514 4753 pariter
1528 4682 1688 4750 8188888888,
1705 4683 1822 4739 18811888

967 4773 1196 4846 persecutionem
1220 4772 1313 4827 adhuc
1333 4769 1468 4841 viguisse,
1492 4770 1563 4827 dum
1578 4775 1738 4844 martyrum
1753 4772 1821 4827 Pro-

967 4864 1033 4919 tasii
1062 4868 1091 4918 et
1118 4861 1244 4919 Gerrasii
1275 4877 1396 4933 corpora
1424 4860 1540 4916 1888888
1568 4865 1645 4930 8881,
1680 4862 1735 4918 hoc
1767 4866 1822 4932 ast,

968 4956 1089 5008 8888818
1098 4951 1190 5024 junio.
1208 4952 1278 5008 Cum
1294 4947 1372 5005 enim
1382 4953 1490 5006 constet
1499 4967 1533 5006 cx
1547 4950 1708 5023 Augustino
1720 4951 1817 5023 (Seru.

967 5045 1030 5110 286,
1045 5058 1073 5098 n.
1087 5041 1117 5112 4)
1131 5041 1218 5113 hujus
1232 5037 1433 5095 translationis*
1442 5039 1664 5108 solemnitatem,
1680 5055 1746 5110 quae
1766 5031 1829 5093 1888
1890 5053 1893 5058 ·

967 5131 1028 5203 ipsa
1042 5130 1088 5186 die
1101 5131 1132 5185 in
1147 5128 1236 5185 881881
1250 5127 1482 5199 Carthaginensis
1498 5129 1628 5184 Ecclesia
1650 5126 1821 5183 Kalendario

968 5225 1143 5276 memoratur
1158 5219 1351 5289 (Mobilicnr‘us,
1370 5218 1522 5274 Annalium
1537 5222 1605 5273 tomo
1620 5220 1645 5284 3,
1658 5231 1725 5286 888.
1743 5217 1820 5287 3981,

966 5308 997 5363 18
1012 5308 1105 5364 Africa
1128 5308 1213 5364 fuisse
1234 5308 1417 5374 celebratam,
1433 5323 1486 5362 uec
1499 5304 1615 5361 aliunde
1630 5308 1742 5360 sanctos
1756 5304 1821 5360 illos

969 5403 1108 5470 martyres
1128 5401 1196 5453 tunc
1219 5397 1357 5470 temporis
1384 5395 1558 5462 1888181888;
1587 5392 1742 5450 8881818118
1757 5411 1820 5450 88-

970 5488 1098 5556 8188881,
1114 5487 1259 5545 decimum
1273 5504 1381 5544 nouam
1403 5485 1480 5558 junii
1495 5482 1584 5552 diem,
1599 5482 1651 5558 qui
1671 5500 1752 5541 sacer
1765 5483 1821 5541 iilis
