3884 6112
59 190 128 243 lise

97 311 137 362 to.
153 308 188 362 Et
199 323 235 362 ne
256 308 376 378 longum
388 306 501 373 faciem,
514 308 627 364 videtur
642 310 713 365 mihi
730 311 826 367 anima
839 326 906 367 cum

57 396 145 451 sentit
157 396 187 450 in
200 412 330 466 corpore,
345 412 404 450 non
419 395 453 450 ab
469 397 518 451 illo
533 398 641 468 aliquid
651 400 721 471 pati,
735 401 785 455 sed
799 401 830 454 in
844 400 906 471 ejus

56 484 239 557 passionibus
253 485 389 539 attentius
403 500 498 555 agere,
514 490 542 540 et
559 486 610 541 has
623 489 749 543 actiones
764 489 822 544 sive
836 487 905 543 faci·

57 574 98 627 les
113 577 233 645 propter
251 571 490 639 convenientiam,
513 573 571 627 sive
587 574 716 630 difficiles
729 582 848 648 propter
861 576 905 631 in·

56 661 294 728 convenientiam,
318 677 376 715 non
401 677 465 715 eam
485 661 573 716 latere
599 679 606 715 ε
631 669 659 717 et
681 663 734 717 hoc
756 669 848 719 totum
864 669 907 719 est

57 751 137 821 quod
151 750 255 804 sentire
276 749 390 806 dicitur.
406 749 459 804 Sed
472 749 524 804 iste
539 766 647 817 sensus,
663 743 713 823 qni
734 752 821 807 etiam
837 753 906 808 dum

58 839 128 893 nihil
144 839 293 906 sentimus,
306 837 379 891 inest
393 841 500 904 tamen,
510 837 737 894 instrumentum
748 846 790 895 est
804 856 905 911 corpo·

55 928 105 994 ris,
122 928 196 998 qnod
214 943 247 980 ea
261 926 470 998 temperatione
495 927 589 997 agitur
607 928 642 982 ab
656 928 762 994 anima,
779 932 812 982 ut
825 929 856 982 in
870 944 904 983 eo

55 1016 91 1070 sit
106 1016 141 1069 ad
157 1015 302 1087 passiones
316 1013 444 1085 corporis
457 1030 522 1068 cum
542 1015 697 1071 attentione
713 1016 838 1087 agendas
853 1032 904 1087 pa·

55 1104 153 1167 ratior,
168 1103 273 1158 similia
282 1102 424 1158 similibus
436 1107 467 1157 ut
477 1104 624 1175 adjungat,
635 1105 812 1176 repellatque
825 1104 903 1175 quod

55 1193 174 1247 noxium
187 1196 237 1247 est.
249 1192 317 1262 Agit
328 1207 426 1261 porro,
437 1196 469 1246 ut
479 1192 592 1263 opinor,
604 1193 780 1249 luminosum
796 1192 905 1263 aliquid

55 1279 85 1334 in
108 1279 208 1345 oculis,
234 1279 343 1334 aerium
363 1279 578 1335 serenissimum
597 1287 626 1336 et
640 1281 862 1336 mobilissimum
876 1280 906 1333 in

55 1368 182 1434 auribus,
198 1367 389 1440 caliginosum
402 1369 433 1422 in
449 1369 577 1436 naribus,
593 1369 625 1423 in
639 1385 687 1423 ore
702 1368 863 1435 humidum,
875 1367 906 1423 iu

54 1460 133 1512 tactu
147 1460 295 1512 terrenum
309 1461 339 1511 et
352 1456 433 1527 quasi
445 1457 628 1513 lutulentum.
640 1457 694 1511 Sed
707 1457 764 1511 sive
780 1457 832 1512 hac
847 1455 905 1510 sive

55 1545 111 1599 alia
134 1545 336 1599 distributione
356 1545 411 1599 ista
433 1545 634 1616 conjiciantur;
653 1546 714 1617 agit
731 1547 793 1600 hmo
809 1545 906 1600 anima

54 1650 118 1689 cum
135 1634 243 1704 quiete,
259 1634 283 1688 si
298 1650 332 1688 ea
346 1650 410 1706 quae
426 1633 523 1688 insunt
544 1634 573 1688 in
595 1633 705 1688 unitate
720 1632 903 1699 valetudinis,

54 1723 138 1793 quasi
152 1722 287 1776 familiari
298 1722 423 1793 quadam
437 1722 624 1777 consensione
638 1727 784 1777 cesserunt
799 1723 819 1776 ¹.
833 1722 904 1775 Cum

53 1817 150 1866 antem
166 1810 337 1865 adhibentur
351 1826 383 1864 ea
400 1825 464 1882 quae
480 1811 629 1875 nonnulla,
646 1815 678 1865 ut
689 1811 730 1865 ita
745 1810 849 1879 dicam,
865 1809 905 1864 al·

54 1899 165 1954 taritate
181 1915 284 1969 corpus
307 1899 449 1965 afficiunt;
466 1899 569 1952 exserit
583 1898 751 1954 attentiores
765 1897 903 1968 actiones,

53 1988 113 2042 suis
127 1987 287 2058 quibusque
302 1986 372 2041 locis
386 1992 471 2058 atque
490 1986 688 2041 instrumentis
702 1985 903 2041 accommoda-

53 2080 98 2130 tas
113 2093 120 2130 :
137 2080 205 2130 tunc
218 2075 324 2142 videre,
337 2075 381 2129 vel
396 2075 506 2141 audire,
521 2075 564 2128 val
575 2074 706 2143 olfacere,
722 2074 764 2128 val
777 2078 903 2145 gustare,

53 2164 98 2219 vel
113 2164 254 2235 tangendo
272 2163 377 2217 sentire
400 2162 518 2229 dicitur;
535 2162 639 2232 quibus
653 2161 812 2216 actionibus
837 2178 903 2215 cen-

53 2268 128 2325 grua
153 2252 276 2306 libenter
304 2250 431 2319 associat,
462 2254 490 2304 et
514 2250 634 2304 moleste
663 2249 776 2304 obsistit
802 2248 905 2303 incon-

54 2340 143 2411 gruis.
160 2342 216 2395 llas
228 2339 407 2410 operationes
421 2337 600 2408 passionibus
613 2336 741 2408 corporis
755 2340 826 2408 puto
843 2337 904 2391 ani-

53 2445 133 2483 mam
161 2427 295 2483 exhibere
320 2443 384 2482 curn
411 2427 509 2495 sentit,
538 2442 598 2481 non
625 2426 740 2481 easdem
757 2425 904 2497 passiones

55 2517 192 2584 recipere.
471 2517 476 2525 '

93 2610 134 2660 lt.
154 2605 332 2677 Quapropter
347 2620 412 2659 cum
437 2605 471 2659 de
487 2619 622 2659 sonorum
640 2602 769 2658 numeris
784 2603 814 2657 in
829 2619 903 2674 prae-

53 2693 146 2748 sentia
158 2697 312 2764 quaeratur,
326 2698 355 2747 et
364 2708 463 2747 sensus
478 2692 591 2746 aurium
602 2695 718 2746 vocetur
731 2691 762 2746 in
772 2689 902 2757 dubium,

52 2799 112 2837 non
126 2786 238 2852 oportet
257 2798 310 2853 per
332 2786 436 2835 cetera
458 2779 565 2835 diutius
589 2779 713 2850 evagari.
737 2778 903 2833 Referemus

52 2870 151 2941 itaque
176 2886 225 2924 nos
239 2870 275 2924 ad
302 2868 331 2923 id
353 2868 388 2923 de
403 2885 460 2939 quo
476 2868 581 2939 agitur,
603 2872 632 2922 et
644 2868 791 2933 videamus
806 2871 903 2950 qtrnm

53 2975 142 3012 sonas
165 2957 328 3012 inauribus
351 2956 460 3028 aliquid
483 2957 576 3011 faciat.
599 2957 644 3010 An
667 2960 699 3010 tu
718 2955 746 3009 id
762 2953 904 3024 negabis?

53 3049 93 3101 D.
109 3045 184 3101 Nihil
206 3045 311 3101 minus.
336 3047 373 3101 Μ.
398 3044 491 3109 Quint
515 3043 628 3099 easdem
644 3059 727 3097 aures
745 3042 903 3097 animatum

55 3135 218 3190 membrum
231 3150 291 3189 esse
302 3149 399 3189 nonne
411 3132 562 3188 concedis?
573 3133 610 3187 D.
623 3131 765 3188 Concedo.
779 3133 816 3186 M.
833 3131 903 3184 Cum

54 3240 124 3295 ergo
138 3223 167 3278 id
182 3222 259 3294 quod
271 3222 302 3278 in
317 3239 350 3278 eo
366 3221 496 3277 membro
509 3220 601 3275 simile
616 3224 659 3274 est
672 3220 741 3286 aeri,
755 3223 904 3274 moveatur

53 3327 121 3365 aare
133 3326 280 3381 percusso;
304 3309 430 3364 animam
445 3309 525 3364 illam
540 3325 605 3380 qum
619 3312 684 3363 ante
699 3308 785 3362 istum
799 3322 903 3363 sonum

53 3396 133 3451 vitali
146 3399 227 3451 motu
241 3395 271 3450 in
286 3395 400 3450 silentio
413 3410 515 3466 corpus
531 3394 644 3448 aurium
657 3393 816 3465 vegetabat,
832 3407 903 3446 num

54 3490 190 3558 putamus
206 3490 256 3540 aut
276 3500 385 3540 cessare
410 3500 493 3555 posse
508 3484 544 3539 ab
568 3499 655 3555 opere
674 3481 811 3537 movendi
825 3480 903 3553 quod

54 3574 173 3641 animat,
190 3577 241 3627 aut
254 3573 354 3627 eodem
373 3573 459 3627 modo
474 3586 588 3626 movere
603 3574 779 3625 commotum
794 3569 904 3623 extrin-

54 3678 135 3716 secus
154 3677 249 3716 aerem
272 3661 347 3716 auris
370 3677 440 3728 suae,
461 3675 518 3732 quo
541 3659 673 3714 movebat
687 3662 841 3729 antequam
856 3658 904 3712 ille

54 3750 223 3807 illaberetur
237 3749 343 3805 sonus?
358 3751 396 3804 D.
413 3750 473 3803 Non
490 3747 603 3802 videtur
616 3746 672 3802 nisi
687 3747 778 3802 aliter.
794 3748 828 3802 ld.
846 3748 904 3800 lloc

55 3855 124 3911 ergo
136 3838 220 3893 aliter
230 3854 345 3893 movere
358 3842 380 3907 ²,
396 3853 489 3893 nonne
504 3836 653 3892 fatendum
668 3840 709 3891 est
723 3836 816 3891 faeere
832 3852 903 3901 esse,

55 3945 115 3984 non
128 3928 208 3999 pati?
219 3929 257 3984 D.
274 3928 316 3982 lta
329 3932 380 3983 est.
396 3929 433 3982 ll.
452 3926 513 3980 Non
526 3925 615 3996 igitur
626 3925 747 3981 absurde
761 3924 905 3979 credimus

55 4019 151 4071 motus
165 4031 232 4070 suos
246 4014 383 4080 animam,
399 4013 593 4079 relectiones,
609 4014 652 4067 vel
667 4011 905 4083 operationes,vel

55 4104 79 4158 si
103 4119 160 4175 quo
184 4103 239 4158 alio
264 4102 381 4158 nomine
404 4101 583 4157 commodius
603 4099 759 4172 significari
773 4103 904 4171 possunt,

61 4210 120 4247 non
135 4193 222 4247 latere
233 4208 299 4247 cum
313 4191 405 4247 sentit.

94 4283 136 4336 m.
154 4282 203 4335 llae
226 4284 323 4335 autam
344 4279 533 4351 operationes,
549 4278 592 4331 vel
607 4275 832 4348 precedentibus
845 4290 906 4330 eor-

56 4384 160 4440 poram
170 4368 352 4440 passionibus
366 4366 594 4433 adhibentur;nt
609 4369 675 4418 sunt
689 4379 753 4417 curn
768 4362 825 4417 ille
841 4378 906 4417 ocu-

57 4459 152 4511 lorum
167 4463 331 4511 nostrornm
355 4456 449 4510 lucem
475 4454 575 4510 formse
589 4452 783 4523 interpellant,
806 4454 856 4505 aut
876 4451 907 4504 in

55 4560 141 4599 aures
155 4545 251 4599 influit
265 4561 361 4614 sonus,
377 4551 427 4599 aut
445 4543 563 4598 naribus
585 4540 790 4605 exhalationes,
811 4539 906 4611 palato

56 4650 185 4704 sapores,
201 4636 306 4688 cetero
321 4632 434 4704 corpori
448 4630 584 4703 quelibet
594 4628 686 4684 solida
698 4632 726 4682 ct
738 4629 908 4699 corpulenta

57 4722 248 4776 admoventur
260 4721 442 4784 extrinsecus,
460 4719 503 4774 vel
523 4718 630 4789 inipso
645 4732 767 4787 corpore
789 4716 823 4772 de
845 4717 906 4769 loco

55 4808 88 4864 in
102 4808 197 4863 locum
208 4809 314 4879 migrat
323 4808 432 4880 aliquid
448 4807 505 4862 sive
519 4807 632 4873 transit,
647 4805 690 4860 vel
704 4809 796 4860 totum
811 4804 908 4875 ipsum

56 4914 160 4969 corpus
169 4914 221 4952 suo
233 4897 361 4952 alienove
371 4897 498 4968 pondere
509 4899 640 4949 movetur
656 4909 662 4947 :
677 4893 721 4948 hae
736 4897 802 4947 sunt
814 4908 910 4964 opera·

57 4987 150 5041 tiones
166 5003 237 5058 quas
251 4985 369 5040 adhibet
378 4985 474 5039 anima
484 4980 711 5056 precedentibus
725 4980 907 5052 passionibus

57 5075 201 5146 corporis3
218 5090 282 5146 quae
298 5074 440 5129 delectant
463 5089 526 5127 eam
543 5069 741 5135 associantem,
759 5067 909 5123 offendunt

18 5204 25 5215 .
60 5165 252 5219 resistentem.
276 5163 347 5219 Cum
363 5167 461 5218 autem
480 5161 515 5217 ab
531 5160 640 5215 eisdem
662 5156 721 5211 suis
736 5156 910 5228 operationi-

93 5275 99 5307 ¹
122 5272 173 5321 Sic.
194 5273 255 5321 bles.
273 5283 365 5320 omnes
379 5272 475 5332 praeter
488 5268 654 5322 Vaticanum,
674 5264 789 5326 quicum
803 5263 861 5313 Am.
881 5262 914 5311 Et

61 5336 105 5384 Er.
122 5334 209 5393 habet,
227 5331 392 5383 cobasertnt.
408 5330 441 5379 lt
452 5331 526 5386 Lov,
538 5328 724 5378 concesserint.

91 5397 146 5447 ²ln
162 5395 239 5445 editis
256 5410 262 5444 :
278 5399 336 5446 ivon
348 5389 635 5443 otdetnrmtbiottter.
646 5390 679 5441 Μ.
695 5389 752 5440 llcc
762 5397 912 5449 cresceres

60 5458 160 5510 taeter
166 5457 352 5509 munerantis
360 5455 410 5504 niel
415 5454 512 5504 loribus
519 5451 659 5503 lfsslectio
669 5454 760 5501 nostra
765 5448 912 5500 exhibetur.

793 187 899 244 LIBER
927 184 1073 243 SEXTUS.
1090 212 1094 218 ’

1744 192 1811 245 llio

959 310 1014 366 bus
1027 309 1134 382 aliquid
1149 311 1267 382 patitur,
1290 328 1306 366 a
1325 313 1417 385 seipsa
1431 313 1549 384 patitur,
1564 332 1621 370 non
1639 333 1656 370 a
1674 332 1808 388 corpore,

961 399 1009 454 sed
1023 399 1108 470 plane
1122 415 1188 454 cum
1203 416 1232 454 se
1254 403 1452 457 accommodat
1465 403 1577 473 corpori
1593 421 1600 457 :
1617 409 1644 458 et
1658 403 1721 458 ideo
1734 407 1809 475 epnd

961 487 1084 558 seipsam
1099 486 1194 542 minus
1209 492 1261 554 est,
1277 488 1345 560 quia
1364 505 1466 560 corpus
1481 507 1594 562 semper
1613 492 1708 546 minus
1722 508 1808 563 quern

960 573 1022 646 ipsa
1035 579 1088 630 est.

997 667 1039 718 lt.
1056 663 1197 718 Conversa
1215 679 1282 735 ergo
1298 680 1314 718 a
1331 665 1450 719 Domino
1465 683 1517 720 suo
1537 668 1572 721 ad
1584 683 1698 722 servum
1713 684 1807 735 suum,

960 751 1119 806 necessario
1135 751 1231 806 delicit
1246 768 1252 805 :
1267 768 1401 807 conversa
1416 753 1484 807 item
1500 770 1515 807 a
1531 770 1610 808 servo
1625 771 1676 808 suo
1698 756 1734 811 ad
1751 757 1809 811 lio-

960 840 1071 893 minum
1096 856 1190 907 sunm,
1213 831 1373 895 necessario
1394 841 1518 911 prolicit,
1540 846 1568 897 et
1591 843 1700 912 praehet
1714 844 1808 898 eidem

960 944 1041 983 servo
1064 928 1231 983 facillimam
1245 929 1343 996 vitam,
1362 934 1390 983 et
1403 934 1555 1000 propterea
1570 929 1690 985 minima
1703 948 1807 1003 opero-

961 1032 1021 1070 sam
1037 1021 1064 1069 et
1078 1017 1266 1087 negotiosam,
1281 1019 1315 1073 ad
1332 1035 1419 1089 qnam
1437 1024 1557 1089 propter
1570 1035 1713 1074 summam
1729 1020 1809 1091 quie·

960 1107 1018 1158 tem
1043 1104 1121 1158 nulla
1144 1105 1349 1178 detorqueatur
1372 1107 1507 1173 attenti0;
1533 1106 1606 1161 sicut
1626 1111 1670 1161 est
1695 1107 1807 1162 affectio

960 1191 1165 1264 corporisque
1180 1193 1285 1248 sanitas
1300 1193 1423 1249 dicitur:
1440 1195 1519 1248 nulla
1529 1194 1636 1265 quippe
1649 1195 1808 1249 attentione

960 1285 1056 1334 nostra
1070 1296 1141 1350 opus
1157 1280 1251 1345 habet,
1270 1296 1328 1334 non
1348 1280 1416 1350 quia
1429 1281 1499 1334 nihil
1512 1286 1580 1336 tunc
1594 1282 1653 1353 agit
1666 1282 1763 1336 anima
1777 1283 1807 1336 in

959 1384 1089 1439 corpore,
1104 1370 1154 1424 sed
1167 1369 1236 1439 quia
1250 1368 1323 1424 nihil
1335 1369 1445 1424 facilius
1460 1371 1529 1441 agit.
1545 1373 1615 1425 Nam
1630 1372 1661 1426 in
1675 1373 1807 1428 omnibus

960 1455 1095 1526 operibus
1119 1456 1221 1511 nostris
1245 1460 1325 1510 tanto
1351 1456 1507 1528 quidquam
1531 1458 1677 1525 attentius,
1701 1465 1823 1530 quanto·

959 1543 1103 1599 difficilius
1125 1560 1287 1615 operemur.
1308 1544 1373 1598 llaec
1387 1551 1483 1598 autem
1502 1544 1607 1599 sanitas
1620 1550 1688 1600 tunc
1704 1547 1807 1601 firmis-

959 1632 1033 1686 sima
1053 1633 1106 1686 erit
1120 1637 1205 1703 atque
1228 1631 1396 1701 certissima,
1418 1647 1484 1686 cum
1506 1631 1635 1702 pristinae
1649 1633 1807 1702 stabilitati,

959 1725 1035 1775 certo
1056 1737 1108 1774 suo
1128 1725 1258 1791 tempore
1282 1725 1367 1792 atque
1391 1720 1502 1784 ordine,
1523 1721 1576 1774 hoc
1598 1737 1702 1791 corpus
1722 1722 1810 1776 fuerit

959 1808 1123 1862 restitutum
1137 1807 1187 1878 (a),
1200 1825 1264 1879 qnae
1280 1807 1450 1875 resurrectio
1460 1808 1522 1878 ejus
1537 1811 1690 1878 antequam
1704 1809 1809 1879 plenis-

959 1897 1031 1952 sime
1051 1896 1237 1967 intelligatur,
1263 1895 1416 1951 salubriter
1440 1895 1573 1950 creditur.
1596 1897 1714 1966 Oportet
1729 1896 1807 1951 enim

959 1985 1085 2040 animam
1110 1990 1138 2039 et
1157 1985 1218 2055 regi
1238 2001 1255 2039 a
1275 1984 1432 2055 superiore,
1457 1989 1485 2038 et
1506 1999 1606 2055 regere
1630 1984 1806 2040 inferiorem.

959 2074 1095 2144 Superior
1110 2073 1159 2127 illa
1177 2075 1255 2127 solus
1276 2075 1349 2127 lteus
1363 2078 1416 2137 est,
1438 2070 1557 2126 inferius
1576 2073 1729 2127 illasolum
1743 2089 1806 2128 cor-

958 2179 1023 2234 pus,
1033 2161 1056 2215 si
1066 2161 1101 2215 ad
1112 2177 1227 2216 omnem
1244 2165 1272 2215 at
1287 2165 1375 2214 totam
1392 2160 1519 2215 animam
1533 2159 1675 2217 intendas.
1694 2161 1730 2216 Ut
1739 2177 1807 2233 ergo

959 2255 1019 2305 tote
1034 2266 1095 2304 esse
1110 2249 1170 2303 sine
1191 2248 1324 2317 Domino,
1348 2249 1387 2302 sic
1410 2249 1546 2303 excellere
1566 2249 1627 2303 sine
1652 2265 1733 2303 servo
1748 2266 1808 2305 non

959 2343 1062 2410 potest.
1081 2340 1114 2392 Ut
1129 2342 1224 2391 autem
1242 2336 1381 2391 Dominus
1396 2337 1456 2408 ejus
1472 2336 1564 2407 magis
1578 2341 1621 2391 est
1635 2353 1719 2409 quam
1734 2335 1806 2408 ipsa,

960 2427 999 2482 ita
1009 2443 1107 2481 servus
1116 2425 1225 2480 minus.
1243 2425 1335 2490 Quare
1346 2424 1456 2480 intenta
1470 2423 1499 2478 in
1510 2425 1664 2480 Dominum
1674 2423 1810 2496 intelligit

960 2520 1068 2570 aetcrna
1090 2515 1162 2585 ejus,
1187 2519 1215 2569 et
1230 2512 1322 2585 magis
1337 2518 1388 2581 est,
1415 2514 1563 2584 magisque
1578 2518 1621 2568 est
1641 2512 1727 2567 etiam
1747 2512 1808 2583 ipse

960 2619 1057 2658 servus
1079 2602 1109 2656 in
1124 2619 1175 2656 sno
1191 2617 1296 2672 genere
1310 2617 1362 2672 per
1380 2601 1469 2655 illam.
1487 2602 1620 2671 Neglecto
1636 2605 1731 2656 autem
1752 2602 1807 2656 llo-

959 2691 1037 2747 mino
1058 2691 1168 2744 intente
1189 2689 1220 2742 in
1244 2704 1357 2742 servum
1376 2688 1554 2759 carnalique
1574 2688 1687 2742 ducitur
1700 2704 1808 2742 concu-

958 2779 1097 2853 piscentia
1122 2781 1139 2840 ¹,
1160 2777 1247 2832 sentit
1268 2781 1364 2831 metus
1388 2793 1454 2830 snos
1476 2793 1547 2846 quos
1572 2775 1612 2829 illi
1634 2775 1758 2842 exhibet,
1779 2781 1808 2830 et

958 2870 1055 2925 minus
1074 2874 1138 2922 est:
1159 2870 1318 2921 nectamen
1340 2868 1450 2918 tantum
1466 2865 1571 2930 minus,
1588 2868 1727 2934 quantum
1745 2863 1806 2933 ipse

958 2973 1064 3023 servus,
1081 2955 1169 3010 etiam
1182 2970 1247 3009 cum
1260 2953 1380 3007 maxime
1395 2952 1476 3007 estin
1491 2957 1594 3006 natura
1607 2951 1733 3022 propria.
1748 2953 1806 3005 lloc
1866 3020 1870 3027 ι

958 3051 1055 3101 autem
1080 3043 1183 3099 delicto
1206 3041 1332 3097 dominae
1351 3039 1444 3094 mullo
1465 3040 1560 3095 minus
1576 3044 1619 3094 est
1633 3056 1718 3111 quam
1735 3043 1804 3106 erat,

959 3151 1024 3190 cum
1040 3133 1090 3187 illa
1105 3137 1172 3186 ante
1186 3130 1321 3186 delictum
1336 3127 1428 3200 magis
1442 3132 1515 3183 esset
1530 3126 1551 3182 ¹.

996 3224 1038 3278 ll.
1066 3220 1203 3286 Quocirca
1224 3217 1339 3272 mortali
1360 3217 1420 3288 jam
1436 3221 1465 3271 ct
1484 3215 1590 3287 fragili,
1614 3232 1679 3271 cum
1702 3231 1808 3287 magna

959 3311 1127 3367 difficultate
1142 3313 1228 3380 atque
1240 3305 1397 3361 attentione
1409 3305 1583 3360 dominatur.
1595 3305 1666 3360 llinc
1675 3305 1718 3359 illi
1728 3320 1808 3359 error

958 3399 1090 3467 incurrit,
1105 3402 1139 3452 ut
1152 3397 1326 3468 voluptatem
1341 3394 1479 3465 corporis,
1498 3394 1567 3464 quia
1581 3395 1642 3465 ejus
1656 3392 1807 3448 attentioni

958 3488 1034 3542 cedit
1047 3485 1190 3551 materies,
1203 3483 1294 3556 pluris
1309 3482 1431 3537 aestimet
1444 3497 1532 3552 quam
1543 3480 1634 3552 ipsam
1645 3480 1804 3546 sanitatem,

959 3577 1004 3632 cui
1019 3574 1175 3630 attentione
1191 3573 1270 3626 nulla
1282 3587 1355 3641 opus
1368 3575 1420 3624 est.
1433 3571 1489 3624 Nec
1499 3569 1614 3632 mirum,
1632 3568 1655 3621 si
1671 3567 1808 3623 teriimnis
1873 3635 1876 3639 ι
1911 3588 1920 3597 ·

959 3665 1132 3736 implicatur,
1154 3675 1324 3734 praeponens
1344 3673 1441 3713 curam
1457 3656 1609 3711 securitati.
1627 3655 1807 3711 Convertenti

959 3768 988 3806 sc
1005 3755 1099 3805 autem
1115 3750 1150 3803 ad
1166 3747 1329 3812 Dominum,
1343 3745 1435 3815 major
1449 3759 1516 3798 cura
1531 3742 1632 3808 oritur,
1647 3757 1683 3796 ne
1696 3745 1806 3795 averta-

959 3843 1020 3907 tur;
1031 3839 1121 3893 donec
1133 3835 1290 3891 carnalium
1300 3833 1483 3904 negotiorum
1498 3830 1657 3902 requiescat
1670 3829 1805 3900 impetus,

960 3928 1112 3983 effrenatus
1134 3923 1339 3980 consuetudine
1362 3921 1508 3985 diuturna,
1522 3924 1550 3974 et
1563 3918 1746 3974 tumultuosis
1759 3932 1806 3971 re·

960 4014 1173 4072 cordationibus
1196 4010 1375 4068 conversioni
1390 4011 1451 4080 ejus
1465 4025 1526 4063 sese
1540 4009 1670 4063 inserens
1688 4024 1696 4061 :
1711 4005 1752 4061 ita
1766 4022 1808 4060 se·

960 4106 1033 4162 datis
1046 4104 1172 4159 motibus
1186 4101 1244 4156 suis
1263 4100 1367 4169 quibus
1386 4098 1417 4152 in
1432 4097 1571 4152 exteriora
1586 4094 1806 4165 provehebatur,

960 4193 1019 4264 agit
1033 4192 1124 4246 otium
1138 4190 1307 4244 intrinsecus
1321 4187 1454 4250 liberum,
1467 4184 1543 4257 quod
1559 4182 1736 4255 significatur
1747 4182 1808 4236 sab-

960 4282 1043 4346 bato,
1059 4280 1099 4334 sic
1114 4277 1259 4349 cognoscit
1270 4276 1363 4330 solum
1374 4277 1464 4330 Deum
1475 4288 1534 4327 esse
1548 4270 1701 4326 Dominum
1711 4285 1806 4336 snum,

961 4369 1006 4424 cui
1029 4366 1080 4421 uni
1104 4381 1215 4421 summa
1233 4365 1362 4419 libertate
1387 4362 1516 4417 servitur.
1543 4360 1605 4413 Non
1628 4362 1723 4412 autem
1744 4357 1808 4411 illos

960 4456 1087 4512 carnales
1102 4459 1207 4521 motus,
1233 4458 1265 4507 ut
1278 4468 1344 4507 cum
1357 4451 1427 4507 libet
1446 4448 1559 4510 exserit,
1579 4446 1619 4501 ita
1633 4445 1720 4500 etiam
1741 4460 1807 4499 enm

961 4546 1030 4600 libet
1044 4543 1209 4614 exstinguit.
1225 4543 1289 4596 Non
1302 4540 1379 4596 enim
1392 4539 1465 4594 sicut
1478 4539 1623 4607 peccatum
1637 4534 1667 4587 in
1682 4533 1743 4604 ejus
1755 4550 1807 4605 po·

960 4636 1063 4688 testate
1077 4635 1130 4697 est,
1146 4630 1186 4685 ita
1201 4629 1288 4685 etiam
1302 4644 1387 4700 prena
1398 4623 1516 4698 peccati.
1535 4621 1629 4692 llagni
1644 4621 1752 4693 quippe
1763 4637 1809 4676 res

961 4727 1003 4777 est
1024 4720 1086 4792 ipsa
1104 4719 1210 4786 anima,
1224 4734 1277 4773 nec
1299 4717 1334 4772 ad
1358 4710 1561 4786 opprimendos
1583 4709 1700 4765 lascivos
1715 4715 1809 4766 motus
1872 4742 1876 4749 .

962 4828 1029 4866 suos
1051 4809 1155 4865 idonea
1176 4808 1229 4862 sibl
1244 4807 1381 4864 remanet.
1405 4800 1551 4856 Valentior
1564 4800 1642 4855 enim
1656 4804 1765 4871 peccat,
1780 4801 1810 4854 et

962 4901 1026 4969 post
1047 4900 1193 4969 peccatum
1224 4893 1320 4948 divirm
1337 4891 1401 4961 lege
1423 4890 1496 4943 facta
1516 4886 1698 4956 imbecillior,
1713 4885 1809 4941 minus

962 4989 1065 5057 potens
1090 4986 1132 5037 est
1155 4981 1266 5035 auferre
1281 4976 1357 5049 quod
1376 4975 1451 5030 fecit.
1468 4975 1569 5040 latetis
1583 4974 1630 5041 eqo
1644 4975 1731 5042 homo,
1748 4973 1809 5040 quis

998 5075 1004 5107 ¹
1028 5073 1070 5120 Er.
1091 5070 1179 5124 habet,
1201 5067 1356 5122 carnalem·
1372 5066 1444 5122 Lov,
1459 5063 1594 5121 tarentin
1609 5061 1678 5122 Am,
1690 5057 1809 5130 carneli,

965 5134 1097 5199 quomodo
1110 5133 1188 5182 etiam
1202 5135 1261 5180 octo
1275 5127 1339 5176 Mss.
1356 5140 1436 5190 supra
1450 5126 1616 5182 Vaticanum,
1631 5123 1675 5187 qui
1690 5135 1760 5170 nnus
1772 5134 1810 5169 src

965 5196 1152 5261 prosequitur:
1168 5191 1280 5244 Corneli
1297 5203 1351 5253 quo
1363 5188 1475 5240 demur
1490 5187 1714 5251 concupiscentia.
1741 5182 1811 5245 [our-

965 5259 1024 5310 natt
1037 5269 1095 5330 que
1106 5255 1206 5306 dicitur
1223 5251 1459 5315 concupiscentia]

997 5320 1062 5368 ’Sic
1076 5318 1217 5380 legendum
1232 5316 1336 5365 videtur
1350 5314 1425 5367 iuxta
1442 5314 1502 5362 llas.
1524 5312 1557 5361 llt
1574 5309 1631 5357 Am.
1648 5307 1691 5356 Er.
1709 5310 1735 5356 et
1747 5305 1808 5353 lov.

967 5384 1065 5434 hebent
1079 5397 1084 5429 :
1097 5383 1164 5432 Cum
1178 5379 1225 5429 itte
1238 5382 1302 5429 cate
1312 5365 1438 5430 delictum
1452 5377 1537 5436 meeis
1548 5373 1626 5421 asset.

999 5444 1036 5507 (a)
1050 5442 1108 5493 vid.
1122 5443 1234 5492 Retract.
1249 5439 1294 5490 lib.
1313 5444 1337 5501 l,
1351 5453 1408 5502 cap.
1426 5441 1465 5497 ll,
1480 5449 1507 5486 n.
1520 5437 1543 5483 3.
