3884 6112
99 250 151 305 903
329 244 527 303 Auuoulrlo
547 244 594 301 DE
613 242 859 313 suouult'lllsus
876 242 1007 302 TRIBUS
1024 243 1166 303 CONTRA
1186 243 1414 304 Autumnus
1432 244 1565 303 maula
1816 251 1862 307 tbi

97 369 216 442 dorjam
226 368 389 437 subrutilat,
399 368 534 423 latissime
544 373 630 439 atque
640 366 806 438 plenissime
816 367 946 423 intuean-
1000 368 1060 424 ulla
1070 366 1273 424 commixtione
1287 367 1473 440 persenicut3
1485 383 1557 424 cum
1570 367 1685 424 clamet
1699 367 1778 423 ratio
1788 368 1864 426 inuu

96 463 153 515 tur.
164 458 262 514 Sedes
273 456 729 528 hisquidamlalsiculoresatque
741 455 852 522 formae,
869 457 946 512 velut
999 456 1153 513 merabiles
1172 472 1257 528 posse
1280 455 1358 524 duci,
1375 471 1414 512 nc
1427 472 1491 512 sese
1510 455 1546 511 in
1568 455 1629 512 illis
1643 457 1864 515 incredibilibus

96 547 127 602 in
141 547 289 618 speculum
304 545 483 617 cogitationis
496 561 525 598 se
536 544 669 609 tundunt,
680 543 842 615 falluntque
853 543 946 615 inqui·
1000 545 1138 617 angustiis
1153 544 1208 600 uisi
1222 550 1320 601 centro
1334 561 1419 616 posse
1432 545 1618 618 contingere,
1636 545 1682 601 ite
1696 546 1780 601 utin
1794 550 1865 603 omui

53 686 57 699 ,
97 640 290 706 rentessoepe‚
305 651 337 689 ac
361 633 506 704 decipiunt
524 636 657 704 putantes
680 631 752 687 illud
770 637 863 687 totum
885 649 945 688 esse
1000 650 1099 690 eanum
1114 635 1265 690 intervallo
1278 633 1362 689 scribi
1373 633 1721 707 etiamcirculuspossit.
1733 636 1865 693 floccus

97 724 174 797 quod
189 728 297 778 norunt
311 722 354 776 vel
370 722 447 793 quod
460 720 620 793 inquirunt.
635 721 707 792 Ipsca
723 726 788 776 sunl
803 720 860 776 illae
874 721 946 776 ima·
999 720 1050 777 illa
1064 721 1344 794 phantasiaimplere
1355 739 1413 779 uon
1423 724 1525 794 possit,
1537 723 1704 795 magisque
1715 739 1807 797 quam
1818 725 1864 796 ipsi

97 813 258 884 ginationes
276 826 381 881 magna
396 810 528 865 cautione
546 809 684 877 vitandae,
705 826 770 882 quas
785 810 945 881 deprehen·
999 809 1085 875 oculi,
1101 809 1224 878 deliciet,
1240 809 1381 882 siquidem
1400 825 1452 882 per
1466 810 1548 883 ipsos
1562 816 1608 866 est
1628 809 1737 866 animo
1753 811 1863 873 intliets.

95 902 204 957 duntur
217 899 338 963 fallaces,
351 914 416 953 cum
427 898 606 970 cogitationis
615 897 725 954 variato
737 898 819 970 quasi
829 899 945 969 speculo
999 897 1183 954 manifestum
1197 902 1240 954 est
1253 902 1282 954 et
1295 900 1421 954 multum
1433 914 1500 954 eam
1512 899 1640 955 differre
1656 915 1676 954 a
1691 900 1826 971 veritate
1838 909 1862 957 et

98 988 252 1056 variantur,
263 1003 329 1043 eum
342 986 392 1041 illa
407 987 493 1042 facies
507 985 634 1042 veritatis
649 1002 706 1041 una
720 990 748 1041 et
759 987 946 1042 immutabilis
999 984 1089 1052 illam,
1104 985 1174 1040 dum
1188 986 1250 1040 hoec
1260 985 1383 1055 ridetcrr,
1398 1001 1457 1041 non
1471 985 1579 1042 rideri.

96 1081 220 1132 maneat.
233 1077 305 1131 Tum
321 1074 399 1130 enim
414 1074 530 1130 ulterius
545 1079 630 1146 atque
645 1074 762 1130 alterius
775 1075 946 1146 magnitudi·
1036 1076 1079 1130 36.
1094 1075 1159 1129 llaec
1172 1073 1304 1130 dicentur
1315 1073 1463 1145 operosius
1472 1079 1563 1147 etque
1579 1074 1743 1147 subtilius,
1758 1092 1822 1133 cum
1833 1078 1861 1134 dt

95 1166 140 1221 nis
155 1166 328 1238 quadratum
349 1164 403 1218 sibi
422 1163 555 1233 cogitatio
574 1162 714 1234 depingit,
735 1167 764 1218 et
783 1161 864 1234 quasi
879 1166 945 1217 autc
999 1161 1187 1234 intelligendo
1212 1161 1352 1219 disserere
1377 1163 1567 1235 coeperimus,
1595 1180 1674 1236 quae
1695 1164 1785 1220 nobis
1806 1181 1860 1236 pus

96 1257 194 1312 oculos
208 1254 337 1326 praefert;
354 1253 402 1308 sed
419 1268 500 1306 mens
510 1251 630 1306 interior
640 1268 705 1324 quse
719 1252 779 1306 vult
790 1266 889 1305 verum
904 1249 945 1304 vi·
999 1251 1145 1324 preposite
1160 1255 1213 1319 est,
1229 1267 1295 1307 cum
1308 1252 1344 1308 de
1362 1251 1467 1307 animae
1480 1252 1541 1308 rita
1556 1252 1714 1325 quidquid
1729 1253 1858 1322 sollicitat,

96 1344 174 1410 dere,
190 1343 225 1398 ad
240 1341 309 1396 illud
325 1357 355 1395 se
367 1341 625 1411 potiusconvcrtat,
637 1339 660 1393 ai
671 1342 774 1410 potest,
788 1339 944 1393 secundum
999 1339 1085 1394 luerit
1098 1344 1237 1411 quamum
1249 1341 1375 1395 valemus
1384 1342 1570 1397 enucleatum
1586 1346 1685 1413 utque
1698 1342 1857 1398 discussum.

95 1432 173 1504 quud
190 1431 299 1502 judicat
320 1429 370 1484 illa
390 1429 487 1483 omniu
506 1444 566 1483 esse
587 1428 735 1499 quadrata.
761 1430 800 1482 A.
820 1427 904 1493 Ouid,
921 1427 945 1481 si
999 1429 1060 1483 Non
1076 1429 1251 1484 enimcredo
1266 1430 1571 1500 teparumicrmidare
1581 1446 1723 1486 nemora
1731 1432 1857 1498 humans,

94 1519 179 1575 nobis
193 1518 336 1590 quispiam
347 1517 423 1571 dicct
436 1516 593 1572 secundum
605 1515 633 1572 id
645 1533 709 1572 eam
717 1515 856 1586 judicare,
868 1515 945 1586 quud
999 1517 1175 1573 etiamsinon
1184 1518 1480 1585 interficietunimam,
1492 1535 1595 1574 rerum
1607 1523 1715 1575 tumeo
1727 1520 1857 1583 omniun,

95 1607 193 1663 uidere
209 1605 298 1662 oculis
317 1604 406 1660 solet?
424 1607 456 1660 ll.
480 1605 572 1669 Quare
590 1620 659 1676 ergo
678 1604 793 1676 judicat,
809 1604 833 1658 si
848 1608 944 1658 nmen
998 1610 1028 1661 et
1041 1605 1141 1678 ipsius,
1156 1606 1180 1661 si
1194 1623 1251 1678 quc
1265 1611 1411 1679 comperta
1424 1607 1521 1674 fuerit,
1533 1607 1675 1663 remtatis
1692 1607 1857 1663 oblivionem

95 1696 169 1753 bene
185 1695 298 1750 erudita
316 1699 367 1760 est,
386 1693 565 1765 quantamvis
584 1693 672 1765 pilam
688 1709 784 1748 veram
801 1709 869 1747 uera
882 1692 943 1763 pla·
998 1693 1111 1750 inierat.
1127 1695 1163 1751 A.
1180 1696 1242 1750 Nun
1255 1695 1431 1767 potestastis
1446 1695 1503 1752 dici
1517 1699 1674 1768 quumum
1688 1695 1855 1753 boematum

94 1785 165 1842 nitie
186 1788 293 1856 puncto
307 1783 407 1854 tangit
428 1782 501 1847 Quid
520 1782 576 1837 tale
591 1798 718 1853 uuquam
738 1784 837 1837 oculus
861 1781 942 1848 vidit,
997 1783 1185 1839 metuendum
1198 1783 1245 1841 sit.
1264 1783 1361 1850 Qualis
1380 1784 1458 1840 enim
1473 1784 1529 1840 erit
1540 1784 1595 1839 illa
1610 1789 1729 1840 esterna
1742 1786 1807 1851 rita,
1821 1786 1853 1840 sel

94 1879 145 1930 aut
159 1873 254 1929 sidere
264 1870 443 1944 pulcenicum
459 1871 522 1942 ipsa
545 1870 750 1942 imaginatione
761 1870 944 1941 cogitationis
998 1887 1062 1943 quae
1076 1887 1154 1926 mors
1167 1888 1226 1927 uua
1239 1873 1267 1928 ai
1284 1873 1479 1946 proeponendc
1491 1878 1547 1940 est,
1565 1878 1599 1928 et
1612 1873 1657 1930 sic
1672 1874 1747 1930 vivit
1758 1877 1852 1937 amma,

93 1961 166 2034 fingi
187 1961 345 2034 quidquam
362 1958 528 2030 hujusmodi
549 1974 606 2013 uon
630 1960 743 2031 potest?
764 1962 869 2013 Annon
891 1960 943 2014 boc
996 1966 1029 2015 ut
1041 1960 1171 2016 videmus
1187 1978 1250 2017 eum
1264 1962 1358 2017 risere
1371 1961 1402 2016 in
1415 1976 1506 2033 puero
1521 1977 1592 2017 mox
1608 1966 1708 2019 nato?
1722 1966 1756 2018 nt
1769 1963 1803 2018 de
1816 1964 1852 2017 illa

94 2050 261 2123 probamus,
273 2065 338 2104 cum
349 2049 436 2104 etiam
447 2047 746 2103 minimumcirculum
755 2047 942 2119 imaginando
996 2049 1054 2104 vita
1069 2049 1142 2104 nihil
1159 2048 1252 2105 dicam
1265 2065 1330 2121 quse
1349 2049 1379 2104 in
1393 2055 1475 2105 utero
1488 2049 1606 2121 egitur;
1620 2066 1683 2106 non
1700 2051 1782 2107 enim
1794 2058 1851 2123 puto

93 2139 190 2194 animo
210 2138 408 2201 describimus.
425 2142 455 2193 et
469 2136 504 2192 ab
515 2152 549 2191 eo
563 2136 654 2192 lineas
668 2137 704 2191 ad
717 2141 845 2192 centrum
862 2137 942 2193 duci·
998 2153 1058 2194 esse
1071 2137 1191 2192 nullam.
1207 2139 1240 2194 lt.
1257 2138 1333 2192 Bono
1347 2137 1443 2193 eninm
1455 2141 1533 2207 esto;
1546 2139 1630 2194 licus
1643 2140 1754 2209 aderit,
1764 2145 1795 2195 ut
1802 2143 1851 2211 jam

94 2226 178 2280 mus?
187 2226 258 2280 Nam
268 2241 333 2279 cum
344 2225 415 2279 duas
424 2225 599 2289 duxerimus,
617 2225 692 2280 inter
707 2242 779 2296 quas
793 2225 875 2297 quasi
889 2242 940 2282 acu
997 2226 1145 2293 sentimus,
1162 2227 1357 2298 querentibus
1371 2226 1464 2294 nobis,
1482 2226 1535 2299 qui
1549 2227 1767 2284 beatissimum
1781 2229 1850 2301 quid·

92 2312 139 2367 uix
154 2311 246 2383 pungi
268 2311 369 2383 possit,
393 2312 534 2383 aliasjam
557 2313 589 2368 in
603 2313 697 2369 medio
718 2330 942 2386 nonpossumos
996 2313 1725 2388 damposthccccrpus,etvcritatisplenissimum
1733 2319 1850 2372 ansollo

92 2400 156 2472 ipsa
170 2399 342 2471 cogitatione
353 2399 524 2472 imaginaria
531 2401 644 2468 ducere,
655 2405 688 2456 ut
694 2400 731 2456 ad
742 2407 873 2457 centrum
883 2403 942 2459 sine'
995 2403 1146 2460 mendacio
1158 2404 1318 2475 pollicetur.
1333 2404 1370 2460 A.
1386 2404 1447 2459 Fiat
1459 2408 1493 2459 ut
1503 2420 1675 2477 speramus.

661 2629 1278 2799 ADMONITIO

405 2861 458 2927 DE
482 2860 752 2941 SEQUENTIBUS
776 2861 916 2929 TRIBUS
940 2860 1098 2930 CONTRA
1120 2861 1378 2931 ACADEMICOS
1402 2863 1541 2930 LIBRIS.

125 3111 231 3166 Rectus
245 3110 316 3166 ordo
329 3110 465 3181 postulat,
480 3112 513 3164 ut
525 3109 591 3165 libri
603 3113 703 3165 contra
714 3109 906 3178 Academicos,
922 3109 973 3183 qui
987 3110 1074 3182 primi
1084 3109 1215 3166 omnium
1227 3110 1263 3166 ab
1274 3110 1433 3183 Augustino
1449 3111 1597 3179 recensiti,
1607 3116 1646 3181 ¹et
1661 3117 1735 3171 unte
1748 3120 1849 3171 cetam

88 3199 220 3269 (excepto
235 3214 321 3269 opere
335 3198 370 3252 de
386 3197 508 3253 Pulchro
523 3202 552 3252 et
564 3201 649 3268 Apte,
665 3197 714 3268 qui
729 3197 803 3252 letus
818 3215 853 3253 eo
872 3199 986 3270 juniore
1008 3199 1102 3255 editus
1120 3199 1217 3255 statim
1238 3199 1392 3272 intercidit)
1407 3199 1443 3255 ab
1463 3216 1497 3255 eo
1513 3200 1645 3271 protecti
1661 3208 1744 3270 sunt,
1761 3203 1847 3261 hucin

89 3285 243 3359 proprium
258 3285 353 3341 locum
367 3285 563 3340 restituantur.
581 3286 688 3357 Nempe
699 3301 764 3341 cum
775 3286 1008 3343 Academicorum
1019 3292 1119 3343 contra
1130 3287 1190 3342 reri
1204 3286 1418 3361 perceptionem
1431 3293 1611 3360 argumenta
1622 3296 1750 3348 sanctus
1761 3293 1846 3348 usam

89 3374 198 3431 dudum
212 3373 389 3441 imbibisset;
405 3389 439 3428 ea
452 3377 515 3428 tum
529 3373 626 3441 etiam,
643 3390 708 3428 cum
722 3373 870 3429 ueritatem
884 3375 933 3430 liei
943 3376 1035 3447 gratia
1044 3376 1144 3431 luisset
1155 3380 1310 3443 assecutus,
1321 3376 1491 3432 nonnullam
1505 3376 1563 3448 ipsi
1581 3380 1759 3437 molestiam
1770 3382 1844 3436 laec

87 3462 203 3518 cebant:
220 3462 324 3534 quihus
339 3461 492 3527 diluendis,
508 3479 567 3517 non
582 3463 668 3518 modo
683 3462 817 3534 privatim
831 3463 937 3519 sedulis
951 3464 1186 3521 meditationibus
1200 3464 1342 3532 insistere,
1358 3465 1406 3521 sed
1422 3465 1511 3521 ctiam
1523 3481 1597 3522 cum
1612 3468 1723 3525 amicis
1737 3470 1843 3543 disputa

86 3551 196 3607 tionem
210 3551 315 3606 hahere
330 3550 427 3607 animo
441 3550 601 3607 destinarit.
619 3553 696 3606 Hanc
707 3567 795 3620 porro
808 3552 990 3610 collationem
1003 3570 1056 3625 per
1068 3553 1181 3626 aliquot
1191 3554 1251 3609 dies
1265 3554 1393 3609 habitam
1403 3558 1461 3609 tres
1472 3554 1502 3610 in
1512 3555 1609 3612 libros
1625 3559 1759 3630 partitus
1769 3563 1844 3631 estu

89 3641 268 3696 llomaniano
282 3657 334 3696 suc
348 3640 455 3696 concivi
471 3656 501 3695 ar
516 3640 670 3707 llmcenati,
686 3656 752 3696 eum
768 3640 802 3696 ad
817 3641 1008 3712 philosophie
1022 3643 1148 3699 studium
1162 3643 1353 3709 adhortando,
1367 3643 1537 3699 transmisit.

122 3730 204 3784 Liber
216 3730 326 3800 primus
344 3729 562 3800 congredientes
583 3729 657 3784 inter
671 3746 700 3784 se
716 3728 874 3784 licentium
889 3734 917 3784 ct
929 3730 1096 3803 Trygetium
1115 3731 1239 3796 exhibet,
1255 3732 1332 3786 hunc
1351 3737 1451 3787 contra
1467 3731 1684 3804 Academicos,
1707 3737 1788 3794 illum
1800 3751 1840 3808 pm

86 3818 261 3872 Academicis
283 3817 496 3889 disputantem:
512 3832 550 3871 an
564 3817 646 3871 beata
667 3817 725 3871 vita
741 3817 771 3871 in
794 3818 957 3888 cognitione
980 3819 1057 3886 vcri3
1081 3836 1118 3874 an
1138 3824 1236 3875 contra
1249 3819 1280 3875 in
1294 3821 1355 3876 sola
1370 3820 1447 3876 illius
1462 3820 1700 3895 investigatione
1719 3827 1758 3884 sit
1769 3826 1841 3883 collo-

89 3906 191 3960 canda.
208 3906 259 3960 Ubi
276 3904 346 3975 quid
361 3905 397 3958 sit
410 3921 499 3970 error,
514 3904 583 3975 quid
598 3904 739 3975 supientia
754 3905 815 3960 tuse
830 3905 999 3978 explicatur.

124 3995 157 4048 ln
170 3993 244 4049 libro
258 3993 383 4048 secundo
398 3993 426 4048 S.
440 3993 616 4064 Augustinus
629 3997 759 4048 recenset
775 3994 880 4064 placita
897 3993 1147 4063 Academicorum,
1164 3994 1347 4067 prosequitur
1360 3995 1481 4068 Alypius
1495 3999 1631 4054 veteoem
1646 3999 1731 4057 inter
1744 4014 1840 4057 norem

89 4097 145 4155 quc
160 4081 342 4137 Academiam
352 4080 525 4137 discrimina.
541 4081 709 4153 Exploditur
719 4082 860 4137 sententia
870 4082 1231 4155 horumpbilosuphorum,
1242 4083 1294 4155 qui
1304 4099 1371 4139 cum
1384 4083 1573 4140 uerumhaud
1581 4101 1673 4157 posse
1682 4086 1840 4161 deprehendi

88 4173 232 4242 putarent,
247 4172 345 4225 tamen
359 4169 419 4225 ueri
432 4169 524 4224 simile
537 4169 617 4242 sequi
633 4186 662 4225 se
676 4169 891 4241 profiterentur.

124 4261 157 4315 lu
171 4257 256 4315 tertio
277 4258 351 4315 libro
369 4275 470 4315 verum
487 4258 611 4314 inveniri
628 4275 682 4331 pro
702 4258 838 4331 susceptis
857 4259 986 4332 partibus
1004 4259 1144 4316 dillitetur
1162 4260 1297 4333 Alypius3
1317 4260 1421 4331 probat
1436 4262 1619 4334 Augustinus
1633 4281 1653 4320 a
1668 4267 1840 4336 sapientem·

87 4349 195 4420 gnossi,
210 4354 244 4405 ut
255 4351 322 4420 pote
335 4347 385 4420 qui
399 4349 497 4403 saltem
513 4348 681 4419 sapientium
697 4348 817 4404 noverit.
835 4350 885 4405 llic
898 4349 958 4420 ipse
973 4349 1076 4404 deiude
1091 4349 1211 4404 Zenonis
1228 4347 1428 4404 definitionem
1443 4349 1572 4419 discutit,
1585 4356 1617 4407 at
1628 4352 1841 4411 ducillcrcdtr

87 4437 152 4508 guil
164 4438 398 4494 Academicorum
422 4437 524 4492 clieta:
541 4438 618 4493 Nihil
632 4439 740 4507 percipi
752 4452 840 4507 posse,
861 4442 899 4504 et,
921 4437 999 4496 Nulli
1010 4439 1052 4493 rei
1068 4437 1163 4494 debere
1177 4440 1315 4494 assentiri.
1331 4437 1405 4494 llicit
1417 4438 1536 4495 demum
1550 4439 1648 4498 mderi
1663 4442 1733 4517 sibi,
1747 4442 1840 4500 Acade

88 4525 176 4581 mices
191 4542 249 4582 nen
264 4526 304 4581 ite
318 4525 438 4582 sensisse
453 4525 496 4581 uti
510 4526 593 4596 vulgo
606 4525 813 4582 existimantur.

124 4613 243 4685 Scripsit
256 4615 309 4671 hos
323 4617 410 4671 libros
424 4615 507 4672 initio
522 4632 581 4670 sum
594 4615 789 4671 conversionis
803 4615 833 4672 in
849 4632 917 4688 agro
932 4614 1096 4682 cassiciaco,
1110 4617 1248 4687 pauculis,
1265 4621 1299 4672 ut
1314 4616 1366 4685 ait,
1380 4617 1474 4673 diebus
1483 4620 1647 4686 transactis,
1664 4624 1841 4694 posteaquam

87 4700 128 4756 ibi
142 4700 235 4758 rivere
250 4704 335 4774 coepit
350 4705 418 4773 (Lib.
436 4708 461 4771 l,
476 4721 498 4761 a.
517 4708 528 4760 l
545 4720 575 4760 u.
590 4705 633 4777 4);
649 4704 778 4776 adeoque
794 4703 846 4760 sub
862 4705 951 4760 linem
965 4705 1033 4760 anni
1050 4708 1116 4772 386;
1137 4722 1196 4778 quo
1213 4706 1344 4762 abdicata
1358 4706 1508 4764 rhetoricae
1523 4707 1709 4780 professione
1725 4711 1792 4767 illuc
1806 4725 1842 4764 se·

87 4788 182 4856 cessit,
197 4794 228 4845 ut
238 4794 314 4845 lotus
327 4794 477 4864 purgando
492 4793 589 4850 animo
603 4798 726 4861 vacaret,
739 4809 859 4866 seseque
874 4793 910 4848 ad
924 4808 1035 4849 sacrum
1056 4793 1201 4866 baptisma
1222 4795 1311 4868 digne
1326 4801 1517 4870 compararet
1540 4797 1670 4854 Cousme
1691 4798 1841 4856 mutatio

89 4893 157 4934 nem
172 4877 202 4932 iu
215 4877 266 4934 lib.
284 4881 309 4946 3,
326 4896 349 4934 c.
363 4882 408 4936 20.

619 4990 641 5028 s.
662 4986 842 5032 accusemus,
863 4987 944 5027 sorar.
968 4975 992 5042 l,
1011 4989 1046 5027 au
1065 4989 1310 5031 naauucamsuuu.

125 5057 300 5114 Academicos
314 5072 361 5126 epo
374 5073 407 5113 ne
420 5061 491 5115 inter
501 5061 650 5130 iocundum
665 5061 774 5131 quidem
788 5076 908 5130 utiquam
924 5061 1050 5116 lacessere
1064 5062 1205 5129 cuderem3
1227 5063 1337 5132 quaudo
1355 5065 1425 5118 euim
1444 5076 1486 5118 ute
1503 5065 1647 5119 usuum
1660 5066 1785 5121 uirorum
1796 5075 1842 5118 uos

87 5152 204 5204 moueret
218 5149 378 5213 auctoritas,
392 5149 448 5202 nist
459 5165 501 5204 eos
513 5156 638 5219 putorem
648 5153 725 5220 louge
738 5152 767 5206 in
781 5151 849 5216 olio,
861 5165 944 5219 quom
957 5151 1037 5218 culpo
1051 5151 1184 5206 creditum
1197 5156 1247 5218 est,
1258 5153 1347 5218 (uisse
1357 5153 1511 5207 sententio?
1522 5151 1614 5218 Quare
1622 5156 1719 5223 potius
1731 5168 1776 5210 cus
1786 5153 1841 5207 isai·

86 5241 160 5294 totus
175 5254 235 5295 sum
251 5241 382 5307 quantum
395 5237 480 5306 uului,
493 5255 574 5307 quom
584 5243 749 5310 repugnavi,
762 5238 835 5310 quod
846 5240 953 5293 omniuo
963 5253 1017 5294 uua
1029 5241 1115 5294 uulso.
1129 5239 1245 5296 Videtur
1255 5242 1325 5294 euim
1338 5240 1410 5294 miti
1419 5241 1486 5295 sutis
1500 5243 1662 5307 congruisse
1674 5242 1841 5312 temperiem.

84 5331 116 5382 ut
130 5329 156 5383 si
168 5327 237 5398 quid
250 5328 386 5383 sincerum
399 5326 432 5381 de
444 5328 520 5394 sonte
533 5330 670 5385 Platonico
684 5333 788 5400 (tumet,
798 5331 870 5384 iuter
883 5327 1009 5383 umbroso
1021 5330 1046 5381 et
1060 5328 1171 5396 spinoso
1182 5325 1293 5381 dumeta
1305 5328 1398 5395 potius
1410 5329 1440 5381 iu
1452 5327 1607 5395 pastionem
1618 5332 1842 5398 poucismascm

89 5412 226 5472 homiuum
239 5416 392 5484 ducuetur,
410 5431 492 5485 quam
504 5432 555 5486 per
568 5424 664 5487 operia
677 5433 801 5485 moruus,
815 5416 980 5471 irrumtibus
994 5417 1098 5486 possim
1109 5414 1248 5484 pecoribus
1262 5415 1336 5469 auito
1347 5413 1426 5469 modo
1436 5417 1528 5485 posset
1541 5414 1684 5485 liquidiore
1696 5429 1842 5488 passumque

86 5507 193 5558 securi
196 5543 250 5560 .....
266 5508 322 5563 lloc
336 5510 427 5562 cutem
440 5505 535 5562 seculo
546 5507 676 5575 numium
687 5507 776 5563 nultos
786 5503 927 5561 uideamus
938 5503 1122 5574 philosophos,
1133 5504 1189 5559 uisi
1201 5504 1273 5570 {orte
1285 5502 1401 5559 micaelo
1415 5504 1546 5574 cmpons,
1564 5518 1633 5574 quos
1648 5505 1761 5576 quidam
1774 5501 1842 5561 itud
