3884 6112
89 213 141 265 403
713 196 791 250 VITA
809 194 837 248 S.
858 188 1045 248 AUGUS'l'lNl
1065 184 1231 242 EPlSCOPl.
1791 179 1838 233 tot

86 336 196 390 listeras
225 328 330 386 d⁰l⁰¹l⁵
352 327 452 398 P¹0¹¹⁸⁵
477 325 575 396 (Ειιιι
611 321 683 391 ¹²⁶),
709 320 740 374 1¹¹
765 316 869 390 quibus
896 314 939 369 1¹¹·
992 328 1031 383 ita
1047 331 1080 383 ut
1100 342 1144 393 ea,
1168 323 1192 379 si
1207 323 1284 378 salvo
1300 320 1394 377 oltlcio
1412 319 1515 391 possit,
1531 332 1629 373 carere
1647 315 1754 388 cupiat.
1771 314 1840 381 Quin

87 422 214 479 vidiosos
229 416 347 474 nomine
362 415 441 469 illam
457 429 474 466 a
488 410 608 467 Piniano
623 408 794 480 promissam
808 404 853 460 sui
867 419 939 476 pra·
993 418 1081 472 „fiam
1104 414 1159 470 sibi
1173 426 1343 486 persuasum
1358 409 1469 474 asserit,
1486 407 1619 462 eamdem
1638 406 1668 460 in
1683 406 1736 460 boe
1754 403 1843 476 grypi·

88 507 211 566 sentiam
236 501 477 577 Hipponensibus,
499 498 629 555 exsilium
651 497 695 551 vel
710 492 939 566 deportationem
993 509 1120 560 mentem
1130 520 1202 560 0530,
1218 501 1290 557 Dein
1303 499 1433 570 exemplo
1443 496 1534 564 pauli,
1550 494 1600 568 qui
1615 494 1704 550 simili
1714 494 1745 550 in
1759 510 1846 570 canat

88 600 138 652 ³1¹²
152 589 531 665 ”legalifflssfflflppellssbssl
546 603 553 642 ²
570 585 712 658 simul‘1¹¹0
726 583 846 654 ¹¹⁰Eflh³l
868 596 940 636 Μ
994 593 1045 650 Dei
1066 590 1231 648 testimonio
1254 590 1348 644 fuerat
1371 603 1447 650 usus,
1465 585 1670 657 jusjurandum
1688 599 1776 639 suum
1794 600 1839 655 ap-

88 684 262 755 exigendum
287 684 416 736 censeret
440 682 472 732 ut
495 676 650 747 impleatur
672 676 781 728 extorta
799 669 907 741 juratio
931 686 938 724 ι
994 682 1107 754 pmbat,
1124 680 1165 735 gd
1177 677 1381 750 jusjurandum
1396 675 1524 741 tandem,
1540 673 1618 746 quod
1631 672 1768 728 Pinianus
1779 687 1845 742 pm.

90 772 215 828 maxime
229 785 295 824 cum
317 767 453 823 Pinianus
474 764 523 819 illa
537 779 594 818 ¹¹⁰ss
611 758 774 816 diffidendi
796 757 940 829 l¹¹l¹¹¹i⁰¹¹e
995 770 1115 835 stiterat,
1127 767 1245 832 accedit,
1262 766 1371 836 dequo
1389 780 1447 818 non
1461 763 1544 818 aliter
1554 760 1750 833 bicloquitur,
1766 765 1847 832 atque

89 859 190 916 lecerit
201 857 399 930 exceptionem
420 851 604 910 necessitatis.
628 850 700 905 Cum
713 846 872 917 Augustino
892 861 941 899 ex-

88 946 262 1020 postulabat,
277 943 354 1015 quod
379 941 403 995 is
422 937 644 1011 promissionem
665 935 739 990 hanc
763 949 823 988 non
846 932 942 1004 prohi-

90 1033 201 1088 buisset
223 1050 230 1088 :
257 1030 444 1103 exprobrabat
464 1025 702 1099 Hipponensibus,
719 1023 794 1094 quod
809 1020 942 1093 turpissi-

92 1138 140 1177 mo
165 1119 296 1192 pecunie
328 1117 457 1190 appetitu
479 1113 588 1170 inducti
611 1113 810 1184 presbyterum
836 1109 943 1165 habore

93 1209 259 1276 voluissent,
270 1208 315 1263 vel
328 1208 404 1279 apud
418 1222 447 1260 se
460 1209 583 1259 retinere
598 1201 769 1272 locupletem
781 1197 941 1264 bominem,

91 1304 121 1354 et
133 1298 297 1353 divitiarum
316 1295 384 1350 satis
400 1295 641 1357 contemnentem,
664 1293 695 1344 ut
710 1305 757 1344 eas
774 1287 805 1342 in
815 1287 885 1342 alios
900 1285 944 1340 di-

92 1387 212 1442 videret.
235 1385 354 1457 Alypius
377 1398 504 1455 quoque,
524 1380 575 1452 qui
598 1381 749 1449 Tagastam
768 1392 798 1431 se
815 1377 888 1430 torte
903 1390 945 1428 ro·

93 1480 218 1546 ceperat,
243 1474 364 1546 epistola
392 1470 554 1540 Augustino
587 1467 691 1538 scripta
722 1464 945 1520 contumeliosas

93 1570 154 1620 turn
166 1565 288 1635 jactatas
303 1563 374 1617 inse
389 1576 473 1614 voces
481 1557 691 1613 recordabatur.
704 1553 836 1610 Honebat
846 1552 943 1618 etiam,

93 1651 163 1723 qnid
179 1652 213 1706 de
226 1648 397 1721 juramentis
419 1645 583 1701 istiusmodi
602 1642 725 1716 pervim
741 1641 859 1697 extortis
885 1644 944 1694 sta·

96 1745 176 1793 tuere
204 1740 360 1809 oporteret,
388 1733 534 1790 communi
560 1731 677 1786 consilio
706 1728 943 1784 discutiendum:

95 1826 225 1897 quamvis
235 1827 266 1879 in
286 1842 320 1879 eo
335 1824 412 1896 quod
426 1821 610 1892 rescripserat
622 1817 840 1874 commonitorio
855 1817 945 1887 signi-

94 1917 201 1982 ticaret,
227 1914 380 1968 Pinianum
404 1911 544 1983 Hippone,
571 1908 677 1963 civium
696 1907 817 1962 aliorum
844 1907 944 1974 instar,

96 2003 242 2074 ipsiusque
252 2003 324 2057 adeo
330 2000 493 2072 Augustini,
504 1999 608 2054 debere
619 1996 749 2052 babitare
757 1997 856 2066 (Epist.
874 1996 945 2063 ¹25).

129 2096 157 2146 7.
179 2091 222 2145 Ad
236 2090 371 2161 Alypium
391 2087 569 2158 Augustinus
594 2084 751 2140 rescribens
776 2083 878 2153 (leid),
894 2082 946 2136 do·

94 2180 152 2233 lere
170 2195 199 2232 se
214 2179 337 2249 graviter
357 2178 419 2247 ejus
433 2175 553 2246 injurias
567 2177 688 2228 testatus
705 2180 748 2226 est
763 2188 770 2226 :
787 2170 863 2242 qnod
878 2185 945 2224 vero

96 2266 132 2321 ad
144 2266 346 2338 jusjurandum
361 2264 484 2330 Piniani,
500 2268 565 2334 post
578 2260 799 2316 celebratissima
813 2258 947 2330 quaedam

97 2356 294 2410 Romanorum
308 2353 342 2408 de
358 2354 411 2408 hac
423 2353 485 2424 ipsa
499 2367 529 2405 re
544 2350 675 2422 exempla
685 2353 769 2420 turpe
781 2363 842 2402 esse
852 2348 945 2413 docet,

98 2442 122 2497 si
136 2442 180 2497 vel
190 2442 220 2496 in
235 2441 438 2508 controversia,
456 2444 555 2503 utrum
562 2437 633 2492 illud
646 2436 854 2492 observandum
863 2441 946 2504 esset,

98 2545 199 2595 necne,
215 2530 251 2584 ab
265 2529 335 2600 ipsis
350 2532 507 2601 poneretur
524 2544 531 2582 :
547 2527 606 2581 fore
622 2524 772 2597 siquidem,
792 2529 825 2578 nt
838 2523 947 2594 episco-

99 2634 204 2689 porum
225 2618 367 2688 promisso
384 2617 428 2672 rel
449 2615 535 2671 etiarn
547 2615 711 2685 juramento
734 2627 819 2667 nemo
835 2611 946 2679 tideret,

98 2705 122 2759 si
136 2705 234 2761 datum
249 2706 341 2777 frangi
357 2722 373 2760 a
394 2708 474 2760 tanto
490 2704 561 2770 viro,
577 2706 628 2758 aut
649 2717 722 2755 vena
741 2700 851 2755 ratione
870 2697 948 2754 eludi

97 2795 309 2866 permitterent;
331 2793 518 2865 nequeenim
536 2791 694 2846 secundum
708 2790 794 2844 verba
812 2786 947 2859 jurantis,

97 2883 147 2938 sed
158 2883 315 2938 secundum
327 2881 569 2954 exspectationem
581 2879 659 2935 illius
667 2877 712 2933 cui
720 2878 846 2948 juratur,
860 2891 948 2948 qnam

98 2971 179 3026 novit
193 2971 241 3026 ille
255 2971 305 3043 qui
318 2971 407 3042 jurat,
418 2970 506 3025 fidem
517 2968 669 3040 jurationis
679 2965 794 3037 impleri
809 2982 816 3021 ε
833 2980 948 3036 sperare

98 3066 196 3114 tamen
216 3076 256 3125 se,
271 3074 338 3113 cum
352 3075 387 3112 ex
401 3057 576 3128 benignitate
599 3056 703 3122 divina,
719 3060 781 3109 tum
797 3070 832 3108 ex
843 3054 948 3108 virtute

99 3146 220 3213 Piniani,
237 3146 287 3217 qui
300 3146 387 3201 tidem
400 3147 496 3201 Decet
510 3145 640 3200 Ecclesiae
651 3147 764 3215 pactam
778 3147 859 3197 tanta
880 3158 947 3197 cunr

101 3233 241 3305 religione
256 3234 394 3301 servabat,
411 3250 468 3289 non
484 3233 623 3288 orituram
638 3247 702 3287 eam
726 3235 852 3301 segetem
867 3246 947 3285 scan-

100 3322 157 3377 dali
180 3328 209 3377 et
232 3321 407 3377 ollensionis.
435 3322 506 3376 Cum
525 3321 579 3375 hoc
605 3335 753 3391 responso,
784 3320 949 3390 exemplum

99 3409 298 3483 promissionis
313 3409 425 3465 Piniani
449 3426 483 3464 ex
511 3408 669 3479 subscripta
688 3407 722 3462 nb
742 3406 804 3478 ipso
819 3408 949 3462 chartula

99 3500 269 3554 translatum
294 3503 322 3553 et
344 3499 528 3554 emendatum
543 3498 645 3569 Alypio
660 3495 749 3551 misit.
771 3495 882 3550 Litteris
896 3511 948 3552 uu·

99 3591 157 3640 tem
177 3586 288 3641 Albinae
316 3587 492 3658 respondens
523 3586 621 3657 (Epist.
649 3585 720 3656 tib),
748 3588 867 3639 testatur
888 3585 949 3655 pri·

99 3692 180 3731 mum
199 3676 236 3731 ad
258 3692 321 3731 eam
339 3676 462 3731 scribere
486 3693 526 3743 se,
547 3691 606 3729 non
620 3679 653 3729 ut
666 3674 793 3729 dolorem
806 3673 867 3744 ejus
887 3689 949 3728 exa-

100 3768 204 3835 speret,
225 3763 275 3817 sed
288 3763 398 3830 leniat,
419 3780 512 3835 neque
531 3766 563 3817 ut
574 3764 713 3830 animam,
728 3779 815 3833 quam
831 3778 950 3816 venera·

99 3851 184 3905 batur
207 3855 346 3921 tanquam
368 3853 424 3906 Deo
445 3852 578 3918 dicatam,
594 3850 768 3906 tristioribus
783 3849 865 3905 dictis
883 3866 949 3921 per·

100 3938 205 4006 turbet,
219 3938 267 3993 sed
282 3939 343 4008 eJus
360 3938 534 4010 suspiciones
559 3943 648 3993 sanet.
665 3939 737 3992 Tum
753 3937 793 3991 rei
809 3941 896 4008 gesta·
910 3954 950 3992 ru·

101 4027 211 4082 tionem
225 4025 267 4080 illi
281 4027 383 4097 aperit,
398 4043 456 4098 quo
470 4027 533 4098 ipsa
546 4043 600 4098 per
613 4043 642 4080 se
657 4025 875 4094 animadvertat,
892 4043 950 4081 non

99 4115 154 4169 nisi
169 4114 326 4185 spiritualis
346 4114 476 4170 Ecclesiae
500 4113 655 4180 commodi,
679 4117 707 4168 et
732 4130 831 4167 earum
845 4114 950 4185 quibus

996 859 1026 912 in
1040 857 1112 913 datis
1125 856 1158 912 ad
1171 854 1305 927 Alypimn
1316 853 1425 915 litteris,
1440 852 1475 907 ad
1486 866 1558 923 quas
1572 849 1707 923 Albinam
1720 848 1846 905 remittit

997 949 1031 1002 Et
1044 946 1111 1001 binc
1126 944 1246 1015 colligas
1258 960 1322 998 earn
1335 944 1475 1013 Tagastae,
1490 940 1567 995 unde
1581 955 1641 994 non
1651 939 1795 1004 reperitur
1804 954 1843 994 re·

997 1035 1112 1089 cessisse
1127 1037 1193 1088 ante
1204 1032 1233 1088 id
1248 1030 1396 1103 temporis,
1413 1045 1504 1100 usque
1518 1032 1579 1082 tum
1596 1026 1718 1082 torsitan
1739 1016 1847 1082 remari-

997 1123 1076 1180 sisse.
1093 1124 1235 1177 Praeterea
1248 1119 1435 1176 deferendum
1450 1117 1561 1174 Albinae
1577 1114 1688 1170 curavit
1698 1115 1845 1170 commoni

997 1211 1114 1279 torium,
1131 1210 1162 1265 in
1176 1225 1233 1281 quo
1257 1207 1423 1279 perscriptae
1444 1209 1527 1260 erunt
1545 1204 1682 1260 adversus
1700 1202 1845 1259 Piuiunun

999 1300 1128 1371 Hippone
1135 1298 1282 1353 absentem
1294 1293 1521 1367 Hipponensium
1532 1293 1639 1348 civium
1650 1291 1844 1365 querimonia.

1033 1391 1060 1443 8.
1071 1386 1145 1452 Quid
1155 1385 1282 1442 evenerit
1291 1388 1399 1457 postea,
1412 1381 1703 1454 nusquamtraditur;
1713 1379 1844 1452 nisiquod

998 1475 1095 1547 prodit
1117 1475 1209 1530 beatae
1231 1472 1360 1529 Helanice
1379 1470 1493 1527 Piniani
1517 1468 1615 1525 uxoris
1640 1468 1842 1537 Vite,ean1in

998 1567 1162 1636 AEgyptnm,
1178 1567 1264 1634 atque
1280 1561 1346 1615 inde
1364 1559 1395 1615 in
1416 1557 1599 1615 Palaestinam
1618 1561 1686 1628 post
1699 1572 1791 1628 annos
1802 1572 1838 1611 se·

999 1657 1076 1724 ptem
1086 1668 1152 1707 cum
1162 1649 1326 1706 admirabili
1335 1649 1401 1703 vita
1408 1647 1556 1703 sanctitate
1567 1649 1699 1718 peractos
1708 1646 1740 1700 in
1750 1645 1841 1714 Africa,

1000 1740 1144 1797 transiisse
1161 1741 1277 1809 (Satrius,
1304 1737 1481 1792 decorandis
1504 1739 1549 1802 ιι,
1568 1735 1611 1789 cet
1621 1735 1740 1804 januar.
1756 1733 1797 1788 die
1807 1733 1838 1804 ιι.

1001 1832 1100 1902 Neque
1120 1827 1199 1883 enim
1220 1827 1300 1882 illam
1322 1825 1353 1880 in
1374 1841 1408 1880 es
1420 1823 1569 1894 provincia
1584 1839 1661 1878 anno
1676 1838 1764 1893 supra
1782 1837 1840 1894 qna·
1873 1840 1875 1846 ·

1001 1915 1262 1988 dringentesimum
1272 1914 1375 1986 quinto
1386 1912 1497 1968 decimo
1513 1914 1604 1983 egisse
1618 1909 1776 1967 verisimile
1788 1915 1838 1966 est:

1000 2023 1058 2078 quo
1074 2021 1149 2060 anno
1167 2003 1357 2074 Hieronymus
1371 2018 1453 2057 suam
1467 2001 1502 2057 ad
1518 2000 1736 2072 Ctesiphontem
1747 1999 1841 2072 episto·

1000 2097 1069 2162 lam,
1084 2094 1115 2149 in
1130 2109 1188 2165 qua
1207 2108 1312 2165 parurn
1324 2090 1480 2146 honorifice
1504 2090 1539 2145 de
1560 2089 1684 2145 llelania
1697 2088 1774 2143 illius
1786 2087 1838 2143 arie

1000 2184 1139 2256 loquitur,
1153 2181 1304 2237 scribebat.
1319 2180 1371 2236 Sed
1393 2194 1460 2234 cum
1473 2194 1548 2234 anno
1567 2176 1840 2249 quadringentesimo

1000 2272 1110 2327 decimo
1125 2276 1223 2326 octavo
1239 2269 1398 2339 Pelagium,
1412 2267 1463 2338 qui
1476 2282 1529 2338 per
1542 2266 1573 2320 id
1587 2270 1705 2338 tempus
1719 2264 1750 2320 in
1768 2264 1842 2320 Pele·

1002 2359 1076 2414 stina
1088 2358 1264 2425 versabatur,
1279 2354 1408 2410 Zosimus
1423 2353 1642 2408 condemnasset
1657 2353 1789 2422 (Retinet.
1802 2349 1840 2407 tu

1001 2451 1029 2515 2,
1046 2464 1107 2517 cop.
1123 2446 1178 2514 50),
1194 2445 1305 2507 Albino,
1321 2443 1508 2512 Pinianus,ac
1516 2441 1638 2498 Helonis
1650 2441 1687 2496 de
1702 2438 1839 2512 colloquio,

1002 2540 1159 2609 quodcum
1181 2534 1281 2589 eodem
1302 2532 1491 2588 lraeresiarclra
1509 2529 1645 2595 inierant,
1662 2529 1841 2600 Augustino!

1002 2641 1053 2696 per
1070 2624 1179 2678 litteras
1195 2621 1374 2678 consuluere.
1401 2619 1448 2674 His
1472 2618 1521 2674 ille
1540 2617 1671 2690 responsi
1698 2617 1760 2672 loco
1780 2616 1840 2670 duos

1001 2729 1068 2767 suos
1082 2712 1117 2766 de
1133 2710 1229 2766 Gratia
1244 2709 1348 2765 Christi
1360 2709 1454 2780 deque
1478 2706 1611 2778 originali
1632 2708 1752 2761 Peccata
1767 2704 1840 2761 libres
1859 2744 1865 2761 .

1003 2802 1115 2868 dicavit,
1131 2800 1160 2855 in
1181 2799 1286 2871 quibus
1300 2813 1387 2869 snpra
1407 2813 1493 2869 quam
1508 2796 1563 2852 dici
1578 2799 1677 2867 quent,
1693 2794 1784 2850 letari
1806 2809 1839 2859 se,

1002 2888 1081 2960 quod
1096 2887 1118 2941 ii
1132 2902 1262 2958 corpore,
1277 2889 1363 2956 atque
1373 2883 1461 2938 etiam
1475 2882 1567 2954 magis
1577 2880 1656 2952 quod
1672 2880 1840 2936 animsrecu

1001 2976 1137 3040 valerent,
1154 2972 1306 3044 significat.
1322 2975 1405 3027 Anno
1419 2971 1550 3044 proxime
1566 2969 1704 3041 sequenti
1723 2973 1839 3024 mnetnn

1003 3063 1157 3118 Prarsulem
1172 3075 1271 3115 eornm
1282 3059 1398 3112 nomine
1413 3057 1554 3123 salutavit,
1568 3056 1620 3128 qui
1632 3056 1738 3131 tumin
1748 3056 1842 3113 seule

1002 3150 1137 3206 hemitico
1172 3147 1346 3203 monasterio
1380 3146 1503 3214 vivebat,
1533 3145 1727 3217 Hieronymus
1758 3143 1842 3219 (Aps

1002 3239 1133 3306 August,
1144 3238 1233 3306 Epist.
1242 3238 1305 3302 202,
1316 3250 1344 3288 n.
1354 3234 1390 3304 ι).
1398 3233 1483 3305 Atqui
1493 3233 1649 3288 mntuailla
1656 3233 1841 3304 amorisutqnt

1003 3322 1190 3380 observantiae
1205 3321 1288 3393 sigua
1303 3320 1458 3388 sufficiunt,
1474 3326 1507 3375 ut
1529 3336 1624 3392 neque
1648 3325 1752 3376 contra
1768 3320 1840 3376 lidan

1004 3412 1109 3478 datum,
1134 3425 1228 3483 nequo
1256 3414 1356 3464 contra
1374 3408 1527 3479 Augustini
1550 3411 1679 3462 mentem
1702 3390 1841 3463 Pinianus

1003 3500 1150 3556 recessisse
1164 3498 1356 3553 arbitremur:
1374 3513 1461 3568 quem
1475 3497 1548 3552 torte
1562 3494 1842 3566 etiam,utaju1·ejv·
1861 3548 1864 3555 .

1004 3588 1094 3642 rande
1110 3587 1288 3642 absolverent
1303 3586 1511 3656 Hipponenses,
1527 3583 1697 3640 auctoritate
1719 3601 1752 3639 ac
1765 3579 1841 3655 preci·

1003 3679 1056 3732 bus
1070 3676 1193 3731 evicerat
1206 3679 1320 3729 sanctus
1335 3675 1500 3746 Episcopus.

1039 3768 1065 3817 9.
1083 3762 1238 3835 Epistolam
1259 3762 1439 3818 Armentario
1462 3766 1491 3816 et
1518 3760 1647 3816 Paulinae
1672 3759 1784 3832 scripsit
1797 3759 1839 3813 As-

1004 3851 1134 3922 gustinus
1156 3852 1253 3922 (Epist.
1274 3851 1333 3920 tlt)
1357 3851 1412 3906 boc
1429 3850 1502 3905 forte
1532 3865 1608 3904 anno
1630 3847 1839 3920 quadringente·

1004 3940 1076 3994 simo
1088 3940 1239 3995 undecimo
1255 3956 1262 3994 :
1278 3939 1512 4011 qnandoquidem
1528 3937 1633 3992 Urbem
1648 3952 1750 3991 recens
1762 3933 1839 3989 ebur·
1873 3994 1875 3999 ,

1003 4029 1079 4082 baris
1108 4028 1261 4100 direptam,
1290 4043 1322 4081 ac
1356 4027 1499 4081 mundum
1531 4025 1618 4080 tantis
1647 4021 1840 4079 calamitatibus
1866 4028 1875 4093 ',

1003 4116 1132 4170 inlestari
1145 4116 1242 4182 tradit,
1259 4120 1292 4170 ut
1314 4132 1348 4171 ex
1371 4115 1451 4169 vanis
1474 4114 1532 4169 illis
1545 4113 1683 4184 falsisque
1701 4108 1838 4173 illecebris,
1853 4104 1875 4115 '¹

100 4203 237 4259 Pinianus
247 4209 364 4258 ornatus
379 4207 449 4263 erat.
465 4202 603 4258 virtutum
613 4201 715 4273 gratia,
731 4202 851 4274 petitum
867 4202 949 4257 illum
1003 4204 1109 4271 quibus
1123 4205 1255 4260 homines
1278 4204 1309 4258 in
1334 4220 1460 4258 errorem
1479 4203 1626 4266 inducere,
1647 4218 1681 4256 nc
1702 4201 1799 4257 stultos
1814 4196 1850 4251 u·

99 4293 134 4346 ab
152 4291 326 4363 Hipponensi
339 4291 422 4363 plebe
437 4290 468 4345 in
492 4291 691 4364 presbyterum
710 4307 789 4362 :qua
812 4290 843 4345 in
863 4308 893 4345 re
912 4306 949 4346 ne
1004 4293 1048 4347 sui
1062 4309 1191 4347 amorem
1209 4293 1342 4364 pellicere
1357 4292 1476 4359 solebat,
1489 4291 1550 4362 jam
1573 4291 1685 4346 nullam
1705 4289 1838 4345 lesmore-

99 4376 218 4435 minima
231 4380 347 4452 quidem
360 4385 512 4452 appareret
529 4380 655 4435 avaritias
670 4379 867 4452 cupiditatisve
882 4396 946 4451 spe·
1003 4382 1116 4436 linerat.
1139 4380 1334 4435 Armentarius
1353 4395 1413 4434 sese
1432 4394 1570 4434 unacum
1585 4378 1709 4448 conjuge
1734 4374 1838 4431 Psuliru

99 4468 171 4536 cics;
199 4486 231 4523 ac
254 4468 373 4540 proinde
391 4470 503 4524 nullum
525 4473 629 4539 praeter
648 4485 677 4521 se
696 4484 731 4523 ea
749 4467 949 4522 criminatione
1002 4474 1068 4525 voto
1083 4468 1284 4535 obstrinxerat,
1300 4469 1445 4539 reliquum
1465 4467 1529 4521 vitm
1548 4471 1664 4538 tempus
1683 4468 1743 4521 Deo
1756 4476 1840 4520 const·

99 4557 265 4627 perstringi,
280 4558 410 4629 quamvis
428 4557 458 4612 id
471 4557 582 4612 Albinae
597 4555 684 4611 studii
696 4556 794 4623 luerit,
808 4555 949 4610 utvitium
1002 4558 1111 4626 eraudi,
1127 4574 1248 4624 necnon,
1264 4558 1307 4612 uti
1329 4557 1451 4622 videtur,
1467 4555 1661 4611 monasticum
1682 4548 1840 4626 suscipiendi

99 4659 156 4714 quo
173 4645 301 4701 laborare
316 4645 411 4716 ipsum
427 4644 579 4716 judicabat,
596 4660 655 4698 non
681 4644 797 4714 directe,
813 4661 847 4699 ne
862 4646 948 4716 paulo
1002 4647 1173 4702 institutum.
1191 4648 1223 4701 ln
1237 4645 1357 4701 Paulina
1371 4646 1488 4717 quidem
1503 4660 1591 4699 morae
1605 4644 1679 4700 nihil
1694 4647 1766 4711 aret,
1779 4656 1841 4714 quo·

98 4733 218 4788 liberius
232 4739 283 4787 ant
296 4733 515 4789 inverecundius
530 4733 560 4788 in
583 4732 753 4804 Episcopum
769 4747 853 4802 agere
868 4732 948 4787 vide·
1001 4735 1097 4790 minus
1115 4739 1285 4807 perpetuam
1306 4735 1363 4789 Deo
1383 4733 1591 4788 continentiam
1605 4732 1738 4788 dicarat:
1755 4742 1841 4786 vernn

99 4825 188 4888 retur,
212 4821 262 4875 sed
282 4821 398 4894 oblique
420 4838 452 4877 ac
473 4822 550 4876 velut
565 4821 657 4876 alieno
676 4819 792 4875 nomine
811 4820 864 4875 sibi
879 4820 949 4892 obji·
1002 4837 1185 4893 nequaquam
1195 4819 1306 4875 videtur
1319 4819 1360 4874 ite
1375 4823 1491 4890 paratus
1510 4818 1597 4873 fuisso
1616 4817 1651 4872 ad
1665 4814 1840 4872 abdicandum

100 4913 178 4964 ceret
195 4925 201 4962 :
218 4925 248 4962 se
266 4908 377 4963 veroin
394 4909 541 4964 beneficiis
560 4907 757 4981 ponerolranc
780 4908 841 4978 ejus
858 4908 950 4962 cbari-
1002 4910 1183 4980 conjugalem
1210 4907 1449 4963 consuetudinem
1480 4906 1688 4971 Armentarius,
1718 4905 1768 4961 sed
1787 4914 1840 4958 ren

100 5002 198 5064 tatem,
218 5012 277 5052 non
291 4996 322 5050 in
344 4999 449 5052 malam
474 5001 584 5070 partem
605 4997 733 5070 accipere
749 5013 756 5052 :
771 5002 800 5051 st
824 5013 888 5052 cum
912 4998 948 5053 ab
1001 4996 1134 5051 nonnihil
1153 4996 1305 5052 distulisse.
1331 4996 1507 5067 Quapropter
1532 4995 1714 5066 Augustinus
1739 4994 1774 5050 de
1797 4991 1840 5046 boc

99 5086 202 5142 eodem
216 5084 285 5139 vitio
300 5083 426 5139 alienum
437 5101 467 5139 se
477 5085 538 5156 ipse
547 5089 740 5157 cognosceret,
752 5101 846 5156 neque
856 5085 949 5141 ullum
1002 5102 1101 5141 corum
1116 5086 1220 5141 mentis
1233 5085 1334 5140 babitu
1349 5085 1452 5140 certior
1465 5085 1500 5138 ab
1516 5084 1647 5156 ipsorum
1664 5084 1751 5139 altine
1767 5080 1839 5139 nure
1873 5112 1875 5133 ι

99 5175 141 5231 rei
154 5175 230 5230 intra
244 5172 449 5228 conscientiam
465 5174 619 5229 reconditae
634 5173 831 5229 testimonium
847 5175 949 5229 afferre
1002 5175 1044 5229 rio
1064 5175 1155 5230 lactus
1170 5173 1262 5245 (ltin,
1277 5190 1306 5229 n.
1327 5175 1365 5242 l),
1382 5175 1495 5245 utrique
1509 5173 1663 5244 epistolam
1675 5173 1762 5245 longe
1784 5167 1841 5242 pul-
1873 5188 1875 5201 ¹

99 5268 204 5336 posset,
227 5280 256 5319 se
272 5262 370 5318 testari
390 5264 491 5327 Deum,
516 5263 572 5319 sibi
590 5264 733 5319 bonorum
750 5263 880 5318 Ecclesiae
898 5263 948 5317 ad·
1003 5264 1173 5319 clrerrimam
1189 5263 1301 5327 direxit,
1320 5262 1351 5317 in
1375 5279 1432 5334 qua
1448 5268 1545 5317 tamen
1556 5268 1703 5340 perpetuo
1718 5259 1839 5318 marin·

99 5353 349 5419 ministrationem,
365 5367 453 5423 quam
468 5352 504 5405 ob
518 5353 639 5407 fratrum
656 5367 783 5406 amorem
804 5356 833 5406 et
847 5352 883 5406 ob
898 5352 949 5406 Dei
1003 5352 1160 5423 alloquitur
1173 5368 1180 5407 :
1195 5357 1281 5423 atque
1298 5356 1330 5407 ut
1344 5356 1452 5417 votum,
1469 5350 1546 5422 quod
1561 5351 1751 5423 nuncupavit,
1764 5344 1841 5421 quod

99 5441 230 5496 timorem
251 5442 410 5497 necessario
426 5441 552 5502 curabat,
568 5440 691 5493 tolerare
709 5455 748 5500 se,
765 5456 821 5493 non
838 5455 945 5500 amare,
1003 5455 1059 5511 qne
1079 5440 1138 5493 sine
1153 5440 1231 5503 gravi
1255 5440 1368 5510 piaculo
1383 5440 1476 5505 frangi
1496 5456 1552 5493 non
1571 5442 1677 5510 potest,
1693 5439 1771 5494 omni
1786 5450 1839 5508 pro·
