3884 6112
132 225 196 278 litt
676 209 723 265 DE
743 207 873 265 LIBERO
892 206 1072 274 australe,
1092 205 1120 260 S.
1141 201 1334 261 AUGUSTINI
1834 201 1880 254 tut

131 345 171 400 A.
194 334 389 410 Reprehendis
413 333 501 405 igitur
522 331 611 387 animi
630 334 740 385 motum
762 328 977 399 inculpabilem.
1032 326 1164 383 cohibere
1177 328 1351 397 motumque
1363 320 1623 387 lerturinferins;
1641 318 1882 379 animusrerodan

132 432 165 487 Ε.
183 424 389 497 luculpabilem
415 420 503 477 animi
526 425 638 474 motum
652 433 711 473 non
725 417 916 489 reprehendo,
931 416 979 471 sed
1032 432 1092 471 non
1106 416 1176 482 vult,
1197 413 1311 470 nonita
1334 418 1480 479 movetur,
1500 415 1539 466 ut
1560 407 1776 480 superioribus
1796 410 1882 469 daura

133 516 229 573 nescio
244 531 281 569 an
296 513 354 568 ulla
377 511 460 581 culpa
479 508 525 575 sit,
540 508 638 561 relicto
654 505 881 561 incommutabili
905 505 980 560 bono
1032 503 1169 558 inferiora
1192 500 1341 575 deligat¹3
1367 506 1396 557 et
1418 500 1488 556 ideo
1514 496 1621 571 lapidi
1645 497 1791 552 naturalis
1809 501 1883 559 ostile

134 606 171 661 ad
185 599 398 660 commutabilia
413 595 547 652 converti.
562 596 599 649 A.
616 594 811 667 lleprehendis
826 609 894 664 ergo
905 593 981 665 quod
1033 596 1140 659 motus,
1150 591 1247 646 animo
1258 607 1323 645 vero
1337 591 1387 643 istc
1403 587 1619 644 voluntarius.
1643 585 1722 641 Hinc
1735 591 1779 640 est
1790 590 1884 659 qnodla

135 687 237 742 nescis.
248 690 281 741 E.
301 685 366 741 Noli
379 684 464 738 verbo
482 698 629 753 premere:
646 683 686 737 ita
704 683 783 739 onim
798 681 864 737 diri.
883 682 982 736 Nescio
1032 681 1131 752 pidem
1146 679 1168 733 si
1182 679 1332 751 quisdicat
1346 694 1476 750 peccare,
1497 676 1587 749 quod
1598 676 1743 748 pondere
1759 693 1809 731 suo
1823 679 1883 734 tendi:

135 792 173 830 an
188 775 246 829 ulla
259 775 342 844 culpa
353 773 399 839 sit,
415 776 448 827 ut
461 771 585 843 intelligi
598 771 739 826 voluerim
750 771 810 825 sine
824 770 911 825 dubio
922 771 981 825 cul·
1033 768 1064 822 in
1080 767 1190 833 intima,
1206 781 1265 821 non
1281 765 1373 820 dicam
1393 765 1455 837 ipso
1476 763 1586 835 lapide
1616 762 1774 834 stolidior,
1788 764 1833 818 scd
1843 781 1883 836 pre

135 879 202 936 pam
216 879 288 918 esse.
309 863 379 916 Nam
394 862 448 916 boe
463 861 550 916 verbo
575 860 651 931 quod
679 859 748 929 dixi,
775 858 884 926 Nescio,
916 859 982 913 satis
1034 856 1107 912 lecto
1123 854 1414 926 demeusjudicatur:
1434 850 1581 907 animum
1597 867 1676 906 vero
1692 851 1804 923 peccati
1816 857 1882 924 argu

135 953 261 1024 prolecto
276 951 352 1005 irrisi
366 948 576 1005 dubitationem
591 949 625 1004 de
640 964 671 1002 re
687 947 842 1002 manifesta.
864 948 900 1002 Α.
915 946 982 1000 Vide
1034 960 1109 1010 mus,
1125 959 1191 997 cnm
1210 959 1277 998 eum
1293 941 1493 997 convincimus
1510 939 1737 1012 superioribus
1752 940 1857 996 desertis
1864 944 1883 997 at

136 1041 206 1113 quid
221 1042 257 1095 sit
273 1038 429 1094 certissima
453 1037 565 1105 veritas,
590 1053 656 1108 quae
681 1041 707 1091 te
730 1037 823 1107 coegit
842 1040 901 1090 tam
927 1035 982 1089 cilo
1035 1032 1188 1089 fruendum
1202 1030 1336 1086 inferiora
1349 1045 1537 1101 praeponerc.
1557 1030 1748 1098 Propterea,
1759 1029 1825 1101 quid
1837 1047 1882 1102 opu

137 1129 262 1187 oblivisci
288 1128 365 1199 quod
379 1128 464 1198 paulo
478 1131 544 1180 ante
558 1125 663 1181 dixisti.
688 1124 717 1179 Si
732 1125 808 1179 enim
823 1123 983 1178 naturave?
1035 1125 1079 1175 est
1099 1135 1227 1192 quaerere
1249 1119 1324 1174 unde
1344 1118 1396 1173 istc
1415 1120 1518 1172 motus
1541 1115 1674 1185 existat,
1707 1118 1884 1189 querelantes

136 1216 301 1274 necessitate
322 1217 375 1270 iste
401 1219 495 1269 motus
523 1214 627 1282 existit,
654 1212 803 1283 culpabilis
830 1228 891 1266 esse
906 1212 984 1266 nullo
1037 1207 1219 1263 avertiturab
1233 1204 1462 1261 incommutabili
1479 1204 1565 1258 bono
1585 1204 1628 1259 ad
1645 1205 1885 1261 commutabilebn

136 1312 219 1379 pacto
233 1309 348 1376 potest:
371 1309 403 1358 tu
418 1319 484 1357 vero
501 1318 561 1356 esse
574 1301 747 1372 culpabilem
769 1301 809 1355 ita
820 1300 984 1355 firmissime
1037 1312 1118 1364 uum,
1135 1312 1201 1350 cum
1216 1311 1282 1351 cum
1293 1294 1408 1350 nonnisi
1422 1293 1529 1361 animi,
1547 1296 1582 1348 et
1605 1293 1824 1358 voluntarium,
1836 1298 1884 1349 etot

136 1402 228 1463 tenes,
243 1399 276 1449 ut
290 1391 497 1449 dubitationem
512 1391 546 1446 de
565 1391 618 1445 hac
630 1406 661 1445 re
675 1395 735 1444 tam
749 1394 825 1444 certa
839 1389 925 1443 etiam
945 1389 984 1442 ir-

138 1472 288 1539 ridendam
303 1480 457 1552 putaveris.
473 1479 530 1535 Cur
548 1495 616 1550 ergo
631 1478 682 1533 tihi
706 1479 749 1532 rel
773 1478 984 1545 affirmandum,

141 1571 185 1626 vel
197 1574 273 1624 certe
289 1585 355 1624 cum
367 1568 464 1639 aliqua
475 1567 651 1623 dubitatione
666 1566 818 1621 dicendum
828 1566 921 1621 visum
931 1570 985 1634 est,

139 1660 217 1732 quod
242 1658 390 1729 perspicue
409 1658 513 1712 falsum
534 1672 595 1710 esse
619 1654 680 1726 ipse
704 1654 871 1710 convincis?
886 1655 987 1709 Dixisti

141 1748 236 1803 enim:
252 1746 282 1801 Si
300 1746 340 1800 ita
359 1746 425 1801 data
441 1750 482 1799 est
496 1745 627 1799 voluntas
642 1743 743 1811 libera,
773 1749 805 1798 ιιι
825 1744 987 1798 naturalem

140 1836 244 1892 habeat
257 1833 346 1888 istum
355 1837 476 1900 motum,
492 1833 553 1903 jam
567 1832 732 1888 necessitate
756 1832 791 1886 ad
804 1833 988 1887 heeccourcr·

140 1921 227 1988 tilur;
242 1936 336 1992 neque
346 1921 406 1975 ulla
418 1922 503 1990 culpa
513 1921 691 1991 deprehendi
700 1925 803 1991 potest,
821 1920 872 1975 ubi
884 1925 989 1975 natura

141 2009 350 2081 necessitasque
364 2009 537 2065 dominatur.
553 2009 637 2064 Nullo
646 2009 731 2064 modo
747 2013 843 2064 autem
858 2008 989 2064 dubitare

141 2098 265 2154 debuisti
280 2114 339 2152 non
362 2114 422 2152 esse
437 2097 478 2153 ita
497 2099 602 2164 datam,
628 2098 744 2168 quando
762 2098 850 2153 istum
879 2102 989 2152 motum

142 2187 314 2258 culpabilem
328 2202 389 2241 esse
403 2203 461 2240 non
477 2185 604 2242 dubitas.
622 2189 655 2240 E.
673 2187 730 2257 Ego
755 2186 849 2258 ipsum
878 2191 990 2241 motum

142 2274 314 2345 culpabilem
330 2274 399 2342 diri,
410 2279 440 2329 et
453 2274 517 2329 ideo
533 2274 605 2329 mihi
618 2274 777 2346 displicere,
793 2279 821 2329 et
835 2276 990 2346 reprehen-

144 2362 271 2416 dendum
280 2377 341 2416 esse
351 2362 482 2416 dubitare
492 2377 550 2415 non
559 2378 676 2432 possum
689 2363 830 2417 :animam
846 2380 913 2418 vero
925 2381 990 2435 quas

144 2448 199 2504 isto
212 2454 294 2504 motu
313 2450 348 2504 ab
369 2449 599 2505 incommutabili
614 2450 690 2505 bono
715 2451 749 2505 ad
778 2452 991 2507 commutabilia

144 2536 315 2602 detrahitur,
329 2554 402 2608 nego
416 2553 476 2593 esse
491 2538 673 2610 culpandam,
690 2539 714 2593 si
729 2539 791 2611 ejus
809 2542 912 2595 natura
927 2541 991 2596 talis

145 2630 198 2694 est,
213 2630 291 2681 uteo
307 2626 465 2681 necessario
479 2631 637 2682 moveatur.

181 2717 208 2770 2.
221 2715 258 2771 A.
273 2715 358 2786 Cujus
373 2720 417 2770 est
432 2715 485 2770 iste
500 2720 606 2783 motus,
631 2731 718 2787 quem
731 2715 859 2786 prolecto
874 2718 992 2788 culpan-

145 2802 216 2857 dum
226 2818 287 2856 essc
303 2801 455 2857 concedis?
464 2805 496 2858 Ε.
507 2804 539 2857 ln
551 2803 647 2857 animo
663 2819 730 2858 eum
739 2803 832 2872 video,
848 2807 897 2860 sed
911 2808 954 2879 cuj
960 2823 992 2861 us

146 2890 184 2945 sit
194 2889 298 2946 nescio.
312 2893 351 2944 Α.
368 2891 513 2961 Numquid
528 2906 616 2962 negas
638 2907 672 2946 eo
687 2895 767 2946 motu
784 2893 914 2948 animum
929 2910 991 2949 mo-

144 2977 230 3034 veri?
245 2981 277 3034 Ε.
295 2979 358 3033 Νοιι
370 2982 503 3049 neg0.A.
515 2979 606 3049 Negas
621 2995 689 3050 ergo
704 2986 817 3035 motum
832 2998 889 3053 quo
900 2999 994 3037 move-

146 3066 284 3137 turlapis,
299 3070 411 3121 motum
426 3082 486 3121 esse
496 3065 623 3137 lapidis?
637 3068 734 3138 Neque
750 3069 828 3123 euim
839 3069 919 3125 illum
930 3071 992 3125 dieo

148 3158 270 3223 motum,
290 3169 346 3225 quo
365 3170 430 3208 eum
450 3170 671 3221 memoremus,
690 3156 732 3209 vel
744 3157 841 3227 aliqua
859 3157 886 3210 vi
899 3158 993 3213 aliena

148 3247 288 3309 moretur,
300 3242 387 3296 veluti
401 3258 467 3296 cum
487 3241 519 3296 iu
533 3244 637 3297 coelum
647 3243 761 3313 jacitur,
778 3246 826 3300 scd
849 3262 915 3301 eum
935 3263 992 3318 quo

147 3331 184 3386 ad
195 3335 301 3385 terram
312 3334 383 3384 nutu
397 3345 448 3384 suo
461 3330 552 3400 vergit
565 3335 594 3385 et
611 3331 696 3388 cadit.
712 3335 745 3387 E.
773 3333 835 3388 Non
857 3335 992 3406 equidem

147 3432 222 3487 nego
237 3422 346 3473 motum
361 3434 418 3490 quo
432 3417 473 3472 ita
486 3423 518 3473 ιιι
528 3417 597 3472 dicis
611 3418 774 3487 inclinatur,
800 3426 830 3477 ct
848 3422 907 3477 ima
919 3424 994 3494 petit

147 3511 269 3568 motum,
297 3507 480 3578 esselapidis,
509 3508 558 3562 sed
582 3509 751 3563 naturalem.
769 3510 799 3565 Si
824 3516 922 3566 autem
940 3513 994 3568 hoc

148 3593 233 3647 modo
249 3593 336 3648 etiam
346 3594 428 3649 illum
437 3598 546 3649 motum
556 3594 755 3664 habetanima,
769 3597 896 3668 proiecto
907 3599 994 3655 etiam

147 3680 208 3753 ipse
224 3682 363 3737 naturalis
377 3687 434 3751 est;
447 3699 500 3738 nec
513 3699 547 3738 ex
570 3699 603 3738 eo
624 3686 700 3756 quod
714 3686 882 3741 naturaliter
895 3703 995 3743 more·

147 3772 205 3836 tur,
216 3775 291 3824 recte
300 3771 456 3841 vituperari
468 3777 577 3842 potest:
589 3773 656 3844 quia
666 3774 779 3828 etiamsi
790 3775 825 3830 ad
836 3776 993 3846 perniciem

148 3861 289 3924 movetur,
308 3862 418 3912 naturae
433 3864 529 3913 umen
546 3876 606 3915 suae
620 3861 786 3916 necessitate
801 3864 993 3933 compellitur.

148 3945 236 3998 Porro
246 3944 314 4014 quia
327 3945 414 3999 istum
428 3951 539 4001 motum
551 3963 609 4001 uon
624 3948 788 4004 dubitamus
798 3966 859 4004 esse
869 3952 995 4023 culpabi-

148 4031 216 4098 lem,
233 4032 400 4088 omnimodo
427 4035 593 4104 negandum
616 4042 659 4091 cst
682 4053 742 4092 esse
767 4040 944 4108 naturalem3
967 4047 995 4097 et

147 4120 212 4175 ideo
227 4135 285 4175 non
300 4121 457 4176 estsimilis
480 4123 522 4177 illi
536 4125 626 4178 motui
641 4141 697 4196 quo
712 4128 881 4182 naturaliter
896 4145 993 4185 more-

147 4213 196 4264 tur
215 4210 297 4281 lapis.
320 4213 347 4264 Α
353 4250 359 4265 .
380 4210 534 4282 ligimusnc
548 4213 657 4284 aliquid
672 4215 868 4287 superioribus
883 4217 993 4274 duabus

148 4295 409 4368 disputationibus?
421 4300 455 4353 li.
470 4298 585 4369 Egimus
597 4316 674 4355 sanc.
690 4304 729 4355 Α.
747 4302 835 4357 Credo
848 4319 916 4375 ergo
931 4321 1006 4361 me-.

147 4386 264 4442 minisse
280 4391 318 4453 tc,
335 4385 366 4440 in
383 4385 478 4456 prima
497 4386 688 4458 disputatione
703 4388 770 4443 satis
785 4406 845 4445 esse
860 4408 991 4464 comper-

146 4477 220 4542 tum,
240 4475 320 4530 nulla
343 4491 372 4528 re
396 4474 459 4529 fieri
484 4481 610 4530 mentem
639 4492 748 4531 seruam
770 4477 906 4547 libidinis,
937 4481 992 4535 nisi

146 4563 264 4633 propria
278 4564 423 4618 voluntate
440 4564 542 4635 (supro,
559 4564 606 4619 tib.
625 4568 648 4631 l,
665 4581 725 4633 cop.
744 4570 786 4633 ll,
802 4583 830 4622 a.
843 4568 907 4638 itt:
924 4586 991 4624 nam

146 4664 240 4718 neque
255 4666 272 4703 a
284 4653 439 4722 superiore,
451 4667 545 4723 neque
559 4651 593 4706 ab
603 4652 707 4722 aequali
718 4669 781 4706 eam
791 4669 873 4724 posse
888 4655 924 4710 ad
938 4656 991 4712 hoc

1037 1385 1092 1441 hoc
1114 1385 1286 1457 culpabilem
1311 1400 1371 1440 esse
1390 1384 1557 1452 fateamur;
1581 1383 1754 1457 omnisque
1770 1386 1803 1439 de
1820 1385 1885 1440 haere

1038 1473 1189 1545 disciplina
1202 1473 1280 1529 utilis
1294 1473 1373 1529 adid
1386 1473 1490 1540 ualeat,
1512 1475 1546 1526 ut
1575 1488 1615 1527 co
1643 1477 1734 1528 motu
1760 1473 1885 1546 improbat·

1038 1567 1124 1635 atque
1152 1563 1288 1631 cohibito,
1315 1564 1495 1617 voluntatem
1525 1566 1674 1618 nostram
1706 1563 1745 1618 ad
1770 1563 1887 1618 truendm

1040 1652 1214 1723 sempiterno
1241 1653 1329 1720 bono,
1352 1668 1370 1724 a
1397 1652 1483 1723 lapsu
1508 1652 1746 1723 temporalium
1779 1659 1888 1708 conrecu-

1040 1757 1106 1796 mus
1122 1743 1187 1813 tat?

1077 1834 1102 1885 3.
1117 1831 1155 1885 Ε.
1172 1829 1269 1899 Video,
1281 1833 1309 1884 ει
1322 1827 1555 1900 quodammodo,
1571 1828 1691 1901 tango,
1716 1834 1747 1885 et
1761 1833 1889 1885 teneoras

1042 1934 1103 1973 esse
1118 1934 1182 1990 quoe
1197 1918 1265 1972 dicis
1278 1935 1285 1973 :
1298 1917 1443 1972 nonenim
1460 1917 1643 1990 quidquam
1661 1923 1727 1974 tam
1743 1919 1823 1974 iirme
1835 1926 1888 1991 atque

1042 2006 1142 2061 intime
1157 2008 1258 2074 sentio,
1268 2023 1355 2078 quarn
1369 2023 1414 2060 me
1425 2006 1538 2061 habere
1552 2008 1770 2076 voluntatem,
1781 2025 1890 2081 eaqoene

1042 2096 1151 2151 moveri
1163 2097 1200 2151 ad
1219 2095 1327 2168 aliquid
1345 2096 1523 2164 fruendum3
1542 2097 1626 2168 quid
1650 2103 1758 2153 autem
1773 2099 1890 2154 meandi-

1043 2201 1116 2253 cam,
1125 2201 1241 2256 prorsus
1252 2183 1442 2252 noninrenio,
1454 2185 1479 2238 si
1495 2186 1726 2258 voluntasque
1741 2189 1807 2242 rolo
1821 2190 1892 2242 etacio

1044 2289 1103 2328 non
1118 2278 1159 2328 est
1174 2288 1252 2328 mea:
1270 2278 1443 2345 quapropter
1456 2272 1507 2326 cui
1523 2273 1739 2329 tribuendum
1751 2281 1804 2342 est,
1819 2274 1891 2346 siqui?

1043 2377 1096 2432 per
1108 2360 1187 2415 illam
1194 2362 1268 2416 male
1283 2361 1364 2428 facio,
1383 2361 1439 2415 nisi
1452 2361 1531 2415 mihi
1542 2363 1651 2418 'icum
1662 2363 1892 2418 enimbonusltaa

1045 2466 1091 2504 me
1110 2449 1219 2517 iecerit,
1235 2465 1288 2504 nec
1299 2449 1372 2504 bene
1388 2448 1500 2520 aliquid
1513 2449 1636 2506 faciam
1655 2452 1721 2507 nisi
1733 2469 1788 2524 per
1800 2454 1893 2506 volunta·

1045 2542 1115 2608 tem,
1131 2537 1166 2592 ad
1180 2537 1233 2591 boc
1246 2537 1343 2609 potius
1356 2538 1451 2593 datam
1467 2554 1535 2593 esse
1553 2556 1573 2593 a
1596 2541 1685 2596 bono
1701 2544 1775 2610 Deo,
1791 2543 1849 2597 satis
1863 2557 1893 2610 ap-

1045 2631 1135 2699 paret.
1158 2627 1249 2681 lictus
1263 2631 1359 2681 eutem
1374 2643 1431 2698 quo
1447 2626 1507 2681 huc
1523 2633 1579 2683 aut
1601 2629 1683 2692 illuc
1706 2632 1835 2686 volunta
1851 2646 1894 2683 coe

1046 2715 1174 2784 uertitur,
1189 2714 1244 2769 nisi
1258 2715 1529 2783 essctroluntarius‚
1547 2721 1650 2791 atque
1661 2720 1698 2774 in
1708 2725 1809 2775 nostra
1817 2718 1895 2791 positas

1046 2807 1197 2876 potestate,
1210 2819 1305 2875 neque
1318 2803 1478 2858 laudandus
1495 2820 1570 2860 cum
1583 2807 1627 2861 ad
1645 2808 1817 2880 superiora,
1831 2822 1894 2878 neque

1046 2891 1203 2963 culpandus
1225 2891 1313 2947 bomo
1338 2895 1411 2947 esset
1431 2908 1500 2947 cum
1526 2894 1568 2949 ad
1599 2895 1759 2953 interiora
1781 2898 1897 2967 detorquet

1047 2979 1128 3053 qnasi
1143 2981 1296 3071 quemdam
1309 2981 1454 3037 cardinem
1469 2982 1648 3040 voluntatis
1661 3006 1670 3053 ;
1695 3004 1797 3059 neque
1810 2987 1895 3041 omnim

1047 3070 1208 3125 monendus
1235 3074 1309 3125 esset
1326 3073 1359 3124 ut
1381 3069 1441 3124 istis
1455 3073 1608 3141 neglectis
1630 3079 1753 3132 aeterna
1774 3074 1897 3131 velletad-

1047 3158 1128 3230 pisci,
1144 3162 1229 3229 atque
1244 3162 1275 3212 ut
1286 3158 1359 3213 male
1371 3159 1459 3213 nollet
1472 3159 1593 3232 vivere,
1611 3165 1709 3220 vellet
1725 3171 1822 3221 autem
1839 3165 1895 3219 bene.

1048 3246 1213 3300 tlocautem
1228 3245 1405 3300 monendum
1421 3261 1479 3300 non
1495 3261 1562 3302 esse
1593 3250 1773 3320 bominem,
1799 3249 1897 3324 quisquis
1934 3236 1937 3241 ’

1048 3332 1200 3397 existimat,
1214 3334 1248 3389 de
1262 3334 1414 3390 hominum
1424 3350 1550 3391 numero
1568 3341 1827 3396 exterminandus
1835 3344 1874 3393 est

1048 3421 1161 3477 CAPUT
1174 3423 1210 3477 ll.
1225 3451 1260 3464 ·-
1272 3422 1326 3478 Det
1337 3425 1510 3493 prescientia
1526 3429 1677 3493 quomodo
1695 3431 1815 3485 liberam
1828 3430 1897 3482 calm

1084 3515 1165 3565 tatem
1187 3511 1360 3580 peccantibus
1391 3527 1444 3568 aon
1474 3516 1608 3585 auferat,
1635 3523 1771 3588 ‚qaeestio
1795 3518 1898 3590 plurima·

1083 3603 1220 3669 torquens.

1082 3687 1328 3751 altaecumbae
1349 3686 1415 3756 ειιιι,
1437 3687 1637 3748 ineffabiliter
1659 3710 1715 3750 me
1732 3700 1899 3764 movetque

1048 3775 1134 3830 modo
1149 3775 1213 3831 fieri
1228 3777 1318 3847 possit
1329 3781 1360 3831 nt
1370 3782 1397 3832 et
1412 3777 1486 3832 Deus
1501 3781 1654 3848 praescius
1676 3785 1720 3840 sit
1734 3787 1859 3840 omnium
1870 3783 1898 3835 tu-

1048 3868 1188 3932 turorum,
1204 3868 1232 3919 ct
1245 3880 1298 3919 nos
1309 3865 1387 3920 nulla
1403 3866 1574 3921 necessitate
1591 3885 1775 3940 peccemus.
1793 3870 1900 3942 Ouaque

1048 3951 1126 4007 enim
1141 3952 1245 4007 dmerit
1258 3953 1341 4007 aliter
1356 3952 1469 4007 evenire
1481 3970 1571 4024 posse
1588 3959 1717 4031 aliquid
1742 3980 1830 4035 qnam
1847 3962 1900 4014 [teus

1047 4040 1272 4112 antepraescivit,
1280 4041 1488 4111 praescientiam
1500 4043 1729 4106 lleidestruere
1741 4051 1900 4106 insanissima

1047 4128 1192 4200 impietate
1207 4130 1333 4186 molitur.
1350 4132 1540 4201 Quapropter,
1559 4133 1586 4188 si
1602 4140 1767 4207 praescivit
1781 4143 1850 4195 Deus
1859 4152 1901 4208 pcc·

1047 4223 1177 4272 caturnm
1196 4232 1256 4273 esse
1283 4218 1411 4289 primum
1438 4219 1603 4293 hominem,
1630 4228 1721 4297 qnod
1752 4229 1901 4283 necessest

1048 4305 1184 4361 concedat
1196 4304 1268 4361 mihi
1295 4306 1424 4378 quisquis
1443 4323 1559 4365 mecum
1577 4315 1729 4372 omnium
1751 4318 1898 4374 futurorum

1047 4393 1199 4464 praescium
1208 4394 1313 4449 latetur
1323 4397 1412 4450 Deum
1424 4412 1432 4464 3
1446 4395 1470 4450 si
1486 4412 1556 4468 ergo
1570 4399 1615 4455 ita
1625 4408 1688 4474 est,
1704 4422 1770 4461 non
1784 4407 1845 4462 dico
1859 4416 1902 4458 non

1049 4498 1115 4538 eum
1124 4481 1239 4550 iaceret,
1253 4483 1362 4538 bonum
1376 4484 1451 4539 enirn
1466 4485 1542 4553 iecit,
1560 4503 1616 4542 nec
1632 4491 1748 4550 obesse
1762 4495 1902 4567 quidquam

1050 4571 1106 4626 Deo
1129 4576 1224 4642 posset
1242 4576 1390 4643 peccatum
1409 4573 1470 4644 eJ'us
1493 4590 1583 4645 quem
1601 4576 1729 4637 bonum
1746 4583 1811 4654 ipse
1834 4581 1901 4636 lecit:

1047 4658 1105 4713 imo
1130 4658 1161 4713 in
1186 4676 1243 4730 quo
1271 4659 1401 4715 iaciendo
1428 4661 1589 4718 bonitatem
1613 4683 1709 4724 suam
1738 4672 1899 4733 ostenderet,

146 4737 270 4792 dedecus
283 4739 357 4810 cogi,
373 4740 440 4811 quia
454 4741 592 4812 injustum
608 4745 666 4808 est;
683 4756 778 4812 neque
794 4741 829 4796 ab
843 4743 990 4814 interiore,
1047 4747 1169 4803 ostendit
1183 4748 1269 4803 ctiam
1279 4748 1310 4805 in
1323 4750 1470 4822 puniendo
1481 4751 1645 4824 justitiam,
1660 4761 1694 4813 et
1715 4759 1751 4815 in
1771 4758 1902 4815 liberando

147 4825 216 4898 qnia
229 4842 288 4881 non
299 4832 402 4896 potest.
414 4830 510 4884 Restat
524 4828 653 4902 igitnrssut
665 4829 727 4899 ejus
742 4829 778 4884 sit
789 4832 925 4902 proprius
939 4834 992 4889 iste
1046 4837 1293 4893 misericordiam:
1318 4855 1378 4894 non
1401 4839 1497 4913 itaque
1517 4841 1593 4910 dico,
1612 4860 1678 4901 non
1695 4864 1770 4904 eum
1795 4850 1900 4908 faceret

145 4919 249 4978 motus,
262 4931 319 4986 quo
330 4916 443 4972 fruendi
458 4918 632 4972 voluntatem
645 4918 681 4973 ad
694 4922 855 4974 creaturam
870 4938 887 4975 a
905 4922 991 4978 Crea-
1046 4926 1097 4980 sed
1114 4926 1169 4981 hoc
1183 4925 1256 4991 dico,
1273 4927 1409 4997 quoniam
1421 4934 1610 4999 peccaturum
1630 4950 1701 4991 esse
1717 4939 1899 5009 praesciverat

145 5009 207 5060 tore
223 5004 380 5059 convertit:
401 5005 451 5075 qni
470 5012 564 5062 motus
580 5006 604 5061 si
618 5008 710 5078 culpae
731 5007 884 5078 deputatur
907 5011 991 5081 (unde
1045 5029 1160 5069 necesse
1182 5017 1243 5069 erat
1264 5014 1294 5070 id
1311 5015 1383 5077 lieri,
1409 5016 1484 5088 quod
1506 5017 1642 5076 futurum
1661 5039 1731 5079 esse
1743 5025 1900 5098 praesciebat

145 5092 196 5165 qui
210 5091 328 5158 dubitat,
349 5091 480 5147 irrisione
497 5093 600 5164 dignus
619 5094 671 5150 tibi
687 5095 763 5150 visus
778 5099 842 5165 est),
866 5114 926 5152 non
949 5103 992 5154 est
1046 5103 1130 5157 Deus.
1140 5102 1287 5167 Quomodo
1296 5110 1339 5160 est
1348 5104 1437 5176 igitur
1451 5106 1583 5162 voluntas
1593 5108 1693 5168 libera
1709 5114 1839 5170 ubitam
1850 5114 1899 5168 ine·

145 5180 245 5253 ntique
256 5178 403 5246 naturalis,
420 5179 469 5234 sed
482 5182 674 5253 voluntarius,
689 5184 720 5238 in
735 5201 826 5257 eoque
837 5185 938 5241 similis
949 5190 992 5241 est
1044 5190 1168 5246 vitabilis
1180 5197 1298 5263 apparet
1312 5193 1492 5249 necessitas?

144 5269 187 5325 illi
199 5270 293 5326 motui
307 5286 365 5342 quo
380 5271 515 5324 deorsum
525 5286 622 5326 versus
632 5273 704 5342 lapis
714 5273 814 5340 fertur,
830 5275 906 5346 quod
918 5274 990 5330 sicut
1080 5281 1106 5332 ὅ.
1121 5280 1161 5335 Α.
1176 5280 1298 5334 Pulsesti
1313 5282 1513 5337 vehementer:
1529 5281 1738 5344 misericordia
1753 5291 1808 5346 lici
1825 5288 1897 5353 adsit,

84 5396 97 5417 s
144 5358 197 5413 iste
211 5359 344 5431 proprius
358 5358 412 5431 est}
420 5357 532 5430 lapidis,
549 5358 588 5413 sic
602 5358 650 5414 ille
663 5360 990 5418 animitrerumtamem
1077 5384 1431 5449 11500205135,‚2·n[3r50ra
1447 5387 1554 5451 gargar,
1571 5390 1712 5444 mgnum
1728 5396 1795 5446 aad.

143 5445 174 5501 in
189 5463 222 5502 co
237 5448 393 5516 dissimilis,
413 5449 491 5520 quod
511 5447 540 5502 in
568 5452 708 5519 potestate
731 5466 791 5504 non
810 5452 896 5506 habet
917 5452 989 5522 lapis
1075 5463 1112 5526 (a)
1126 5463 1184 5513 th.
1196 5465 1308 5516 Retract.
1326 5465 1372 5516 lib.
1384 5471 1407 5524 t,
1422 5481 1479 5532 cap.
1489 5470 1513 5529 9,
1530 5482 1559 5517 n.
1572 5471 1597 5519 3.
