3884 6112
119 287 186 343 litt
758 276 805 331 DE
825 271 967 339 MUSlCA‚
988 271 1015 327 S.
1037 270 1229 328 aueusrlltl
1417 280 1427 293 '
1821 273 1888 328 llnt

117 409 203 466 etiam
219 406 268 478 qui
290 403 384 476 longis
398 401 513 474 syllabis
527 402 646 455 constat.
661 397 723 462 Quo
739 394 772 450 iit
790 399 822 451 ut
836 394 964 450 adbibita
1020 393 1106 464 lunga
1121 392 1192 447 duas
1212 392 1313 448 breves
1329 391 1474 462 ponimus,
1503 408 1563 447 non
1583 408 1653 448 cum
1674 391 1727 448 his
1752 391 1891 463 legitimis

116 513 215 552 rursus
229 511 263 550 ea
283 494 356 566 lege,
377 508 442 564 que
464 488 596 561 abrogari
619 502 677 541 non
695 488 874 557 potestque
894 482 965 538 dues
1019 480 1148 553 pedihus,
1164 481 1214 536 sed
1234 497 1286 551 pro
1308 481 1353 535 liis
1374 497 1458 552 posse
1473 482 1553 554 poni,
1576 497 1679 554 neque
1699 496 1758 552 per
1780 480 1889 552 seipsos

116 585 215 642 breves
237 599 291 655 pro
311 598 369 636 una
392 581 477 651 longe
491 577 559 649 poni
578 575 654 642 licet,
674 574 711 629 ad
725 572 866 629 sexdecim
882 571 964 643 sylla·
1018 569 1183 641 rhythmum
1209 585 1315 634 creare,
1340 585 1376 624 ne
1391 570 1422 623 in
1442 569 1591 625 inlinitum
1609 574 1659 625 eat
1675 568 1762 642 qnod
1777 570 1888 623 ratione

117 673 168 729 has
188 669 400 744 pertendamus.
425 665 479 721 Ubi
497 665 521 718 si
535 679 633 718 rursus
655 662 735 734 pedis
756 661 964 716 incrementum
1018 656 1177 714 finiendum
1186 662 1239 724 est,
1255 657 1379 730 satisque
1387 659 1450 730 jam
1460 658 1536 713 inter
1548 675 1606 715 nos
1618 659 1656 715 de
1671 658 1821 729 rhythmo
1835 659 1887 712 exi-

116 763 240 815 statuere
260 755 394 821 volueris,
414 753 446 809 in
464 751 584 826 triginta
600 751 671 806 duas
690 749 790 805 breves
808 748 964 821 proticisci-
1018 745 1103 801 stimo
1125 745 1320 817 disputatum
1348 750 1527 802 transeamus
1540 748 1577 804 ad
1598 751 1714 818 metra,
1738 746 1764 801 si
1784 745 1886 818 placet

117 861 203 901 mur:
219 845 275 900 huc
289 858 402 914 quoque
413 841 486 896 ratio
500 843 549 895 tua
561 840 664 911 pedem
679 843 707 894 to
721 837 868 909 compellit
878 836 966 891 addu·
1021 834 1056 890 D.
1073 833 1167 888 Placet
1181 849 1259 888 vero.

116 949 189 1000 cere,
212 936 240 988 et
262 947 361 987 rursus
384 931 430 986 lex
449 929 498 984 illa
516 928 637 999 duplum
657 943 809 983 numerum
834 925 965 981 brevium
1062 922 1176 978 CAPUT
1192 922 1252 976 Vll.
1266 950 1302 962 -
1314 924 1352 977 Dc
1363 927 1448 978 metro
1459 923 1557 992 quibus
1569 927 1596 979 et
1612 927 1685 994 quot
1698 925 1844 980 mininam

114 1036 168 1093 pro
182 1021 276 1093 longis
290 1020 383 1074 locare
397 1035 404 1073 ε
422 1021 507 1089 atque
531 1016 570 1071 ita
588 1015 685 1071 nullus
698 1014 887 1070 constituetur
903 1028 963 1066 mo·
1283 1013 1464 1067 constituatur
1476 1011 1602 1082 pedibus.

116 1107 180 1164 dus.
195 1110 233 1164 D.
249 1109 311 1163 lam
334 1107 403 1162 cedo
425 1104 541 1171 rationi,
564 1120 621 1174 qua
647 1119 736 1175 usque
758 1103 793 1158 ad
813 1105 964 1174 quaterna·
1055 1102 1097 1154 lb.
1109 1101 1145 1154 M.
1158 1097 1207 1153 llic
1219 1097 1317 1169 igitur,
1328 1104 1490 1155 metrumne
1501 1099 1654 1156 arbitreris
1665 1099 1799 1172 pedihus
1811 1100 1882 1167 ficri,

115 1196 191 1252 rium
207 1196 381 1268 syllabarum
396 1208 549 1249 numerum
563 1207 765 1262 promovemus
779 1190 892 1262 pedem.
909 1189 963 1243 Pro
1018 1201 1054 1241 an
1066 1186 1154 1258 pedes
1175 1191 1277 1242 metro.
1301 1188 1337 1243 D.
1362 1189 1423 1244 Non
1444 1188 1584 1261 intelligo.
1600 1192 1640 1245 M.
1659 1189 1800 1244 Pedesne
1815 1205 1883 1244 eon-

115 1285 168 1355 his:
177 1288 273 1340 autem
285 1282 422 1354 legitimis
433 1281 554 1354 pedihus
568 1279 638 1351 poni
649 1283 782 1350 oportere
797 1279 885 1350 pedes
898 1277 963 1348 plu·
1013 1274 1108 1345 juncti
1122 1283 1247 1329 metrum
1258 1279 1364 1342 creant,
1380 1291 1417 1330 an
1429 1276 1526 1331 metris
1537 1277 1707 1348 conjunctis
1720 1277 1815 1348 pedes
1828 1293 1882 1331 cre·

116 1373 192 1428 rium
203 1372 387 1444 syllabarum,
400 1369 577 1425 dumbrevcs
588 1367 653 1422 dum
666 1360 752 1422 unius
762 1367 856 1438 longae
869 1367 964 1420 locum
1017 1365 1124 1418 autur‘l
1141 1363 1178 1417 D.
1195 1362 1257 1417 Scio
1270 1363 1330 1434 jam
1343 1363 1413 1432 qnid
1427 1363 1512 1430 dicus,
1529 1368 1559 1419 et
1572 1364 1747 1435 conjunctis
1761 1364 1882 1435 pedibus

117 1464 257 1532 occupant
269 1476 326 1514 non
339 1473 450 1513 recuso.
1016 1453 1142 1505 metrum
1156 1450 1220 1505 lteri
1233 1454 1313 1522 puto.
1330 1451 1373 1504 M.
1389 1451 1446 1506 Cur
1459 1450 1574 1506 taudem
1585 1451 1613 1507 id
1625 1455 1743 1523 putas?
1755 1453 1796 1507 D.
1814 1453 1880 1518 Quia

116 1549 230 1606 CAPUT
245 1549 290 1603 Vl.
312 1578 347 1587 —
370 1546 452 1602 Pedes
473 1549 591 1615 quatuor
610 1543 724 1613 syllabis
744 1544 877 1612 Mentores
896 1543 963 1611 rty·
1016 1536 1092 1593 inter
1103 1538 1271 1609 rhythmum
1281 1541 1309 1592 et
1319 1544 1444 1594 metrum
1453 1540 1662 1595 hocinteresse
1674 1540 1793 1610 dixisti,
1807 1542 1880 1613 quod

268 1636 372 1692 tbmum
383 1650 431 1690 suo
444 1636 551 1688 nomiae
563 1636 653 1701 serere
664 1636 807 1701 nequeant.
1017 1625 1045 1681 in
1060 1627 1195 1696 rhythmo
1208 1627 1351 1682 contextio
1367 1627 1472 1699 pedum
1482 1629 1597 1684 nullum
1610 1634 1731 1684 certum
1746 1629 1838 1685 hahet
1849 1629 1880 1684 ti·

152 1726 195 1781 ll.
212 1725 254 1779 M.
271 1724 363 1779 Facile
378 1728 421 1777 est
435 1739 503 1794 ergo
522 1725 551 1776 te
568 1721 655 1776 etiam
677 1720 748 1775 illud
767 1719 964 1790 viderentque
1016 1729 1093 1777 nem,
1109 1714 1140 1768 in
1155 1720 1247 1770 metro
1263 1731 1330 1770 vero
1348 1716 1453 1771 habet:
1473 1716 1514 1771 ita
1527 1716 1582 1772 ista
1600 1718 1716 1789 pedum
1733 1718 1878 1774 contextio

115 1813 280 1879 concedere,
296 1813 368 1867 alios
381 1811 469 1883 pedes
488 1826 548 1865 esse
562 1826 615 1880 pro
631 1808 687 1876 his,
702 1823 789 1878 penes
807 1823 879 1879 quos
894 1807 964 1878 rhy-
1016 1806 1045 1858 et
1056 1802 1185 1873 rhythmi
1199 1806 1228 1858 et
1243 1803 1328 1859 metri
1342 1819 1403 1859 esse
1416 1803 1606 1877 intelligitur,
1624 1805 1679 1860 sed
1695 1805 1739 1861 ihi
1756 1805 1876 1870 infinita,

114 1900 188 1956 thmi
212 1904 255 1956 est
277 1900 464 1972 principatus,
480 1899 551 1954 ulios
568 1897 616 1969 qui
633 1912 698 1952 cum
714 1896 759 1952 his
779 1896 962 1951 collocantur.
1016 1890 1063 1946 hic
1086 1895 1183 1946 autem
1197 1891 1280 1946 linita
1295 1897 1411 1947 constat.
1428 1894 1470 1947 M.
1489 1894 1562 1964 Ergo
1577 1909 1656 1947 unus
1681 1909 1737 1965 pes
1753 1900 1877 1950 metrum

114 1988 185 2044 llam
207 1989 256 2045 ubi
271 2005 324 2060 pro
340 1987 432 2060 longis
447 1986 567 2058 singulis
581 1985 765 2058 geminantur
783 1985 895 2053 breues,
909 1999 962 2054 pro
1017 1983 1135 2035 nonest.
1146 1980 1183 2034 D.
1195 1979 1258 2035 Non
1272 1980 1381 2051 utique.
1392 1981 1436 2035 M.
1448 1979 1605 2045 Quidunus
1620 1997 1675 2052 pes
1685 1985 1717 2037 et
1727 1982 1877 2053 semipes?

114 2092 147 2132 eo
169 2077 220 2148 qui
232 2076 400 2149 rhythmum
414 2076 535 2143 obtinet,
551 2074 640 2129 alium
655 2069 801 2140 locamus;
817 2073 895 2128 uelut
909 2088 962 2144 pro
1015 2067 1054 2123 D.
1071 2069 1176 2123 Nehoc
1191 2067 1364 2140 quidembl.
1380 2068 1494 2134 Quare?
1508 2085 1545 2124 an
1560 2068 1631 2141 quia
1643 2074 1780 2125 metrum
1800 2070 1877 2143 padi·

112 2163 210 2220 iambo
224 2166 270 2220 vel
291 2166 416 2220 trocheo
430 2163 616 2226 tribrachum,
637 2165 686 2217 aut
699 2177 752 2232 pro
767 2160 895 2232 spondeo
911 2159 962 2214 da·
1015 2156 1069 2211 bus
1084 2155 1181 2223 confit,
1197 2172 1250 2211 nec
1264 2156 1365 2228 utique
1376 2159 1498 2228 possunt
1515 2156 1573 2212 dici
1588 2157 1693 2228 pedes,
1712 2158 1768 2213 uhi
1786 2159 1877 2214 minus

116 2251 224 2323 ctylum
248 2254 297 2306 aut
313 2253 490 2320 anapestum
513 2253 562 2304 aut
588 2245 882 2320 proceleusmaticum.
911 2245 964 2302 Ubi
1016 2259 1104 2317 mam
1119 2244 1175 2300 duo
1188 2246 1273 2300 sunt?
1283 2244 1321 2299 D.
1333 2245 1376 2299 lta
1389 2248 1442 2300 est.
1455 2246 1497 2299 M.
1509 2244 1706 2317 inspiciamus
1721 2245 1817 2318 igitur
1825 2263 1878 2302 me·

112 2352 180 2393 uero
195 2352 254 2393 non
274 2336 351 2392 idem
372 2335 414 2403 iit,
429 2351 488 2391 non
509 2351 561 2407 pro
577 2350 622 2402 eo,
642 2334 692 2390 sed
715 2350 781 2389 cum
796 2350 830 2390 eo
844 2334 963 2406 ponitur
1015 2336 1062 2388 tra
1073 2331 1123 2386 illa
1145 2348 1240 2404 quea
1262 2349 1308 2388 me
1322 2333 1408 2404 paulo
1422 2338 1489 2388 ante
1503 2337 1744 2389 commemorata
1759 2340 1876 2402 suntet

113 2424 244 2497 quisquis
256 2424 391 2480 miscetur
404 2423 574 2479 inferiorum
586 2439 593 2491 ;
603 2426 636 2478 ut
645 2438 711 2477 cum
722 2421 835 2493 dactylo
851 2438 963 2494 anapae-
1016 2415 1163 2473 videamus
1173 2419 1278 2491 quibus
1287 2420 1409 2492 pedibus
1418 2424 1563 2486 constent;
1577 2421 1739 2478 nonenim
1748 2427 1779 2478 te
1787 2423 1818 2478 in
1828 2423 1876 2479 hoc

113 2515 184 2580 stus,
200 2527 266 2568 cum
283 2511 379 2567 ionico
399 2528 467 2567 vero
486 2512 623 2568 utrolibet
646 2511 790 2568 diiambus
804 2511 848 2566 rel
863 2509 962 2566 dicho·
1015 2519 1121 2577 genere
1139 2507 1393 2565 animadvertendo
1408 2508 1510 2565 rudem
1529 2524 1591 2564 esse
1605 2509 1707 2565 adhuc
1723 2509 1823 2567 decet.
1843 2511 1876 2565 lia

112 2598 174 2656 rius
188 2616 194 2656 :
211 2604 239 2656 et
253 2599 357 2672 reliqui
371 2600 503 2656 similiter
514 2617 566 2655 suo
577 2601 642 2673 jure
654 2615 721 2657 cum
732 2599 850 2655 certeris.
861 2600 962 2671 stupa·
1016 2597 1083 2649 sunt
1096 2599 1214 2651 antem:

112 2676 179 2744 rim
188 2688 241 2743 unu
255 2688 423 2758 arraudum,
436 2688 481 2743 vsi
491 2688 594 2743 ranam
609 2687 742 2744 vererere
758 2690 793 2744 n.
807 2689 869 2743 ram
880 2687 963 2742 inur—
1248 2666 1391 2778 iffi&
1401 2665 1533 2792 {2330

112 2775 184 2848 ligo.
213 2777 256 2832 M.
283 2777 433 2848 Responde
461 2793 530 2848 ergo
558 2781 657 2833 utrum
680 2777 723 2832 illi
746 2777 797 2849 qui
823 2793 876 2847 pro
897 2775 961 2831 aliis
1247 2789 1313 2848 Quo
1325 2790 1419 2839 cunina
1433 2765 1578 2841 subdubia

113 2867 273 2935 ponuntur,
283 2864 396 2936 possint
406 2863 493 2918 etiam
508 2863 563 2936 ipsi
573 2879 626 2935 per
635 2880 664 2918 se
674 2863 767 2920 facere
781 2863 959 2936 rhythmum.
1246 2851 1386 2902 M0fflfl¹¹⁰⁸
1397 2865 1514 2903 ⁸⁰¹¹⁰r0⁸·

111 2952 150 3008 D.
178 2954 309 3007 Possunt.
334 2953 380 3006 M.
412 2952 526 3007 Omnes.
557 2953 594 3007 D.
620 2953 735 3008 Omnes.
764 2954 806 3007 M.
833 2954 905 3024 Ergo
934 2955 961 3006 at
1014 2948 1165 3006 Satishec
1189 2964 1249 3004 esse
1270 2950 1306 3005 ad
1324 2949 1355 3004 id
1368 2949 1444 3022 quod
1458 2948 1641 3005 intendimus
1655 2956 1754 3023 puto:
1770 2954 1871 3026 tojam

112 3040 241 3112 quinque
252 3040 425 3111 syllabarum
440 3044 594 3111 pespotest
603 3057 654 3096 sno
665 3039 783 3097 nomine
792 3041 960 3112 rhythmum
1013 3038 1114 3094 metire
1123 3037 1186 3101 iste,
1198 3041 1226 3092 et
1236 3053 1307 3110 quos
1318 3037 1444 3094 habeant
1457 3039 1543 3109 pedes
1558 3041 1713 3099 renuntia.
1728 3043 1769 3099 D.
1781 3042 1872 3099 Omni·

111 3127 215 3196 lacere,
244 3128 311 3199 quia
342 3143 395 3199 pro
419 3127 536 3183 bacchio
565 3129 610 3183 rel
632 3129 735 3183 cretico
761 3129 805 3184 uel
833 3129 961 3201 quolibet
1013 3141 1121 3181 nonen
1134 3127 1418 3197 possumzcosenim
1432 3127 1593 3183 metiendos
1606 3130 1763 3202 puto,qui
1776 3130 1873 3186 sibile·

112 3230 214 3287 poeone
228 3215 298 3287 poni
312 3219 416 3287 potest.
433 3216 472 3269 D.
496 3216 558 3271 Non
580 3220 671 3288 potest
686 3216 821 3288 quidem3
837 3217 885 3271 sed
898 3217 960 3288 jam
1013 3212 1114 3285 gitime
1129 3214 1256 3286 copulari
1271 3220 1380 3286 queunt
1391 3232 1398 3281 ;
1409 3232 1462 3271 uec
1473 3215 1552 3270 valeo
1565 3232 1614 3271 me
1629 3216 1705 3272 hinc
1719 3219 1867 3290 expedire.

110 3301 198 3358 istum
214 3319 275 3358 non
287 3318 422 3359 vocamus
435 3303 550 3375 pedem,
561 3304 583 3358 si
598 3303 807 3376 progressionis
820 3304 897 3359 illius
911 3320 959 3359 us·
1013 3301 1043 3358 Si
1052 3302 1129 3357 enim
1139 3303 1266 3374 primum
1281 3304 1411 3359 chorium
1420 3304 1524 3369 fecero,
1534 3305 1670 3377 sequitur
1680 3307 1812 3374 iambus,
1825 3307 1869 3379 qui

111 3406 168 3464 que
183 3391 219 3447 ad
237 3392 453 3464 quaternarium
469 3407 623 3447 numerum
641 3392 710 3447 satis
724 3393 844 3448 memini
858 3394 878 3449 ¹.
900 3394 958 3463 Ego
1013 3390 1192 3462 temporibus
1200 3407 1253 3463 pur
1263 3396 1316 3459 est,
1328 3393 1377 3448 sed
1389 3409 1447 3447 uon
1460 3392 1593 3448 similiter
1604 3394 1767 3464 plauditur
1777 3413 1785 3451 :
1797 3395 1869 3450 side

110 3483 208 3536 autem
235 3496 302 3535 curn
334 3496 435 3536 omnes
458 3496 539 3552 posse
570 3480 717 3552 respondi,
746 3481 834 3552 pedes
860 3481 959 3552 utique
1013 3480 1130 3551 ctylum,
1155 3496 1213 3536 non
1233 3481 1363 3552 sequitur
1378 3481 1449 3536 alius
1464 3481 1556 3553 qniei
1571 3483 1677 3538 saltem
1692 3485 1869 3556 temporibus

110 3583 193 3641 posse
220 3568 369 3641 respondi.
398 3570 442 3624 M.
467 3570 562 3625 Laudo
586 3569 673 3624 etiam
694 3569 726 3625 in
747 3568 865 3625 nomine
889 3569 958 3624 reti-
1013 3570 1193 3638 coaequetur:
1219 3566 1243 3622 si
1267 3567 1475 3636 choriambum,
1501 3568 1602 3624 eadem
1630 3570 1793 3629 difficultas
1815 3576 1867 3637 ast;

110 3658 204 3715 nendo
228 3657 407 3730 diligentiam
434 3663 462 3713 et
482 3657 660 3729 vigilantiam
687 3662 779 3715 tuam.
813 3657 867 3714 Sed
888 3657 959 3711 scias
1013 3654 1091 3725 quod
1107 3653 1183 3709 enim
1197 3659 1294 3721 restat,
1309 3671 1362 3711 nee
1374 3655 1551 3727 temporibus
1565 3671 1635 3712 cum
1644 3675 1694 3727 eo,
1705 3676 1764 3715 nec
1772 3661 1868 3732 plausu

110 3745 207 3801 multis
225 3745 318 3801 risum
342 3760 403 3799 esse
424 3745 511 3800 etiam
526 3761 661 3802 senarum
681 3746 856 3817 syllabarum
871 3745 959 3815 pedes
1012 3741 1156 3794 convenit.
1173 3740 1266 3806 Quare
1281 3746 1332 3797 aut
1343 3743 1397 3798 hoc
1412 3748 1534 3799 metrum
1549 3760 1611 3799 non
1626 3750 1683 3817 est,
1701 3753 1757 3804 aut
1769 3748 1866 3803 mum

109 3832 332 3905 nuncupandos;
349 3832 397 3887 sed
411 3832 545 3902 amplius,
562 3833 639 3903 quod
653 3833 751 3900 sciam,
767 3833 877 3887 nemini
896 3833 958 3903 pla·
1013 3828 1148 3899 estquod
1169 3829 1246 3884 inter
1264 3845 1316 3885 nos
1335 3831 1370 3887 de
1384 3831 1491 3902 pedum
1505 3832 1695 3904 copulatione
1717 3835 1865 3891 dissertm

109 3920 178 3976 cuit.
199 3921 234 3975 Et
251 3919 295 3973 illi
315 3917 419 3991 quihus
432 3919 486 3972 hoe
509 3918 625 3991 placuit,
645 3923 821 3991 negaverunt
836 3920 871 3974 ad
887 3920 957 3991 rhy-
1012 3919 1073 3971 est:
1088 3931 1156 3971 nam
1169 3918 1239 3989 quid
1253 3917 1330 3974 uliud
1344 3919 1438 3974 dicam
1454 3936 1512 3975 non
1526 3919 1657 3977 invenio.

107 4006 231 4074 thmurm
247 4010 297 4061 aut
311 4006 347 4061 ad
360 4009 484 4061 metrum
494 4023 546 4077 per
556 4023 585 4061 se
599 4007 845 4079 gignendumtam
857 4008 958 4078 longos
1049 4007 1089 4060 lb.
1105 4007 1149 4061 M.
1175 4006 1297 4062 Metrum
1322 4006 1440 4079 quidem
1459 4024 1520 4064 esse
1539 4013 1568 4064 et
1588 4026 1624 4064 eo
1643 4012 1729 4082 quod
1744 4014 1811 4084 plus
1829 4016 1884 4077 cst,

108 4096 196 4169 pedes
218 4094 348 4151 adbiberi
369 4099 511 4167 oportere.
531 4096 632 4167 ltaque
652 4111 688 4152 ne
709 4097 828 4152 nomina
842 4097 958 4168 quidem
1012 4106 1099 4164 quem
1108 4109 1170 4166 pes,
1181 4099 1348 4167 certumque
1359 4096 1447 4152 linem
1459 4096 1556 4162 habet,
1568 4097 1865 4170 etipsarnxnaurium

108 4183 153 4240 his
172 4183 348 4240 indiderunt.
365 4183 502 4249 Quocirca
514 4183 679 4240 verissimus
699 4188 742 4240 est
760 4184 808 4240 ille
823 4201 957 4257 progres·
1009 4180 1118 4252 judicio
1140 4183 1316 4240 convincitur
1328 4183 1347 4239 ¹.
1369 4185 1432 4241 Non
1455 4184 1533 4240 enirn
1558 4189 1620 4241 tam
1643 4189 1733 4244 suari
1758 4191 1866 4245 sonaret

108 4271 196 4328 sionis
209 4273 322 4339 modus,
340 4272 390 4344 qui
402 4288 494 4344 usqne
508 4273 544 4328 ed
554 4278 679 4345 quatuor
693 4273 815 4345 syllabas
829 4276 959 4346 peruenit
1012 4269 1186 4341 equalitate,
1195 4275 1245 4328 aut
1254 4274 1335 4327 motu
1344 4275 1404 4327 tam
1414 4272 1555 4328 conmnno
1564 4273 1770 4346 plauderetur,
1778 4277 1805 4332 ai
1813 4293 1866 4332 nou

107 4361 343 4434 quandoquidem
366 4360 397 4416 hi
418 4376 518 4416 omnes
540 4362 637 4433 pedes,
661 4361 766 4434 quihus
787 4363 884 4418 divisis
901 4363 958 4419 duo
1011 4356 1117 4413 inesset
1130 4357 1161 4412 in
1175 4358 1225 4414 illo
1240 4360 1443 4431 numerositas,
1458 4376 1523 4432 quaa
1537 4360 1671 4432 prolecto
1690 4379 1755 4420 esse
1769 4363 1866 4420 nisiiu

107 4448 171 4506 lieri
182 4466 242 4505 non
256 4453 387 4521 possunt,
398 4449 544 4520 conjuncti
557 4450 661 4521 pedem
673 4449 766 4505 lucere
780 4455 955 4521 potuerunt;
1010 4445 1065 4501 hac
1085 4449 1166 4518 parte
1189 4447 1306 4503 musicae
1327 4464 1389 4503 non
1407 4453 1510 4521 potest.
1532 4449 1615 4505 Falsa
1628 4466 1701 4507 vero
1716 4469 1793 4520 esse,
1806 4467 1866 4524 qne

108 4541 136 4592 et
148 4538 189 4594 ita
209 4538 260 4610 qui
280 4538 310 4593 in
328 4542 438 4594 sextam
457 4538 595 4610 syllabam
614 4552 705 4609 nsque
719 4539 863 4609 progressi
879 4543 956 4607 sunt,
1010 4532 1085 4588 inter
1098 4549 1151 4589 nos
1170 4535 1367 4609 constiterunt,
1395 4536 1486 4592 miror
1512 4537 1591 4609 quod
1610 4537 1784 4596 existimes:
1811 4554 1866 4595 non

107 4639 215 4680 nomen
229 4630 341 4680 tautum
355 4627 434 4697 pedis
442 4626 473 4681 iu
483 4643 542 4694 eos,
556 4625 606 4698 qui
617 4629 750 4697 quartam
763 4633 955 4695 excesserunt,
1011 4621 1089 4677 enim
1096 4626 1146 4678 aut
1157 4623 1285 4679 numeris
1291 4624 1450 4697 quidquam
1458 4635 1501 4680 est
1509 4625 1628 4694 certius,
1635 4631 1690 4683 ant
1700 4628 1752 4684 illa
1761 4628 1865 4700 padum

107 4712 262 4768 transferre
285 4713 347 4768 ausi
368 4718 453 4782 sunt;
480 4715 516 4770 ad
529 4714 726 4786 principatum
748 4729 825 4782 uero,
850 4715 900 4786 qui
915 4718 957 4769 est
1010 4711 1282 4767 commemoratione
1304 4716 1332 4768 et
1346 4713 1532 4769 collocatione
1546 4713 1726 4773 ordinatius.
1743 4717 1818 4773 liam
1836 4732 1866 4771 ax

107 4799 139 4856 in
153 4799 294 4872 rhythmis
314 4804 342 4855 et
356 4802 463 4869 metris,
485 4803 666 4859 nullomodo
681 4820 729 4859 eos
742 4802 869 4874 aspirare
883 4802 956 4857 sive·
1009 4797 1072 4869 ipsa
1094 4815 1281 4856 numerorum
1296 4803 1417 4871 ratione,
1434 4818 1499 4875 quar
1514 4802 1595 4858 nullo
1611 4803 1703 4860 modo
1724 4805 1811 4874 lallit,
1825 4821 1866 4860 ex·

108 4894 185 4946 runt.
202 4889 256 4944 Sed
276 4905 341 4944 cum
360 4906 412 4961 pro
431 4891 524 4963 longis
542 4892 644 4948 breves
660 4892 853 4964 duplicantur,
869 4891 955 4946 etiam
1009 4902 1142 4959 pressum
1155 4892 1195 4943 est
1206 4889 1346 4961 quidquid
1359 4889 1391 4944 in
1402 4890 1443 4945 eis
1457 4895 1485 4945 et
1497 4890 1533 4945 ad
1543 4891 1717 4948 mulcendas
1731 4910 1826 4961 aures,
1840 4897 1866 4946 et

107 4978 144 5035 ad
167 4976 319 5050 septimam
340 4983 426 5049 atque
447 4984 587 5049 octavam,
602 4984 634 5036 nt
645 4981 705 5053 jam
728 4980 854 5036 ostendit
872 4980 955 5051 ratio,
1011 4973 1047 5029 ad
1062 4974 1251 5031 obtinendum
1265 4976 1296 5031 in
1309 4977 1444 5048 rhythmo
1458 4977 1668 5049 principatum,
1686 4982 1785 5037 valere
1803 4997 1864 5054 per·

107 5067 246 5141 syllabam
264 5067 447 5139 pervenitur:
470 5069 507 5123 ad
530 5085 617 5141 quem
632 5085 788 5125 numerum
809 5085 893 5125 nemo
910 5073 955 5124 te·
1009 5062 1171 5133 speximus:
1187 5063 1235 5118 sed
1248 5064 1312 5118 vide
1326 5065 1422 5136 polius
1437 5082 1503 5121 cum
1523 5082 1601 5138 soepe
1615 5074 1732 5140 repeto,
1749 5070 1865 5137 Dasea

105 5157 199 5214 tendit
216 5156 330 5228 pedem.
346 5154 399 5209 Sed
416 5155 553 5226 quonium
570 5156 654 5213 rideo
673 5162 802 5214 constare
816 5157 890 5213 inter
905 5174 957 5213 nos
1009 5154 1076 5208 aitis
1097 5154 1146 5209 aab
1163 5156 1261 5222 enims,
1276 5154 1483 5229 demulceoque
1504 5156 1560 5213 ista
1573 5159 1789 5216 numerositate
1804 5175 1865 5236 sen-

107 5243 401 5318 quemlihetplurium
411 5258 497 5313 quam
507 5247 630 5314 quatuor
638 5246 821 5316 syllabarum,
831 5261 956 5316 cumpro
1011 5255 1073 5296 sum
1088 5243 1191 5308 tuum;
1212 5241 1282 5312 quid
1301 5241 1388 5299 distat
1401 5243 1477 5300 inter
1491 5244 1557 5315 hoc,
1581 5250 1611 5300 et
1631 5244 1657 5300 si
1679 5247 1818 5303 adderem
1832 5245 1865 5301 ad

139 5335 148 5368 ¹
163 5333 205 5384 Sic
215 5331 280 5382 Mas.
294 5332 315 5382 ll
329 5331 398 5391 etB;
413 5335 440 5379 at
449 5329 477 5379 in
487 5331 515 5378 lt.
532 5330 637 5394 legitur,
651 5333 762 5395 sedjcm
772 5334 891 5384 istorum
902 5345 957 5384 rien
1010 5326 1099 5383 linem
1113 5329 1198 5400 hujus
1218 5330 1335 5386 hrerem
1349 5332 1475 5405 aliquam
1490 5333 1642 5405 syllabam,
1659 5350 1690 5390 ea
1703 5336 1777 5392 item
1791 5335 1864 5392 istud

105 5391 957 5520 mmfssjfflfffflfflfflffss‘rlfrssljlgffeffgffffflnp'ssg'
1011 5416 1113 5473 eodem
1127 5419 1213 5474 modo
1228 5424 1399 5491 repeterem,
1414 5422 1480 5488 Qua
1492 5423 1590 5478 emitis
1602 5423 1655 5478 sub
1670 5426 1797 5482 eamme
1808 5427 1822 5478 i
1834 5427 1862 5480 u.

106 5520 319 5578 gresatorteetc.
353 5519 386 5567 bl.
1044 5522 1253 5584 ¹Coaueatmar,
1267 5525 1344 5588 juxta
1357 5525 1636 5576 Er.etblss.lletli.
1671 5528 1708 5578 bl.
