3884 6112
682 234 789 293 hiesu
816 234 1010 296 SECUNDUS.

68 368 101 409 rs.
120 353 153 410 Et
167 352 230 425 ipsa
244 352 321 409 enim
335 354 504 410 consultatio
518 357 699 428 responsioni
713 376 813 416 measa

69 440 204 514 Quarta
218 448 270 498 est.
287 443 337 497 llic
356 443 430 498 liber
448 444 488 499 stc
506 443 606 519 incipit
622 463 629 501 :
645 450 813 519 Itespooderc

69 534 172 598 temti,
188 531 362 588 dilectissime
374 533 416 602 frti
431 533 519 589 Orosi.

282 655 395 711 CAPUT
414 657 490 712 XLV.

69 758 214 812 mamam
226 744 414 813 presbeterum
428 745 493 800 libri
511 745 579 813 duur
594 762 664 802 uuus
678 747 814 816 (160ήαί-

83 847 119 888 me
131 834 247 899 Anima,
263 837 288 888 et
302 832 374 888 atius
389 833 422 888 de
435 834 575 891 Scatemm
584 837 688 891 iacobi.

69 937 102 994 tsi
129 938 215 996 etiam
244 938 316 993 duos
343 938 431 993 libros
458 938 557 1010 (Epist.
589 944 653 1005 tssss,
686 942 748 1013 167)
776 943 812 999 ad

69 1043 167 1100 ymum
183 1027 380 1099 presbyterum
395 1027 542 1084 sedentem
564 1028 595 1084 iu
621 1030 786 1086 Bethlehem
804 1049 811 1088 :

69 1115 96 1172 le
106 1115 223 1187 Origine
238 1115 350 1170 Animae
362 1116 488 1171 hominis
501 1133 508 1171 :
519 1118 642 1173 alterum
652 1119 686 1174 de
696 1120 813 1176 Senten-

69 1203 113 1260 sbi
128 1203 258 1277 apostoli,
271 1203 319 1259 ubi
333 1204 383 1274 ait,
395 1204 563 1276 Quumque
574 1213 658 1262 totam
668 1210 751 1277 tepem
760 1224 814 1263 ser·

69 1335 74 1359 ,
94 1293 214 1363 opmdat
230 1298 319 1348 autem
333 1294 364 1348 io
377 1309 440 1361 uuo,
456 1297 546 1362 sactus
561 1301 600 1351 est
613 1299 732 1352 menium
750 1312 811 1351 reus

80 1398 112 1446 n,
139 1382 202 1453 to);
225 1381 259 1436 de
284 1385 407 1453 utroque
429 1383 581 1437 consulens
602 1399 678 1439 eum.
702 1385 757 1440 Sed
780 1385 811 1439 ln

70 1487 119 1526 ore
131 1470 321 1542 quaestionem
336 1486 423 1541 quam
432 1471 573 1542 proposui
582 1472 642 1543 ipse
654 1488 712 1528 non
724 1472 808 1540 solri;

70 1557 161 1615 eriora
173 1563 271 1614 autem
285 1558 355 1631 quid
370 1559 543 1615 mihideilla
556 1562 691 1618 solvenda
704 1562 810 1618 videre·

70 1662 151 1703 tuou
164 1647 261 1701 tacui:
278 1646 326 1702 scd
341 1651 439 1702 utrum
453 1648 507 1703 hoc
523 1650 695 1721 approbaret
719 1650 807 1706 etiam

70 1735 171 1790 nsului.
189 1734 343 1806 Rescripsit
358 1740 454 1791 autem
469 1738 589 1793 laudans
601 1739 730 1794 eamdem
741 1755 809 1794 con·

70 1839 142 1879 »nam
166 1839 280 1892 meam3
307 1823 361 1879 sibi
388 1828 485 1879 tamen
513 1825 548 1881 ad
575 1827 809 1897 respondendum

70 1927 123 1967 nou
137 1927 197 1966 esse
216 1911 374 1982 respondit.
400 1913 457 1983 Ego
480 1929 546 1968 aero
569 1930 717 1985 quousque
737 1920 810 1971 esset

70 2016 129 2067 ore,
144 2000 195 2055 hos
207 2000 389 2056 librosedere
405 2001 495 2068 nolui,
514 2017 551 2056 ne
566 2003 639 2058 iorte
653 2005 807 2076 respoude-

70 2087 183 2160 prendu,
205 2092 234 2142 ct
249 2104 315 2143 cum
336 2087 399 2159 ipsa
421 2089 605 2160 responsione
629 2090 692 2162 ejus
716 2092 809 2163 potius

70 2182 122 2232 tur.
139 2176 191 2232 Illo
206 2181 303 2231 autem
317 2176 451 2232 defuncto
466 2178 500 2233 ad
514 2177 567 2233 hoc
580 2179 656 2234 edidi
669 2179 806 2250 priorem,

71 2263 130 2337 egIt
142 2265 388 2321 admoneaturaut
398 2282 457 2321 non
465 2283 593 2338 qnoerere
607 2267 726 2323 omniuo
737 2284 807 2340 quo·

70 2354 143 2409 tetur
154 2353 251 2408 anima
270 2355 461 2422 nascentibus,
472 2361 523 2410 aut
532 2361 607 2411 certe.
622 2357 657 2412 de
667 2373 699 2412 re
709 2358 808 2413 obscu-

84 2458 147 2498 eam
164 2443 337 2499 solutionem
353 2443 521 2514 questionis
539 2444 626 2516 hujus
645 2445 806 2516 admittere,

72 2531 179 2587 utraria
194 2548 252 2587 non
268 2531 305 2587 sit
318 2531 505 2604 apertissimis
519 2532 614 2597 rebus,
624 2551 694 2606 quas
708 2536 743 2591 de
754 2536 805 2590 ori·

71 2624 176 2676 necata
195 2619 266 2675 tides
279 2620 418 2676 cathoIIca
440 2621 518 2677 norit
539 2620 570 2677 iu
591 2622 728 2693 parvulis,
752 2622 808 2677 nisi

71 2713 162 2765 untur
174 2708 204 2762 iu
221 2708 343 2777 Christo,
357 2709 418 2764 siae
429 2709 607 2765 dubitatione
617 2710 805 2768 damnandis:

71 2814 145 2855 orem
165 2814 242 2866 vero,
258 2798 295 2854 ad
318 2799 373 2854 hoc
392 2803 425 2855 ut
446 2799 614 2871 questionis
635 2800 670 2856 de
696 2816 752 2872 qua
766 2799 807 2854 ibi

74 2887 162 2943 etiam
174 2904 238 2960 quae
253 2886 336 2942 nobis
354 2887 413 2943 risa
434 2892 478 2943 est
499 2888 603 2944 solutio
626 2888 690 2960 ipsa
706 2904 807 2944 noma·

71 2991 98 3032 sc
124 2993 196 3049 opus
225 2975 265 3032 sic
292 2975 393 3047 incipit
413 2979 519 3032 :Deum
541 2982 663 3033 nostrum
688 2979 737 3048 put
758 2992 806 3032 mos

270 3171 383 3226 caret
402 3170 493 3226 XLVI.

71 3261 169 3316 emtum
191 3262 396 3316 Donatistarum
418 3261 581 3330 episcopum,
602 3264 663 3329 past
684 3260 805 3315 conana-

123 3364 195 3411 nem,
212 3349 368 3404 liberamus.
383 3378 418 3389 -
435 3347 510 3421 [Non
524 3346 637 3421 exstat]

71 3455 202 3511 meritum
214 3455 436 3523 Donatistarum,
450 3456 628 3528 episcopum,
639 3455 729 3528 quiin
749 3457 805 3511 col·

74 3548 172 3599 nostra
186 3560 272 3616 quam
288 3561 354 3599 cum
369 3543 425 3599 illis
439 3543 603 3611 habuimus,
620 3560 722 3600 eorum
737 3560 805 3599 cau-

72 3633 156 3688 rxime
171 3650 254 3705 agere
269 3633 428 3700 ridebatur,
440 3632 591 3705 aliquando
602 3638 668 3705 post
676 3634 807 3689 eamdem

72 3738 136 3778 nern
152 3721 252 3793 scripsi
267 3721 373 3777 librum
387 3721 455 3777 satis
478 3721 588 3792 utilem,
604 3721 742 3793 quoniam
762 3738 807 3776 res

82 3810 243 3876 uincuntur,
266 3811 310 3865 rel
334 3810 401 3865 victi
427 3827 488 3866 esse
511 3815 717 3878 monstrantur,
733 3800 807 3866 com·

72 3899 193 3955 raritate
216 3898 427 3969 complectitur.
452 3899 502 3954 llic
523 3898 595 3954 liber
618 3899 658 3954 sic
680 3899 805 3971 inprit:

72 4002 134 4071 rosc,
144 3990 236 4056 trater
248 3990 376 4043 Emerita.

265 4112 379 4168 CAPUT
398 4111 500 4166 XLVII.

160 4202 196 4256 De
211 4199 299 4257 Gestis
313 4201 425 4269 Petaqtr',
442 4199 510 4254 liter
521 4214 602 4255 uuus.

72 4306 136 4363 dem
149 4311 263 4378 tempus
286 4307 317 4362 iu
341 4306 464 4373 Oriente,
486 4306 539 4360 hoc
554 4309 596 4360 est
609 4304 640 4359 in
659 4304 738 4376 Syria
754 4307 807 4362 Pa-

72 4437 77 4463 ,
93 4395 225 4467 Pelagius
240 4412 256 4450 a
270 4395 442 4468 quibusdam
456 4393 602 4449 catholicis
622 4392 759 4449 fratribus
772 4395 808 4450 ad

74 4484 129 4540 alia
152 4485 234 4540 Gesta
261 4485 425 4555 perductus,
450 4484 547 4554 eisque
573 4480 739 4537 absentibus
758 4482 808 4554 qui

72 4573 199 4629 libellum
218 4573 367 4641 dederant,
391 4571 527 4644 quonlam
551 4571 587 4626 ad
609 4570 685 4626 diem
708 4571 808 4642 synodi

72 4664 185 4717 tuerunt
199 4677 358 4728 occurrere,
375 4660 409 4715 ab
430 4658 572 4730 episcopis
593 4658 808 4730 quatuordecim

97 4754 158 4816 est3
185 4750 236 4804 ubi
262 4766 330 4805 eam
357 4751 491 4820 dogmata
517 4747 580 4818 ipsa
612 4747 806 4813 damnantem,

77 4837 151 4893 mica
164 4838 264 4910 gratia
286 4838 392 4895 Christi
407 4837 541 4891 adversus
565 4851 632 4891 eum
654 4836 689 4891 de
710 4835 808 4890 libello

73 4929 136 4989 Itur,
157 4927 327 4981 catholicum
354 4926 586 4997 pronuntiarunt.
609 4924 665 4980 Sed
688 4939 754 4979 curn
779 4923 809 4978 iu

74 5018 187 5070 nostras
201 5015 302 5070 eadem
316 5016 400 5071 Gesta
414 5013 568 5080 venissent,
593 5011 692 5083 scripsi
708 5013 743 5068 de
764 5011 809 5066 his

93 5119 130 5159 ne
149 5103 198 5159 illo
221 5103 300 5159 velut
326 5103 468 5172 absoluto,
496 5102 596 5157 eadem
619 5116 734 5172 qaoque
757 5099 807 5155 do·

73 5195 239 5265 putarentur
254 5191 365 5262 judices
390 5190 572 5262 approbasse,
597 5205 661 5260 quas
685 5187 734 5243 ille
754 5187 811 5242 nisi

73 5285 120 5337 set
147 5279 228 5336 nullo
249 5280 335 5335 modo
356 5279 390 5334 ab
415 5279 455 5334 eis
479 5278 534 5333 nisi
558 5278 712 5333 damnatus
735 5275 809 5330 erIs·

73 5368 169 5424 :liber
191 5368 231 5424 sic
254 5367 353 5440 incipit
369 5369 568 5437 :Posteaquam
590 5367 620 5421 ia
644 5379 741 5420 marrus
761 5379 810 5419 aa·

115 5543 251 5609 Parnon.
277 5542 400 5610 XXXII.

1171 365 1285 422 CAPUT
1304 369 1420 423 xtvttt.

982 453 1020 508 Dc
1032 453 1198 510 correctione
1211 457 1425 518 Donatistarum,
1441 458 1508 513 liber
1521 475 1601 517 unus.

901 541 1007 597 Eodem
1021 546 1148 614 tempore
1163 542 1264 615 scripsi
1274 544 1360 601 etiam
1373 546 1479 604 librum
1489 548 1524 604 de
1533 549 1717 606 correctione

867 628 1079 685 Donatistarum
1094 633 1190 700 (Epist.
1208 634 1269 693 tes.
1285 633 1323 687 ad
1334 635 1448 705 Desit),
1467 643 1587 708 propter
1601 654 1649 693 eos
1668 639 1718 710 qui

865 714 1001 771 nolebant
1015 716 1078 773 illos
1093 718 1416 792 legibusimperlalibus
1431 722 1544 795 corrigi.
1571 723 1622 779 llic
1645 724 1719 780 libor

866 801 906 857 sic
917 803 1019 876 incipit
1033 821 1040 860 ε
1056 805 1161 870 Laudo,
1174 811 1201 862 at
1213 809 1346 876 protutor,
1358 814 1384 864 et
1397 810 1530 867 admiror.

1184 896 1297 951 CAPUT
1316 898 1404 953 XLIX.

952 983 990 1036 De
1001 983 1149 1038 Praecotia
1161 986 1221 1053 Det,
1236 986 1274 1038 ad
1289 986 1456 1047 Dardanum.
1473 987 1541 1043 tiber
1552 1004 1632 1045 arras.

902 1070 941 1124 De
957 1069 1111 1125 Proesentia
1127 1073 1178 1127 Dei
1192 1072 1293 1143 scripsi
1307 1073 1424 1140 librum,
1442 1075 1491 1129 ubi
1508 1082 1607 1132 nostra
1620 1078 1715 1133 inteu-

865 1155 905 1212 tio
919 1163 1020 1214 contra
1034 1159 1166 1214 haeresim
1182 1161 1364 1232 Pelagiauam
1383 1164 1506 1219 marirue
1528 1166 1635 1236 vigilat,
1659 1183 1716 1222 nou

865 1262 997 1317 expresse
1015 1247 1209 1316 nominatam;
1231 1250 1279 1304 sed
1295 1249 1323 1303 iu
1342 1267 1377 1304 eo
1400 1251 1486 1305 etiam
1507 1252 1542 1307 de
1563 1253 1716 1323 praeseutia

864 1338 986 1402 natura,
1001 1351 1088 1405 quem
1105 1337 1195 1392 Deum
1210 1352 1357 1392 summum
1376 1342 1405 1392 et
1424 1355 1525 1395 serum
1540 1340 1671 1409 dicimus,
1688 1346 1716 1396 et

864 1421 900 1477 de
913 1423 1023 1493 templo
1038 1423 1100 1492 ejus
1120 1440 1238 1495 operose
1257 1442 1289 1479 nc
1308 1425 1451 1481 subtiliter
1472 1426 1647 1497 disputatur.
1667 1429 1716 1483 llic

864 1509 937 1565 liber
950 1510 991 1566 sic
1004 1509 1106 1583 incipit
1121 1528 1128 1567 ε
1146 1514 1242 1568 Fateor
1266 1530 1317 1581 me,
1340 1516 1429 1581 frater
1452 1515 1626 1571 dilectissime
1643 1520 1714 1572 Dar-

864 1598 946 1656 darre.

1207 1672 1320 1728 CAPUT
1340 1674 1370 1728 h.

864 1758 963 1815 Contra
976 1759 1115 1829 Petapium
1130 1763 1156 1814 et
1170 1760 1331 1828 celestium,
1351 1761 1384 1816 ‹te
1405 1764 1502 1818 Gratia
1523 1763 1626 1820 Christi
1639 1769 1664 1819 et
1682 1765 1716 1820 de

897 1849 1008 1903 Peccata
1031 1847 1178 1917 Orioimali,
1194 1848 1231 1902 ad
1244 1849 1384 1916 Altinum,
1408 1852 1556 1906 Piuiauum
1578 1857 1604 1907 et
1627 1854 1714 1908 lieta-

898 1937 983 2004 aiam,
1000 1935 1066 1990 libri
1077 1935 1140 1991 duo.

899 2024 1088 2096 Posteaquam
1103 2024 1256 2096 Pelagiana
1270 2025 1386 2081 barasto
1400 2043 1464 2081 curu
1480 2027 1538 2082 sois
1548 2028 1714 2084 auctoribus

863 2111 899 2165 ab
923 2111 1063 2183 episcopis
1091 2113 1220 2169 Ecclesiae
1245 2115 1391 2182 Romanae,
1425 2115 1504 2186 prius
1534 2116 1712 2184 Innocentio,

863 2198 965 2255 deinde
979 2199 1099 2267 Zosimo,
1113 2201 1332 2272 cooperantibus
1352 2203 1542 2258 conciliorum
1560 2203 1712 2260 Africano·

862 2303 927 2343 rum
953 2287 1067 2356 litteris,
1093 2289 1224 2345 convicta
1245 2295 1332 2362 atque
1359 2290 1494 2346 damnata
1521 2297 1582 2360 est;
1612 2292 1713 2364 scripsi

862 2376 1036 2433 duaslibras
1059 2377 1193 2432 adversus
1213 2393 1273 2444 eos,
1297 2395 1389 2433 uuum
1413 2380 1448 2434 de
1473 2380 1569 2435 Gratia
1596 2380 1710 2444 Christi,

862 2466 985 2520 alterum
999 2466 1035 2521 de
1050 2465 1168 2521 Peccata
1180 2466 1330 2538 OrIgInali.
1352 2468 1410 2522 lloc
1431 2483 1503 2538 opus
1526 2468 1563 2523 sit
1586 2469 1711 2540 Incipit:

863 2553 1003 2618 Quantum
1013 2551 1047 2607 de
1060 2556 1151 2608 uestra
1163 2554 1298 2623 corporali
1308 2558 1333 2608 et
1342 2557 1462 2609 maaime
1472 2557 1614 2625 spirituali
1625 2546 1713 2612 salute

861 2641 1039 2710 coemamus.

1197 2711 1310 2766 CAPUT
1330 2710 1375 2766 hl.

967 2799 1049 2857 Gesta
1063 2815 1122 2854 cum
1138 2800 1258 2854 Emerita
1271 2800 1425 2869 Donatista,
1441 2798 1602 2856 liberamus.

896 2885 1051 2957 Aliquanto
1078 2890 1143 2956 post
1168 2885 1349 2940 collationem
1367 2900 1454 2956 quam
1474 2901 1541 2940 cum
1569 2887 1711 2942 hereticis

862 2974 1014 3031 Donatistis
1032 2974 1197 3042 habuimus,
1216 2978 1278 3029 orta
1302 2977 1345 3028 est
1367 2973 1450 3029 nobis
1470 2974 1623 3030 necessitas
1646 2992 1712 3047 per·

861 3063 947 3135 gendi
960 3062 992 3117 in
1002 3060 1200 3118 Mauritaniam
1216 3060 1428 3117 unsaramma.
1454 3061 1496 3117 lbi
1520 3063 1595 3134 apud
1620 3063 1712 3135 ipsam

861 3152 1019 3207 Caesarem
1036 3148 1193 3205 Emeritam
1212 3149 1425 3204 Donatistarum
1448 3149 1613 3222 episcopum
1639 3152 1711 3208 vidi·

861 3256 932 3306 mus,
951 3254 1043 3295 unum
1058 3238 1165 3293 scilicet
1176 3254 1277 3294 eorum
1292 3244 1401 3310 septem
1421 3255 1494 3311 quos
1508 3256 1560 3310 pro
1576 3256 1635 3295 sure
1647 3257 1712 3295 cau·

860 3346 900 3384 sae
925 3327 1091 3385 defensione
1119 3328 1295 3400 delegerant,
1322 3332 1352 3383 et
1373 3328 1424 3400 qai
1447 3328 1477 3383 in
1500 3328 1600 3384 eadem
1628 3345 1713 3384 causa

861 3416 985 3472 maxime
1000 3417 1185 3473 laboraverat.
1201 3417 1269 3482 Qum
1282 3433 1348 3471 cum
1359 3417 1408 3471 illo
1421 3417 1565 3489 egerImas
1585 3434 1711 3494 praeseq-

860 3505 937 3560 tibus
961 3504 1100 3576 episcopis
1122 3505 1249 3576 ejusdem
1276 3505 1437 3576 promocio,
1462 3510 1491 3559 et
1515 3504 1598 3575 plebe
1619 3505 1711 3561 Coesa-

860 3592 962 3648 riensis
977 3592 1117 3658 Ecclesia,
1131 3593 1162 3647 in
1177 3609 1234 3663 qua
1248 3593 1360 3647 civitate
1380 3597 1409 3647 et
1426 3592 1496 3647 civis
1517 3596 1546 3647 et
1569 3608 1711 3648 memora·

861 3687 956 3737 torum
970 3680 1170 3736 hereticorum
1184 3679 1333 3751 episcopus
1344 3679 1409 3747 luit,
1426 3679 1614 3735 ecclesiastica
1628 3680 1711 3735 Gesta

861 3775 1013 3836 testantur,
1028 3784 1093 3841 quse
1107 3768 1139 3824 iu
1159 3769 1230 3824 meis
1244 3768 1386 3824 habentur
1401 3768 1555 3839 opusculis.
1582 3768 1634 3823 Ubi
1654 3785 1712 3823 nou

861 3857 1011 3914 inveniens
1020 3857 1089 3930 quid
1105 3858 1300 3930 responderet,
1315 3862 1409 3913 totum
1428 3873 1591 3913 sermonem
1615 3873 1712 3912 meum

862 3962 948 4019 quem
959 3946 995 4001 de
1005 3945 1072 4000 solis
1083 3945 1295 4001 maximianistis
1304 3945 1333 4000 in
1344 3946 1463 4000 auribus
1473 3947 1534 4016 ejus
1544 3951 1573 4000 et
1581 3945 1712 4000 omnium

862 4033 912 4106 qai
927 4033 1044 4089 aderant
1059 4034 1209 4105 eprIcaai,
1236 4040 1375 4106 tanquam
1396 4039 1494 4089 mutus
1517 4034 1639 4090 andioli.
1663 4035 1712 4088 llic

861 4123 934 4179 liber
947 4122 990 4178 rel
1005 4121 1067 4177 haec
1080 4125 1163 4179 Gesta
1176 4123 1216 4178 sic
1230 4123 1372 4194 inpriunt
1387 4138 1394 4178 :
1411 4125 1617 4180 Gloriosissimis
1627 4124 1712 4192 impe-

861 4213 999 4267 ratoribus
1026 4213 1145 4267 Honorio
1167 4212 1353 4266 duodecimum
1375 4215 1401 4266 et
1421 4211 1567 4267 Theodosia
1589 4215 1712 4264 octauum

862 4299 1016 4354 comeatibus
1031 4296 1052 4353 ¹.

1196 4368 1307 4424 CAPUT
1327 4369 1382 4424 LII.

975 4458 1075 4514 Gamtra
1086 4457 1238 4513 Semnum
1251 4458 1429 4518 arianorum,
1441 4455 1509 4510 liber
1520 4469 1600 4510 uuus.

898 4547 974 4601 luter
997 4545 1069 4612 hoec,
1095 4544 1173 4600 uenit
1198 4545 1229 4600 iu
1255 4561 1357 4601 manus
1380 4559 1459 4598 meas
1480 4542 1597 4615 quidam
1619 4559 1712 4598 sermo

862 4635 1046 4702 atrianorum,
1062 4634 1123 4690 siue
1136 4633 1253 4690 nomine
1266 4631 1390 4689 auctoris
1409 4629 1464 4686 scri.
1490 4631 1570 4698 Iluic,
1596 4635 1712 4702 petente

863 4729 950 4795 atque
964 4724 1088 4779 instante
1102 4722 1153 4795 qui
1167 4738 1233 4778 eum
1257 4720 1329 4776 mihi
1352 4718 1478 4789 miserat,
1504 4723 1613 4791 quanta
1630 4719 1713 4790 potui

895 4840 904 4874 ¹
918 4837 1075 4888 DoldeIanue
1083 4837 1165 4887 codex
1178 4835 1216 4885 sic
1226 4835 1319 4893 habet;
1330 4833 1529 4885 Gloriashsimo
1538 4835 1714 4885 Hauortortu-

863 4902 938 4964 puoto
947 4899 1089 4954 duodecies,
1099 4898 1283 4948 reconstamto
1292 4901 1406 4955 starum,
1423 4899 1451 4946 V.
1464 4897 1488 4948 l'.
1497 4897 1712 4949 t’.C.coss.diexr

863 4963 925 5016 Kal.
938 4961 1063 5018 octobris,
1079 4964 1206 5011 Cesarea
1218 4962 1244 5008 tm
1255 4957 1363 5010 ecclesa
1372 4959 1488 5020 llajaris.
1498 4959 1560 5008 bIss.
1570 4959 1671 5023 aliquot
1680 4971 1712 5006 ex

864 5020 1714 5090 praecipuissIcleruut:GloriosisstmollauortodunestaetCou-

863 5090 964 5138 stantia
978 5087 1085 5142 lteram,
1097 5085 1148 5132 I'V.
1161 5085 1211 5132 GC.
1223 5095 1289 5133 ross.
1301 5083 1434 5134 dterrcat.
1444 5084 1541 5135 octobr.
1552 5086 1675 5132 casarea
1684 5082 1711 5130 iu

864 5143 1714 5214 ecclesiaIlajorr's.hti1pleriqueconsentiuut3seduonnollipost

865 5213 982 5262 llouorto
992 5212 1035 5260 Au
1052 5209 1115 5265 usto,
1123 5207 1403 5270 interponunt,srt,vel
1411 5207 1558 5258 duodecies.
1567 5206 1663 5254 Varum
1671 5204 1713 5274 luc

865 5286 951 5322 annrrs
966 5271 1020 5320 hau
1050 5268 1185 5318 concurrit
1198 5282 1259 5318 cum
1276 5269 1392 5319 metando
1416 5266 1562 5318 Constantii
1585 5265 1712 5324 consulis,

865 5348 944 5398 quem
953 5330 1375 5395 nihilomiuuscdd.omnes,quos
1383 5331 1512 5395 inspicere
1520 5343 1565 5391 per
1574 5326 1712 5386 oosliruit,

865 5395 1009 5460 assignant.
1027 5393 1066 5442 Ex
1076 5393 1108 5442 iis
1119 5392 1200 5443 etiam
1232 5394 1291 5443 auci
1306 5398 1369 5444 sunt
1382 5393 1426 5456 qui
1439 5392 1548 5448 habent,
1559 5391 1585 5438 tn
1601 5388 1713 5441 ccclesia

868 5459 973 5521 majori,
986 5458 1017 5505 ut
1029 5459 1070 5505 est
1082 5454 1110 5503 iu
1124 5454 1183 5504 edd.
1223 5454 1270 5505 ihil
1283 5461 1371 5506 tamen
1384 5454 1426 5502 hic
1440 5452 1607 5502 mutavimus.

1373 5530 1596 5615 (Vespr-aue.)
