3884 6112
724 282 827 339 tlosu
846 281 1017 349 QUARTUS.
1691 293 1743 348 258

71 402 291 461 rnliercnlarnm
318 417 429 476 greges,
457 406 485 458 et
505 404 689 460 exsecrandas
717 404 841 461 Circum·
892 406 982 463 terim
996 404 1137 476 Ecclesiae,
1161 407 1278 465 nomina
1304 408 1468 479 Casulanus,
1491 411 1573 484 cujus
1595 413 1696 471 studiis
1715 422 1744 473 et

71 507 142 548 num
159 491 380 548 comessationes
403 491 491 548 vitam
506 509 587 549 snam
602 493 681 549 omni
696 493 838 567 intempe·
893 496 958 553 stilo
980 495 1109 571 impense
1133 497 1326 556 delectabatur
1349 499 1541 573 Augustinus;
1562 501 1693 575 quicum
1707 504 1744 560 ob

71 581 218 638 eaddixit.
229 580 524 654 SubditAugustinus,
537 583 664 652 modum,
677 600 763 656 quem
778 583 840 655 ipse
892 585 1054 658 ingenium,
1069 588 1146 660 quod
1159 587 1189 643 in
1204 589 1403 661 epistolissuis
1418 590 1594 660 ostendebat,
1611 593 1745 650 hortaba-

71 673 106 740 st,
122 687 139 726 a
153 670 337 727 Proculeiano
357 670 464 743 pariter
483 688 543 728 esse
557 674 738 741 servandum,
754 671 840 728 nimi·
894 678 941 731 tur
956 680 987 732 ot
999 674 1030 732 in
1044 675 1129 733 verbo
1146 678 1196 733 Dei
1208 678 1367 749 proficeret.
1384 683 1411 735 et
1425 679 1461 735 ad
1478 680 1607 737 Ecclesia
1618 681 1745 739 fructum

71 763 94 815 rt
110 759 162 833 qui
183 759 218 816 ab
242 761 374 827 Ecclesia,
398 759 557 833 discipline
579 761 722 835 fugienda
744 778 839 830 causa,
895 764 986 837 aragia
1000 782 1033 821 ac
1050 765 1142 839 magis
1156 766 1323 823 abundaret.
1341 768 1514 839 Degebatis,
1532 775 1564 825 ut
1579 770 1699 841 videtur,
1713 771 1745 828 in

71 851 156 912 cunt.
172 846 244 904 citra
258 848 434 921 ponitentiae
449 850 678 907 humiliationem
693 867 751 907 non
765 851 840 908 reci·
894 854 1016 927 quadarn
1029 855 1131 911 Airicae
1144 855 1265 913 Ecclesia
1279 873 1314 912 ex
1328 856 1363 912 iis
1375 856 1405 912 in
1421 857 1525 929 quibus
1540 857 1588 913 atii
1599 857 1744 931 jejunium

71 953 112 995 ar.
137 938 230 1010 Roget
250 937 340 1010 igitur
361 938 525 1008 Eusebium,
546 943 577 994 ut
591 939 627 996 de
641 939 686 996 his
707 941 841 997 omnibus
894 943 1006 1001 sabbati
1017 944 1238 1015 servabant,alii
1250 944 1384 1003 minime.
1401 946 1551 1002 Nonenim
1562 952 1746 1006 lumunuset

72 1044 138 1086 rem
154 1029 374 1086 Proculeianum
387 1028 486 1099 iaciat;
502 1032 552 1086 aut
563 1046 593 1085 se
606 1029 841 1103 istapercodices
893 1033 970 1090 idem
984 1033 1090 1106 ubique
1112 1051 1172 1090 mos
1194 1033 1323 1090 Ecclesiae
1347 1033 1421 1090 circa
1448 1034 1503 1090 hoc
1512 1035 1656 1108 jejunium
1672 1043 1743 1094 erat.

71 1134 116 1175 tos
130 1117 225 1175 eidem
240 1117 425 1175 Proculeiauo
440 1118 676 1176 denuntiatorum
685 1120 842 1176 commina·
894 1121 1024 1179 Romana
1045 1127 1075 1179 et
1088 1123 1199 1196 aliquot
1212 1122 1372 1180 Occidentis
1390 1123 1531 1193 Ecclesia,
1547 1125 1659 1182 etiamsi
1672 1143 1745 1199 pau·

71 1206 157 1264 silere
171 1224 202 1263 se
222 1224 280 1264 non
293 1224 385 1281 posse,
401 1206 452 1264 ubi
471 1209 547 1264 Deus
569 1209 649 1282 loqui
668 1206 769 1278 jubeat
784 1227 791 1266 z
817 1210 840 1266 si
894 1227 944 1280 cae,
960 1211 1031 1268 illud
1046 1216 1126 1268 extra
1145 1211 1356 1286 quinquaginta
1373 1212 1433 1269 dies
1451 1214 1589 1287 temporis
1602 1215 1746 1272 Paschalis

71 1312 108 1353 m
122 1295 167 1352 illi
180 1312 266 1370 agere
276 1298 457 1369 contendant,
472 1297 626 1354 Dominum
637 1298 767 1355 Ecclesia
781 1316 840 1356 sua
894 1301 1091 1359 observabant.
1108 1303 1212 1359 Verum
1235 1319 1287 1375 per
1299 1318 1399 1358 omnes
1415 1302 1582 1371 orientales,
1599 1309 1627 1360 et
1640 1305 1746 1362 multos

72 1384 235 1442 eruturum.
256 1386 348 1443 Aliam
371 1403 486 1461 quoque
507 1388 703 1460 expostulandi
726 1404 840 1445 causam
893 1390 982 1446 etiam
996 1391 1189 1448 Occidentales
1201 1394 1323 1465 populos
1341 1390 1511 1448 christianos
1525 1394 1622 1449 nullus
1636 1410 1669 1449 eo
1688 1393 1744 1464 die,

71 1474 169 1549 ponis.
195 1477 261 1533 Erat
282 1476 397 1533 cuidam
418 1476 549 1534 Ecclesiae
571 1478 673 1534 colono
691 1477 752 1535 lilia
765 1481 840 1535 cate·
894 1484 1086 1553 preterquam
1099 1481 1215 1538 sabbato
1230 1486 1338 1550 sancto,
1346 1481 1505 1555 jejunabat.
1519 1481 1550 1536 ln
1560 1483 1613 1538 hac
1626 1499 1744 1539 consue-

71 1583 137 1637 sna,
162 1584 227 1641 quae
250 1586 268 1625 a
293 1568 458 1625 Donastistis
482 1569 597 1625 seducta
621 1569 797 1642 baptismum
813 1575 841 1628 et
893 1567 1000 1624 tudinis
1012 1568 1211 1642 discrepantia,
1235 1569 1348 1627 videtur
1369 1570 1525 1627 Casulanus
1539 1570 1575 1626 ad
1590 1572 1745 1644 quemdam

71 1656 209 1714 monialis
229 1658 317 1714 etiam
341 1658 465 1714 formam
488 1657 523 1714 ab
546 1657 649 1714 iisdem
668 1664 838 1732 susceperat.
893 1657 1063 1714 familiarem
1073 1674 1157 1714 suurn
1167 1659 1287 1714 Romam
1302 1657 1457 1731 scripsisse,
1473 1663 1506 1715 ut
1519 1659 1603 1716 sciret
1618 1660 1688 1732 quid
1700 1676 1745 1716 es-

71 1763 160 1804 team
172 1752 254 1820 pater
268 1748 303 1803 ad
313 1746 547 1803 communionem
562 1747 731 1804 catholicam
746 1747 839 1821 patrio
893 1750 935 1802 set
949 1746 1171 1803 observandum.
1186 1746 1255 1802 lnde
1265 1746 1374 1803 amicus
1388 1746 1437 1803 illo
1449 1747 1486 1803 ad
1498 1764 1565 1804 cum
1573 1748 1745 1818 rescribens,

71 1851 97 1893 rc
110 1835 205 1909 plagis
217 1835 333 1890 inlliclis
347 1850 480 1890 revocare
499 1854 506 1891 ι
527 1834 576 1890 sed
590 1835 768 1907 Augustinus
782 1835 840 1890 vim
893 1833 1123 1892 dissertationem
1145 1834 1219 1891 bane
1243 1836 1359 1908 longam
1381 1835 1471 1905 misit,
1486 1836 1516 1892 in
1537 1853 1594 1910 qua
1609 1839 1745 1894 llomauae

71 1927 152 1997 petra
177 1924 265 1981 vetuit
280 1923 419 1994 adhiberi,
435 1923 535 1979 nolens
549 1939 614 1979 eam
628 1922 684 1979 nisi
697 1924 841 1980 volentem
894 1923 1025 1982 Ecclesiae
1050 1924 1285 1980 cousuetudinem
1306 1924 1474 1981 servandam
1491 1930 1520 1981 et
1537 1925 1654 1983 sabbato
1664 1926 1745 1998 jeju·

71 2016 127 2069 »nte
152 2029 204 2068 soa
226 2012 393 2069 redeuntem
412 2011 524 2084 suscipi.
550 2011 627 2068 hicet
647 2012 721 2068 hane
738 2012 841 2085 agendi
893 2014 1021 2070 nandum
1048 2014 1255 2082 contendebat;
1283 2030 1316 2070 ae
1342 2029 1423 2069 secus
1440 2013 1586 2083 iacientes,
1616 2015 1671 2071 hoe
1691 2017 1745 2084 est,

71 2117 123 2159 em
138 2101 176 2158 ab
200 2105 279 2157 omui
303 2101 330 2157 ri
349 2101 420 2157 adeo
434 2101 558 2157 alienam
573 2099 720 2170 tenuisset,
735 2101 839 2158 nihilo·
893 2102 1059 2159 universnm
1073 2119 1162 2176 prope
1176 2102 1277 2159 orbem
1290 2102 1478 2159 christianum
1492 2102 1638 2175 injuriosis
1651 2103 1745 2160 uerbis

71 2207 157 2247 rcum
167 2207 219 2263 per
228 2190 516 2263 Spanianumpagum
526 2188 682 2263 aliquando
693 2190 839 2262 transiret,
893 2191 1044 2249 lacerabat.
1072 2191 1128 2249 Sed
1152 2208 1218 2249 cum
1232 2208 1386 2264 operosum
1408 2192 1492 2259 toret,
1516 2192 1745 2251 commentitium

71 2273 162 2333 lemni
177 2274 333 2348 presbyter,
350 2275 400 2349 qui
420 2275 446 2332 ei
460 2275 594 2332 infundo
609 2275 756 2332 catholice
770 2276 840 2349 piis·
893 2281 964 2337 illud
975 2280 1127 2353 jejunandi
1139 2287 1317 2354 preceptum
1327 2281 1427 2337 validis
1437 2281 1582 2337 rationum
1592 2281 1746 2338 momentis

71 2378 121 2437 [ne
134 2364 253 2420 laminas
266 2365 396 2433 occurrit,
410 2364 441 2421 in
453 2381 520 2421 eum
535 2369 563 2421 et
575 2365 607 2421 in
626 2364 718 2437 ipsam
733 2369 839 2421 matro-
893 2369 1072 2438 confirmare,
1087 2369 1158 2426 laxis
1172 2371 1292 2427 habenis
1315 2370 1347 2426 in
1363 2370 1467 2443 jejunii
1480 2369 1594 2426 laudem
1615 2386 1746 2428 excurre·

71 2452 168 2511 ariter
182 2452 311 2509 invectus
330 2458 381 2521 est,
398 2469 504 2522 eosque
517 2454 671 2510 traditores
693 2470 726 2510 ac
740 2470 839 2527 perse·
892 2460 951 2528 bal,
973 2462 1001 2516 et
1014 2458 1045 2515 in
1059 2458 1281 2516 comessationes
1296 2475 1328 2515 ac
1342 2458 1500 2517 temulenta
1511 2457 1641 2515 conviua
1654 2457 1746 2515 insul·

71 2559 93 2600 ts
107 2541 275 2616 appellarit.
301 2543 364 2599 Non
376 2542 462 2598 modo
476 2559 506 2598 se
519 2543 580 2616 ipse
592 2560 610 2600 a
621 2542 671 2600 lita
686 2543 840 2600 refrenavit
892 2547 1037 2605 abundus
1056 2548 1246 2605 invehebatur
1270 2564 1277 2604 :
1299 2547 1377 2621 qnod
1390 2548 1425 2604 ab
1439 2547 1571 2605 instituta
1585 2548 1745 2620 quaestione

71 2639 171 2708 atinus,
187 2639 238 2695 sed
251 2644 279 2695 et
291 2639 591 2713 multitudinemque
605 2658 635 2697 se
649 2641 840 2698 comitabatur
892 2635 1020 2692 alienum
1035 2640 1111 2706 arat;
1127 2642 1176 2693 aut
1197 2635 1362 2709 omnesqui
1380 2635 1502 2708 siugulis
1518 2636 1618 2692 diebos
1631 2652 1692 2693 non
1702 2639 1745 2709 je·

71 2726 172 2785 secuit.
190 2727 244 2783 Sed
259 2727 303 2783 his
327 2726 446 2799 aliisque
470 2733 564 2784 motus
580 2729 733 2785 Eusebium
745 2733 837 2801 rogat,
890 2726 1036 2799 junarent,
1052 2726 1107 2783 hoe
1122 2730 1164 2781 est
1184 2726 1345 2782 Romanam
1358 2725 1512 2797 ipsammet
1533 2724 1697 2795 Ecclesiam,
1714 2731 1748 2781 ut

71 2815 250 2873 aculeianum
266 2816 301 2871 de
315 2816 471 2871 coercenda
485 2816 654 2874 clericorum
668 2834 785 2874 suorum
804 2817 839 2873 li·
893 2817 1060 2887 etjcaeteras,
1082 2814 1299 2870 condemnabat.
1320 2815 1398 2869 Hanc
1417 2813 1646 2870 dissertationem
1658 2814 1744 2869 Casu·

71 2909 281 2974 ‚commoneat;
293 2905 413 2977 necjam
423 2905 518 2960 velita
531 2905 615 2962 bonis
626 2907 789 2978 pastoribus
796 2911 838 2962 ta-
892 2906 976 2961 lanus
989 2903 1228 2976 adAugustinum
1238 2903 1326 2971 misit,
1344 2906 1375 2959 ut
1389 2918 1452 2958 eum
1466 2902 1619 2969 refelleret,
1635 2901 1746 2971 sibique

71 2994 137 3051 lum
152 2994 308 3050 illisorum
323 3010 388 3050 oves
397 2994 598 3051 insidiantibus
606 2995 839 3068 morsibuslupo-
893 2991 1061 3048 rescriberet
1070 2996 1179 3060 ,utrum
1192 2990 1309 3047 sabbato
1324 2991 1423 3046 liceret
1428 2990 1572 3063 jejunare.
1583 2987 1678 3044 Voluit
1687 2990 1746 3043 Au·

72 3098 159 3139 more
184 3082 345 3155 depraedari
370 3088 512 3140 conantur
540 3085 639 3155 (Epist.
668 3087 722 3157 35).
755 3085 840 3141 Binas
894 3081 1040 3154 goslinum
1055 3079 1250 3137 nomeniltius
1264 3081 1408 3153 ignorare,
1425 3080 1507 3152 eujus
1521 3076 1746 3150 disputationem

71 3171 186 3228 litteras
210 3171 330 3227 Eusebio
354 3171 466 3244 scripsit
484 3173 661 3246 Augustinus
675 3190 774 3231 recens
788 3174 840 3230 ad·
892 3171 930 3227 ad
948 3186 1015 3227 aum
1025 3169 1166 3241 mittebat,
1182 3170 1265 3227 illum
1279 3170 1481 3226 tantummodo
1498 3167 1631 3224 Urbicum
1645 3182 1747 3239 quem·

71 3261 223 3334 piscopus;
241 3265 417 3334 quapropter
430 3262 466 3318 ad
481 3263 536 3319 hoc
550 3267 664 3336 tempus
678 3280 726 3320 eas
738 3263 838 3320 retuli·
893 3261 959 3318 dam
982 3276 1162 3334 nuncupans.
1183 3259 1344 3332 Augustino
1359 3275 1375 3314 e
1389 3256 1530 3314 memoria
1545 3256 1647 3313 excidit
1659 3256 1746 3312 Casu·

894 3350 959 3405 lano
973 3349 1140 3417 rescribere,
1156 3349 1247 3405 donec
1261 3349 1365 3404 alteras
1378 3347 1533 3420 accepisset
1547 3345 1668 3415 litteras,
1684 3344 1746 3416 qui-

71 3438 204 3496 Valarins
226 3438 386 3512 episcopus,
401 3430 462 3512 'qui
483 3440 576 3497 adhuc
589 3440 619 3496 in
641 3439 712 3497 rivis
726 3442 838 3515 agebat,
893 3437 947 3494 bus
958 3437 1024 3510 jure
1037 3437 1194 3506 charitatis,
1210 3454 1268 3510 qua
1282 3453 1372 3492 annm
1387 3441 1479 3503 erant,
1494 3434 1549 3491 sibi
1571 3435 1688 3491 undem
1701 3450 1749 3490 re-

71 3528 235 3603 mgustinus
244 3528 461 3584 Proculeianum
472 3530 508 3585 ad
517 3533 649 3586 mutuam
659 3529 841 3585 collationem
894 3526 1030 3600 sponderi
1049 3527 1205 3600 flagitabat.
1232 3525 1410 3583 arctissimas
1428 3525 1518 3597 igitur
1546 3523 1748 3597 occupationes

71 3617 160 3691 aipsi
174 3616 440 3689 epistolainvitaret
455 3618 553 3690 (Epist.
570 3620 615 3688 33,
629 3635 658 3674 u.
672 3619 710 3689 l),
727 3618 841 3674 videtur
894 3632 961 3671 suas
984 3616 1147 3683 intermisit,
1175 3621 1208 3670 ut
1236 3614 1366 3672 debitum
1384 3613 1461 3670 istud
1479 3613 1651 3681 exsolveret3
1664 3611 1749 3686 eique

83 3711 152 3781 post
165 3722 201 3763 ex
214 3705 267 3762 hac
281 3706 337 3763 rita
351 3707 508 3778 migrasse:
523 3708 623 3763 saltem
633 3706 706 3763 nihil
717 3708 840 3780 amplius
894 3702 1041 3770 indicarat,
1052 3702 1084 3758 in
1095 3700 1261 3773 hujusmodi
1268 3700 1353 3757 rebus
1363 3700 1459 3757 divina
1468 3701 1532 3773 lege
1543 3699 1662 3756 minime
1674 3715 1747 3773 praa·

71 3810 85 3853 o
98 3795 304 3867 comperimus.
323 3795 513 3868 llieronymus
528 3795 689 3869 Vignierius
710 3795 742 3851 in
755 3812 841 3851 suum
895 3791 1008 3864 scriptis
1025 3790 1176 3847 certiorem
1191 3792 1331 3863 regulam,
1348 3807 1436 3864 quam
1451 3791 1487 3846 ab
1505 3790 1567 3864 ipso
1582 3790 1666 3846 beato
1680 3791 1748 3846 Am·

71 3889 224 3942 ementem
237 3885 334 3941 retulit
347 3901 511 3942 sermonem
526 3886 692 3959 quemdam,
698 3885 840 3955 habitum,
895 3881 991 3938 brosio
1014 3881 1178 3955 accepisset,
1202 3897 1262 3937 esse
1276 3880 1515 3937 consuetudinem
1534 3879 1625 3953 ipsius
1638 3877 1703 3948 loci,
1717 3876 1750 3932 in

71 3976 120 4043 tet,
136 3973 173 4029 ab
185 3973 345 4046 Augustino
360 3989 427 4029 eum
441 3974 571 4046 primum
582 3979 648 4047 post
662 3973 774 4031 obitum
788 3976 841 4031 Va·
896 3989 954 4046 quo
967 3971 1116 4044 degimus,
1131 3975 1181 4028 aut
1195 3970 1219 4026 si
1232 3970 1294 4027 hac
1312 3969 1477 4027 uniusmodi
1491 3985 1551 4025 non
1565 3968 1611 4037 sit,
1627 3981 1750 4039 sequen·

71 4061 148 4119 terbe
159 4061 273 4119 teoilad
283 4064 436 4136 populum,
447 4070 602 4136 postquam
615 4068 673 4120 tres
687 4069 843 4120 conuentus
897 4062 967 4117 dum
985 4077 1047 4117 asse
1061 4061 1226 4132 exemplum
1241 4059 1377 4133 episcopi.
1392 4059 1446 4116 Sed
1460 4058 1531 4114 falsa
1544 4053 1751 4114 dissertationis

72 4150 112 4209 eb
125 4150 185 4206 vim
199 4151 390 4224 lacrymarum
400 4169 518 4209 suarum
528 4153 672 4225 totiusque
686 4153 844 4225 populi‚ta·
897 4149 952 4206 sibi
965 4148 1060 4205 misse
1074 4153 1247 4220 argumenta
1259 4148 1322 4205 tuse
1336 4147 1437 4216 diluit3
1459 4147 1499 4202 sic
1513 4151 1610 4202 umen
1625 4149 1657 4201 ut
1671 4143 1703 4199 in
1714 4142 1751 4197 iis

71 4239 269 4313 praeteriisset.
286 4241 336 4296 llic
357 4259 452 4298 sermo
478 4241 603 4315 plurima
621 4247 701 4314 gesta
715 4242 842 4314 comple·
897 4238 1064 4310 singulatim
1091 4237 1255 4293 refellendis
1283 4253 1342 4292 non
1367 4236 1546 4297 immoratur,
1562 4249 1620 4305 quo
1633 4232 1664 4288 in
1685 4230 1749 4286 aliis

71 4328 161 4403 ,qui
181 4328 207 4384 si
220 4329 365 4401 legitimus
379 4331 458 4387 credi
477 4336 583 4404 posset,
597 4330 775 4387 uberrimam
790 4347 843 4387 no·
897 4326 1034 4399 operibus
1060 4326 1154 4396 magis
1181 4325 1350 4398 urgentibus
1379 4323 1471 4380 otium
1495 4337 1580 4379 suum
1598 4320 1751 4377 collocaret

71 4417 158 4477 eendi
179 4423 305 4491 segetem
325 4419 530 4492 suppeditaret.
548 4421 621 4476 Eum
635 4436 697 4487 nos,
720 4420 843 4492 quiade
898 4416 1000 4488 (Epist.
1016 4417 1075 4486 36).
1093 4419 1166 4472 Eum
1176 4414 1324 4470 ibilaudat
1336 4411 1520 4470 Ambrosium
1531 4411 1563 4467 in
1577 4410 1640 4467 hac
1653 4409 1748 4477 rerba,

71 4523 161 4565 mono
173 4507 329 4579 quodama
344 4508 496 4564 Donatistis
506 4508 682 4579 rebaptizato
697 4513 726 4564 et
739 4508 770 4564 in
785 4509 845 4565 dia·
897 4505 1025 4561 ludtoobo
1044 4505 1105 4572 tibi,
1122 4503 1190 4574 quid
1206 4505 1275 4559 mibi
1293 4502 1326 4558 de
1348 4502 1397 4559 too
1410 4501 1561 4572 requirenti
1581 4498 1751 4570 responderit

71 4595 237 4653 cardinato
258 4595 327 4668 agit,
343 4597 495 4668 rejecimus
506 4597 542 4653 ad
556 4597 662 4652 calcem
675 4597 746 4652 tenu
760 4597 843 4679 noni,
898 4594 1067 4650 ootaoudus
1081 4593 1251 4662 Ambrosius,
1268 4607 1348 4661 oquo
1362 4591 1518 4661 baptizatus
1532 4604 1602 4657 sura,
1617 4587 1751 4645 Mediolo-

71 4684 163 4758 cripta
184 4689 282 4741 contm
296 4686 458 4741 Donatistae
471 4686 666 4743 continentur.
682 4687 718 4742 Ut
730 4686 845 4742 omitla·
897 4685 1136 4756 aeasuepiscopus
1146 4681 1270 4754 (lbid.‚u.
1286 4682 1330 4747 32)
1339 4677 1445 4747 ,locum
1455 4677 1505 4733 dat
1513 4674 1677 4750 suspicandi
1685 4691 1752 4732 eum

71 4773 239 4848 expendere,
264 4790 335 4831 num
357 4774 441 4830 stilus
462 4780 506 4831 sat
519 4775 665 4847 grauitatis
683 4774 796 4843 habeat,
813 4780 846 4831 ut
899 4771 1022 4829 scribere
1033 4776 1098 4827 anta
1111 4768 1255 4826 Ambrosii
1268 4767 1390 4836 obitum,
1401 4766 1536 4840 quianno
1550 4764 1751 4822 trecentesimo

71 4863 150 4923 uino
164 4862 253 4936 possit
266 4863 400 4931 adscribi,
421 4881 515 4920 sermo
530 4864 584 4920 iste
598 4864 703 4936 majori
717 4879 750 4920 ex
764 4868 845 4936 parte
899 4860 1085 4934 nonagesimo
1107 4858 1241 4933 septimo,
1262 4855 1355 4929 pridie
1379 4855 1523 4914 Paschatis
1547 4853 1676 4928 contigit.
1699 4852 1752 4909 Cui

71 4954 100 5007 nt
123 4951 161 5008 ad
183 4951 383 5008 Rusticianum
406 4954 662 5025 Mutugennensem
680 4953 844 5020 diaconum,
899 4949 1030 5022 opinioni
1041 4948 1115 5005 nihil
1132 4948 1251 5004 interest
1265 4945 1414 5018 refragari.

71 5038 285 5110 subdiaconum
300 5040 430 5112 quicum
451 5041 487 5097 ab
507 5040 631 5097 Ecclesia
649 5039 846 5097 deiecissetad
1239 5035 1354 5093 CAPUT
1373 5035 1418 5092 lll.

71 5126 163 5198 listas,
175 5128 342 5185 allacrohio
355 5128 660 5201 rebaptizatusluerat,
670 5132 700 5184 et
709 5128 845 5185 diaconus
902 5132 912 5186 l
930 5130 970 5186 De
983 5127 1061 5184 libata
1075 5125 1113 5180 od
1127 5127 1337 5196 Simpliciouum
1350 5125 1521 5193 conscriptis,
1541 5136 1594 5192 quo
1612 5121 1642 5175 iu
1660 5117 1751 5173 lohoac

71 5219 148 5275 abrs.
163 5218 220 5273 lste
232 5217 414 5274 Rusticianus
424 5234 459 5273 ex
467 5216 601 5290 plurimis
615 5216 730 5274 indiciis
741 5220 770 5272 et
779 5232 846 5272 oon-
933 5215 1179 5287 predestinationis
1193 5216 1293 5270 omues
1305 5214 1350 5268 itti
1365 5229 1383 5269 o
1400 5214 1454 5268 Deo
1467 5211 1611 5266 reueletur.
1626 5208 1644 5262 2
1658 5205 1747 5271 Quou-

71 5306 107 5363 ris
119 5306 234 5363 ridetur
248 5306 325 5363 idam
338 5323 370 5363 ae
384 5307 522 5363 diaconus
536 5307 585 5363 ille
600 5305 844 5379 Mutugennensis,
935 5304 1034 5361 donem
1057 5302 1126 5358 editt
1144 5305 1198 5358 stat
1213 5303 1296 5359 iidem
1310 5303 1385 5358 libri.
1402 5303 1418 5357 3
1431 5297 1582 5370 Epictetum
1595 5292 1750 5363 nautales,

71 5410 98 5453 so
110 5396 290 5470 Augustinus
312 5397 347 5453 ad
362 5396 550 5454 ldaximinum
568 5396 691 5470 scripsit,
707 5399 740 5452 ut
759 5411 847 5469 snpra
934 5407 1017 5464 quom
1031 5392 1164 5450 oocobout
1177 5391 1367 5459 Eurtdumeats',
1378 5389 1480 5458 refellit
1486 5385 1668 5453 Augustinus.
1679 5385 1695 5436 l
1705 5382 1749 5439 ti·

71 5483 157 5541 rinos
171 5485 240 5558 (lto.
257 5488 283 5555 3,
299 5502 360 5557 cup.
376 5489 403 5553 a,
417 5503 447 5544 a.
463 5486 501 5558 6).
936 5483 1013 5538 trum
1026 5480 1083 5538 edil
1097 5480 1131 5537 da
1142 5481 1237 5549 Aqouc
1250 5481 1410 5536 cbristtoao.

76 5572 146 5630 Erat
161 5573 239 5631 iuter
262 5575 352 5631 sancti
372 5575 505 5634 Prasulis
520 5573 626 5633 amicos
639 5573 789 5649 presbyter
804 5573 846 5629 al·
937 5575 962 5629 l.
979 5571 1037 5628 lloc
1050 5587 1126 5631 anno
1140 5569 1234 5643 pridie
1250 5583 1339 5623 nonas
1351 5562 1450 5637 aprilis
1462 5578 1495 5620 ex
1509 5562 1562 5618 hac
1577 5559 1636 5617 vita
1650 5559 1752 5632 migra·
