3884 6112
739 278 842 334 steen
861 279 1019 335 TERTIUS.
1713 282 1763 338 teo

71 396 153 463 scula,
175 396 336 468 dequibus
357 399 487 452 nondum
507 397 639 464 diximus,
661 399 861 472 subsequatur.

71 489 179 541 uentus
198 486 263 552 iste,
279 503 330 540 sen
349 486 454 552 Addas,
470 503 544 541 sinus
563 504 579 542 e
598 488 698 559 primis
717 493 746 544 et
765 489 863 560 praeei-

89 574 242 630 Alanichaei
261 574 418 646 discipulis,
441 576 530 630 multa
556 593 590 631 ex
620 580 740 649 utroque
764 579 862 632 'lesla-

71 668 105 719 ιο
124 664 187 719 ιοεε
206 668 376 731 corraserat,
396 680 461 736 quae
480 666 557 719 relat
576 665 653 720 inter
671 683 700 720 se
719 667 862 721 contraria

71 752 182 808 ratorie
195 769 356 824 opponens,
366 754 401 806 ah
417 768 475 807 uno
489 753 650 825 eodemque
663 755 719 809 lieo
731 771 792 809 csse
804 772 861 810 non

71 858 87 896 ε
102 841 305 896 contendebat.
320 841 390 897 Cum
405 840 493 912 igitur
504 841 590 911 hujus
605 841 752 896 Adimanti
767 842 863 914 dispu-

71 945 130 986 ›ncs
146 930 177 984 in
192 946 295 984 manus
309 928 462 1000 Augustini
477 929 630 996 venissent,
647 946 724 984 essa
739 947 768 984 se
782 932 863 986 refel-

71 1034 105 1072 us
119 1019 233 1088 putarit
243 1035 251 1074 ε
263 1018 483 1088 conscriptoque
494 1017 523 1071 in
535 1018 649 1072 easdem
661 1019 743 1083 libro,
756 1019 861 1073 utrius·

84 1107 160 1178 legis
181 1106 211 1160 in
235 1106 270 1159 iis
295 1106 372 1170 loeis,
397 1123 462 1178 quus
487 1105 541 1160 sibi
569 1106 691 1162 invicem
719 1109 861 1164 adversari

71 1196 122 1250 but
150 1195 330 1261 Adimantus,
356 1211 529 1250 consensum
552 1199 580 1249 ct
606 1197 787 1252 concordiam
811 1198 861 1253 de·

73 1283 188 1338 stravit.
205 1284 238 1337 ln
254 1283 307 1338 hoc
328 1282 402 1337 libro
422 1283 627 1354 quaestionibus
648 1284 759 1356 aliquot
773 1287 860 1341 semel

71 1387 154 1426 erum
169 1372 333 1442 respondet,
353 1372 492 1443 quoniam
512 1388 576 1443 qum
596 1372 691 1442 primo
706 1375 861 1445 responde·

77 1460 299 1527 interciderant,
322 1476 386 1531 quse
406 1465 503 1515 lamen
518 1465 585 1532 post
603 1462 722 1515 alteram
742 1478 861 1534 respon·

71 1563 117 1604 rm
134 1553 248 1619 reperta
262 1553 329 1603 suut
345 1565 352 1602 :
367 1548 505 1619 quasdam
526 1547 612 1603 ctiam
634 1549 664 1603 in
680 1549 738 1604 suis
752 1553 788 1605 ad
804 1552 862 1621 ple·

96 1637 287 1693 Sermonibus
314 1636 450 1692 enodavit
474 1639 570 1707 [Smin.
597 1641 640 1704 ιι,
665 1653 711 1693 nn.
744 1641 769 1704 l,
797 1642 822 1709 ι)
852 1657 858 1696 :

71 1725 162 1780 sullas
174 1726 310 1797 denique,
321 1726 370 1780 sed
382 1741 487 1797 paucas
499 1725 664 1791 admodum,
678 1726 783 1797 partim
792 1725 862 1781 obli-

71 1826 100 1881 ε,
116 1813 225 1886 purtim
240 1813 364 1885 negotiis
380 1813 550 1886 urgentibus
571 1815 720 1869 distractus
741 1821 860 1885 proter-

70 1905 93 1959 t.

327 1990 442 2046 CAPUT
463 1993 532 2047 Vlll.

71 2081 166 2136 mule
183 2080 326 2135 concilium
341 2082 426 2135 totius
441 2079 546 2148 Africa
559 2081 710 2135 celebratur
725 2083 859 2151 Hippone,

91 2184 148 2240 quo
171 2170 345 2237 Augustinus
365 2169 431 2238 fidei
452 2170 603 2238 symbolum
626 2172 752 2240 exponit.
778 2172 795 2223 ι
815 2171 862 2226 Ad

71 2258 237 2325 myrtum
260 2258 365 2312 scribit.
392 2261 406 2311 3
433 2259 498 2312 Edit
521 2259 620 2312 librum
645 2259 677 2313 de
707 2260 801 2314 Genesi
825 2259 862 2312 od

71 2349 175 2401 'lterum
198 2348 395 2414 imperfectum.
419 2347 551 2401 thidros
568 2351 662 2416 posteo
684 2348 716 2401 ete
737 2348 862 2403 Sermone

71 2437 153 2490 suini
164 2438 195 2488 in
213 2438 310 2488 monte.
332 2438 347 2487 ὃ
368 2434 470 2490 Scribit
487 2436 517 2488 in
536 2436 688 2504 Epistulam
708 2436 745 2489 ud
764 2438 861 2492 Romo·

71 2537 100 2579 s.
115 2525 133 2578 o
147 2525 256 2578 Nemcen
279 2525 307 2576 in
327 2524 477 2593 Epistulam
497 2522 534 2576 ml
554 2523 677 2578 Carietes.
698 2527 714 2577 7
737 2526 861 2596 Οριιειιι-

71 2627 97 2667 ιε
110 2611 146 2664 de
160 2611 310 2667 Mendacio.

95 2702 184 2756 Auno
207 2700 312 2755 Christi
337 2699 536 2755 trecentesimo
556 2700 741 2771 nonagesimo
765 2701 860 2767 terlio,

71 2805 106 2845 ro
124 2789 192 2843 idus
211 2788 336 2844 octobris
360 2789 493 2844 habitum
512 2792 555 2844 cst
577 2789 732 2844 concilium
754 2789 860 2861 llippo-

71 2895 93 2933 ιε
106 2877 141 2932 iu
153 2877 272 2932 ecclesia
287 2877 376 2937 Pacis.
391 2878 472 2948 cujus
487 2878 612 2933 ecclesia
625 2893 682 2932 non
698 2879 785 2932 semel
800 2895 860 2932 me-

71 2967 89 3022 it
102 2966 284 3038 Augustinus
299 2968 398 3036 (Epist.
414 2969 478 3033 ιιι,
494 2982 522 3021 ιι.
546 2966 581 3036 ι).
599 2966 651 3021 llla
665 2970 718 3033 est,
734 2966 777 3022 uti
792 2983 860 3021 con-

71 3070 110 3110 ιιε
129 3055 210 3121 libet,
232 3071 318 3126 quam
337 3055 472 3124 llajorem
495 3055 641 3109 basilicam
667 3055 858 3126 appellabunt.

71 3143 143 3198 nale
165 3142 219 3198 fuit
232 3143 321 3197 totius
341 3144 443 3198 Africae
465 3143 629 3211 concilium,
654 3144 762 3215 inquo
784 3143 860 3197 haud

71 3248 91 3289 e
103 3231 242 3305 presedit
255 3232 398 3297 Aurelius,
414 3248 480 3286 com
494 3232 592 3288 sedem
607 3231 859 3302 Carthaginensem

83 3319 243 3376 obtineret.
257 3321 386 3390 liugnam
402 3320 529 3390 prolecto
544 3319 786 3374 existimationem
806 3320 860 3374 sibi

74 3409 258 3480 Augustinus
273 3413 432 3479 pepererat.
449 3410 519 3463 Nam
530 3425 596 3463 cum
607 3408 724 3464 hiennio
738 3413 804 3463 ante
816 3425 860 3463 res

70 3496 214 3552 :omnino
233 3496 372 3562 inaudita,
392 3498 591 3569 presbyterum
612 3512 709 3551 eoram
726 3496 859 3567 episcopo

71 3601 118 3654 r03
132 3587 234 3657 jussus
253 3585 301 3639 ille
322 3590 365 3640 est
383 3586 420 3641 ab
437 3585 568 3656 ipsismet
587 3584 728 3656 episcopis
750 3583 781 3638 in
804 3584 859 3637 isto

71 3675 110 3730 tri
123 3689 270 3736 consessu,
286 3674 321 3728 de
336 3673 402 3728 Fide
417 3678 446 3727 et
459 3674 594 3744 Symbola
609 3673 758 3728 disserere.
769 3671 860 3736 Quam

71 3778 89 3819 u
101 3762 331 3834 disputationem
347 3761 445 3816 amicis
458 3761 665 3816 studiosissime
675 3761 858 3828 instantibus,

71 3853 157 3907 brom
176 3850 227 3922 qui
242 3850 400 3904 etiamnum
414 3853 515 3912 exstat,
536 3849 666 3920 redigere
686 3853 800 3903 coactus
817 3855 860 3903 est

71 3945 139 3995 ιιει.
160 3940 208 3993 lib.
227 3943 252 4005 l,
268 3954 331 4007 cap.
353 3938 405 4005 ιι).
423 3938 456 3992 ln
471 3939 524 3992 hoc
539 3954 625 4009 opere
640 3937 768 4008 singulos
782 3937 861 4007 Sym·

73 4027 218 4084 articulos
232 4027 359 4097 exponit,
375 4042 447 4097 quos
461 4030 559 4097 tamen
573 4042 631 4080 non
647 4025 750 4081 iisdem
764 4025 860 4080 verbis

71 4122 102 4181 ι,
119 4115 228 4188 quibus
242 4115 409 4169 memoriter
420 4114 539 4170 tenendi
554 4114 788 4185 Competeutihus
802 4119 859 4168 tra·

71 4208 147 4261 ntur
170 4220 177 4258 ι
193 4203 230 4258 ob
246 4203 273 4257 id
289 4203 371 4269 forte,
386 4203 461 4275 quod
478 4203 591 4257 nonnisi
605 4203 636 4257 iu
653 4202 737 4256 eorde
752 4219 784 4257 sc
799 4219 859 4257 mc·

71 4295 98 4350 'ra
126 4294 229 4349 liceret
252 4293 309 4348 sive
337 4295 439 4348 soleret
464 4293 632 4363 Symbolum
658 4292 742 4348 scribi
768 4293 859 4364 (Serm.

77 4396 113 4437 ιι.
131 4385 162 4450 ι,
177 4387 203 4435 et
217 4382 302 4437 Serm.
321 4383 385 4448 ιιι,
400 4398 428 4436 n.
447 4381 482 4449 ι),
500 4382 531 4435 ln
551 4381 653 4436 eodem
675 4380 748 4435 libro
761 4397 860 4436 conce-

71 4470 170 4527 rerbis
194 4470 373 4535 llanichaeos,
388 4470 474 4524 tacito
494 4474 591 4524 ιειιιειι
611 4484 709 4524 eorum
731 4468 859 4536 nominc,

71 4558 111 4615 ιιιι
127 4558 295 4613 insectatur.
311 4557 445 4622 Quamvis
459 4557 521 4612 haec
534 4557 689 4629 Augustini
699 4556 798 4628 gloria
811 4574 860 4612 ro·

71 4651 149 4703 rtem
171 4651 281 4701 crearet
303 4661 364 4716 prae
384 4645 494 4699 crateris
516 4645 638 4707 Valerio,
663 4645 741 4700 hunc
765 4650 860 4700 tamen

71 4735 91 4791 ιι
106 4750 167 4790 non
181 4734 235 4789 lesi
250 4733 441 4788 sollicitudine
456 4733 558 4788 effecit.
576 4735 646 4788 Nam
662 4749 720 4804 quo
735 4734 860 4788 tenerius

83 4821 251 4886 adamabat,
264 4837 299 4876 eo
311 4820 456 4875 metuebat
471 4820 572 4891 magis,
584 4836 620 4875 ne
632 4821 718 4875 alicui
729 4822 859 4875 Ecclesiae

71 4909 221 4970 luendus,
236 4910 397 4980 eriperetur
409 4909 602 4979 llippoueusi:
619 4910 693 4981 quod
710 4914 785 4964 certe
798 4910 860 4981 jam

71 5014 97 5055 ιε
110 5003 175 5053 crat
193 5003 227 5053 ut
250 4997 387 5064 eveniret,
403 4997 458 5051 uisi
482 5013 513 5052 re
536 4997 651 5068 cognita
674 4998 802 5053 Valerius
821 4998 861 5053 sic

86 5091 199 5144 secreto
214 5086 378 5152 abdidisset,
394 5090 425 5140 ιιι
440 5103 455 5140 a
468 5087 664 5158 quaerentibus
678 5087 798 5142 minime
813 5105 861 5160 ρο-

71 5177 93 5232 ιι
105 5175 241 5247 ιερειιιι.
257 5176 313 5229 lloe
334 5173 530 5245 experimento
543 5172 676 5230 inductus
690 5179 733 5230 est
745 5182 860 5230 sanetus

71 5282 102 5330 x,
116 5270 152 5322 ut
164 5281 232 5320 eum
246 5263 300 5319 sihi
311 5264 404 5318 adhue
419 5263 522 5317 viventi
539 5265 568 5317 in
583 5263 748 5335 episcopatu
763 5266 862 5321 subro-

71 5355 133 5411 lum
158 5358 283 5409 curaret.
309 5351 390 5416 Quod
417 5367 542 5422 quanam
565 5353 677 5408 ratione
698 5353 859 5426 contigerit,

71 5441 201 5498 rdicturi
221 5457 330 5494 sumus.
354 5439 513 5494 Concilium
532 5440 727 5511 hipponense,
748 5441 783 5496 de
802 5459 860 5513 quo

85 5531 211 5603 egimus,
221 5529 331 5600 aliquot
341 5526 419 5583 baud
430 5527 516 5581 dubie
527 5531 633 5583 statuta
648 5528 777 5597 sancivit,
791 5544 858 5601 quae

918 401 1025 473 majore
1040 404 1165 472 exparte
1182 399 1211 454 in
1222 405 1279 455 tres
1292 405 1322 455 et
1335 400 1453 473 triginta
1461 402 1570 472 primos
1585 403 1765 461 Collectionis

916 488 1056 543 Africanae
1071 504 1195 544 canones
1210 490 1315 544 inserta
1333 495 1409 544 siant.
1428 491 1457 545 ld
1475 492 1603 561 primum
1625 492 1711 547 fuisse
1732 494 1767 547 ιι.

916 577 1000 633 detur
1013 577 1048 631 ab
1063 578 1179 633 Aurelio
1195 595 1227 632 ex
1242 582 1301 633 tola
1320 577 1413 633 Africa
1426 584 1641 651 congregatum,
1662 584 1695 635 ut
1708 582 1765 635 col-

916 666 1024 738 lapsam
1036 667 1066 721 in
1076 665 1129 721 hec
1139 667 1315 738 amplissima
1326 667 1472 738 prouincia
1486 669 1665 740 disciplinam
1681 669 1767 724 eccle·
1818 725 1821 731 ,

917 754 1059 809 ειεειιεειιι
1074 755 1102 808 ιιι
1123 755 1267 827 integrum
1288 755 1459 811 restitueret.
1477 756 1533 811 Nee
1547 756 1763 827 ambigendum,

916 843 988 916 quin
1002 843 1178 915 Augustinus
1193 845 1312 899 decretis
1326 844 1357 898 in
1372 844 1497 900 Concilio
1517 845 1677 900 sanciendis
1697 860 1765 916 ope·
1832 861 1834 865 ·

916 948 978 987 ram
994 948 1075 987 suam
1085 939 1191 1003 praeter
1204 937 1320 987 ceteros
1336 933 1508 1004 praestiterit.
1519 933 1675 989 Concilium
1689 933 1763 989 istud

917 1020 1056 1076 baronius
1076 1020 1257 1092 Archetypon
1278 1022 1405 1093 appellat
1423 1025 1542 1091 (berron,
1560 1023 1597 1077 ud
1620 1037 1684 1078 oran.
1702 1024 1763 1090 393,

916 1125 975 1179 cop.
993 1110 1048 1176 33),
1065 1125 1098 1162 ιιι
1113 1125 1168 1179 qno
1185 1109 1250 1175 alia,
1265 1125 1329 1180 quae
1349 1114 1446 1180 postea
1463 1110 1493 1163 in
1513 1109 1606 1164 Africa
1625 1109 1766 1164 celebrata

915 1202 992 1257 sunt.
1007 1197 1157 1268 complura
1174 1196 1281 1252 fuerint
1295 1203 1434 1264 mutuata,
1448 1198 1484 1252 iis
1498 1198 1625 1268 adjectis,
1641 1215 1705 1270 quas
1720 1215 1764 1252 su-

917 1284 1043 1341 lubriora
1058 1285 1119 1339 fure
1134 1285 1307 1357 experiendo
1323 1286 1489 1342 didicerant.

950 1376 980 1429 ι.
998 1373 1042 1429 Ad
1064 1374 1141 1428 hunc
1163 1390 1272 1429 annum
1297 1374 1531 1430 trecentesimum
1547 1375 1765 1446 nonagesimum

914 1464 1032 1519 tertium
1048 1465 1135 1520 refert
1150 1466 1289 1521 baronias
1302 1466 1408 1538 Alypil,
1427 1466 1555 1521 nondum
1572 1465 1688 1538 quidem
1704 1465 1766 1536 epi·

915 1552 1005 1624 scopi,
1021 1553 1068 1608 sed
1082 1554 1142 1624 jam
1158 1554 1325 1627 episcopatu
1340 1555 1420 1626 digni
1435 1557 1533 1624 (Epist.
1549 1556 1595 1622 ιι,
1609 1570 1637 1609 n.
1657 1553 1685 1624 l)
1698 1569 1766 1624 pro-

915 1640 1068 1696 fertionem
1082 1642 1112 1696 in
1128 1643 1319 1698 Palaestinam.
1335 1644 1368 1698 lit
1381 1642 1474 1714 reipsa
1484 1659 1559 1701 cuni.
1570 1658 1634 1697 cum
1644 1642 1681 1697 ad
1696 1643 1766 1696 Pau-

915 1728 1007 1784 linum
1018 1731 1155 1786 scriberet
1164 1730 1445 1786 aunotrecenlesimo
1454 1730 1640 1801 nonagesimo
1651 1733 1763 1801 quarto,

912 1819 974 1888 jam
989 1818 1155 1891 episcopum
1176 1825 1303 1874 creatum
1321 1819 1408 1873 fuisse
1428 1818 1587 1873 videbimus
1603 1819 1703 1889 (Epist.
1719 1820 1765 1883 rt,

914 1922 942 1961 n.
962 1909 985 1974 l,
999 1912 1026 1961 et
1048 1909 1077 1961 in
1097 1908 1196 1978 titulo).
1218 1907 1292 1961 Nihil
1313 1907 1348 1961 de
1368 1907 1420 1961 liae
1440 1906 1670 1977 peregrinatione
1690 1922 1766 1960 eom·

915 2000 1039 2067 partum,
1065 1996 1120 2050 uisi
1143 1995 1235 2050 risum
1263 1994 1349 2050 tuisse
1372 1995 1407 2048 ab
1432 1995 1533 2065 Alypio
1561 1993 1765 2063 Hieronymum

913 2084 1016 2153 (Epist.
1032 2086 1077 2149 ιδ,
1092 2099 1122 2139 n.
1139 2085 1175 2154 ι),
1192 2083 1242 2156 qui
1265 2084 1343 2154 apud
1366 2083 1534 2137 bethlehem
1553 2083 1614 2153 jam
1637 2081 1705 2136 inde
1730 2081 1766 2136 ub

916 2189 992 2227 anno
1011 2166 1210 2227 trecentesimo
1229 2171 1403 2242 octogesimo
1423 2177 1502 2226 sexto
1525 2171 1657 2241 degebat,
1673 2173 1702 2224 et
1725 2169 1766 2224 ibi

915 2260 1002 2316 variis
1023 2261 1132 2332 ingenii
1155 2262 1198 2315 sui
1224 2259 1479 2326 lucubrationibus,
1496 2260 1599 2331 quibus
1623 2274 1717 2313 sacros
1735 2258 1766 2313 in

916 2349 1017 2419 primis
1041 2349 1150 2404 codices
1178 2349 1347 2420 exponebat,
1373 2364 1506 2419 maguum
1540 2347 1593 2401 sibi
1620 2347 1764 2401 existimu-

916 2437 1022 2491 tionem
1037 2439 1197 2507 pepererat.
1217 2437 1272 2490 lloc
1288 2434 1481 2506 placidissimo
1503 2435 1691 2505 Hieronymus
1705 2433 1764 2488 otio

917 2529 944 2580 ει
959 2524 1159 2579 exercitatione
1171 2540 1234 2579 rere
1251 2523 1361 2579 liberali
1376 2522 1534 2593 Augustino
1547 2523 1672 2594 primum
1683 2521 1765 2576 inno-

916 2613 981 2669 tuit.
999 2614 1128 2684 Cumque
1149 2613 1216 2668 buic
1231 2629 1262 2667 ex
1282 2612 1392 2684 ingenii
1413 2611 1519 2667 fetibus
1538 2615 1611 2666 esset
1625 2611 1765 2682 cognitus,

916 2706 1064 2772 supererat
1079 2705 1111 2756 ut
1123 2701 1158 2756 de
1173 2701 1244 2755 facie
1259 2705 1434 2756 nosceretur.
1448 2700 1513 2754 lirat
1523 2699 1583 2753 haec
1597 2698 1693 2753 minor
1703 2698 1767 2752 llic·

915 2790 1028 2862 ronymi
1037 2805 1103 2860 pers
1115 2806 1122 2843 ε
1134 2793 1261 2843 attamen
1270 2792 1349 2843 lauta
1359 2787 1469 2842 indoles
1483 2787 1512 2841 in
1522 2786 1682 2858 Augustino
1694 2790 1764 2850 crat,

916 2882 947 2932 ut
962 2877 1048 2932 etiam
1064 2875 1193 2931 ridendis
1216 2875 1315 2930 amicis
1334 2874 1414 2929 aride
1432 2874 1558 2928 inhiaret
1576 2874 1688 2944 (thiel).
1712 2874 1764 2927 lle·

916 2981 979 3021 rum
995 2966 1070 3038 quod
1086 2981 1138 3035 ρει
1162 2979 1192 3018 se
1213 2979 1272 3018 nou
1296 2963 1400 3034 potuit,
1415 2978 1467 3034 ρει
1489 2961 1635 3033 Alypium,
1650 2961 1766 3032 quicuru

915 3068 990 3107 unus
1005 3051 1100 3106 auimo
1115 3056 1186 3119 erat,
1202 3052 1443 3107 luitconsecutus.
1460 3051 1538 3106 illius
1551 3048 1765 3104 familiarissimi

915 3141 959 3195 sui
974 3141 1074 3206 oculis,
1093 3123 1207 3195 uer-non
1223 3141 1350 3211 ejusdcm
1366 3140 1478 3195 reducis
1500 3138 1649 3204 relatione,
1667 3137 1765 3192 lliero-

914 3245 1034 3301 nymum
1049 3229 1129 3284 vidit.
1143 3231 1214 3284 Tum
1230 3229 1356 3300 primum
1367 3228 1453 3283 ctiam
1470 3227 1658 3298 hieronymus
1668 3230 1769 3297 Augu·

915 3318 1023 3373 stinum
1046 3333 1079 3373 ex
1103 3318 1159 3384 his,
1180 3335 1245 3389 quae
1265 3318 1300 3372 ab
1325 3317 1426 3388 Alypio
1447 3317 1482 3371 de
1506 3316 1556 3370 illo
1578 3315 1678 3371 didicit
1691 3330 1767 3369 anno

915 3407 1114 3462 trecentesimo
1127 3406 1313 3477 nonagesimo
1326 3411 1438 3478 quarto,
1456 3410 1484 3459 ει
1497 3404 1639 3475 cognovit,
1653 3407 1680 3457 et
1696 3402 1767 3458 dile-

915 3497 956 3551 xit
972 3512 980 3551 ι
997 3495 1069 3551 adeo
1089 3500 1121 3550 ιιι
1135 3511 1199 3549 cum
1214 3495 1331 3567 quidam
1345 3493 1514 3548 Profuturus
1533 3493 1563 3547 in
1584 3490 1766 3546 Palaestinam

913 3585 1092 3655 profecturus
1107 3587 1190 3648 esset,
1206 3581 1383 3653 Augustinus
1404 3581 1492 3651 (cujus
1514 3581 1572 3648 ille,
1587 3583 1620 3633 ul
1638 3578 1760 3644 ridetur,

915 3673 1072 3743 discipulus
1082 3671 1150 3739 crat)
1160 3670 1227 3724 satis
1242 3674 1318 3724 arcta
1331 3668 1540 3724 necessitudine
1550 3684 1579 3722 se
1590 3667 1764 3736 Hieronymo

915 3762 1101 3833 conjunctum
1111 3760 1230 3830 putarit,
1241 3766 1273 3813 ut
1284 3775 1350 3813 eum
1360 3758 1414 3829 ipsi
1425 3757 1651 3822 commendaret,
1663 3759 1690 3810 et
1700 3772 1767 3810 suos

915 3849 1008 3904 eidem
1024 3865 1135 3914 seueris,
1158 3864 1223 3902 cum
1243 3863 1330 3918 super
1343 3845 1429 3900 soriis
1448 3846 1518 3900 locis
1536 3860 1658 3915 operum
1676 3843 1763 3914 hujus

915 3937 1005 3992 sancti
1028 3937 1162 4004 doctoris,
1183 3942 1244 3991 tum
1260 3936 1289 3990 in
1315 3935 1415 4007 primis
1430 3950 1516 4006 super
1536 3933 1613 3988 Petri
1635 3938 1664 3988 et
1686 3931 1768 3987 Pauli

915 4026 1119 4098 disceptatione
1139 4026 1296 4096 detegeret.
1315 4025 1401 4095 Optat
1415 4025 1500 4078 etiam
1517 4029 1547 4077 ut
1562 4022 1683 4077 vicissim
1702 4021 1767 4076 ilie·

914 4130 1054 4188 ronymus
1068 4115 1097 4168 in
1113 4114 1226 4186 seriptis
1250 4113 1308 4169 suis
1329 4112 1468 4184 legendis,
1489 4127 1612 4183 quorum
1627 4111 1767 4165 nonnulla

914 4220 967 4276 ρει
981 4205 1164 4259 Profuturum
1179 4203 1234 4273 ipsi
1246 4201 1384 4266 mittebat,
1398 4201 1499 4255 eadem
1515 4199 1628 4254 licentia
1639 4214 1671 4253 ac
1683 4197 1768 4252 llber-

915 4298 971 4347 tate
985 4292 1099 4347 fruatur
1114 4292 1212 4359 (thid,
1232 4307 1261 4348 n.
1279 4291 1315 4360 ιι).
1336 4292 1414 4345 lianc
1428 4288 1577 4359 epistolam
1593 4286 1686 4341 adhuc
1699 4301 1767 4357 pre-

915 4381 1011 4452 sbyter
1027 4380 1139 4452 scripsit
1155 4383 1253 4450 (Epist.
1271 4383 1317 4440 tl,
1336 4395 1364 4434 n.
1379 4379 1418 4449 ι),
1433 4393 1466 4431 ac
1479 4376 1601 4448 proinde
1618 4391 1695 4429 anno
1711 4382 1768 4430 ιιε-

915 4466 1070 4522 centesimo
1086 4467 1274 4537 nonagesimo
1289 4471 1399 4538 quarto,
1411 4462 1661 4518 veltreeenteslmo
1677 4478 1767 4516 nona·

915 4556 1025 4627 gesimo
1041 4556 1149 4627 quinto.
1177 4557 1280 4610 ιιειιιιιι
1297 4554 1411 4610 nonnisi
1425 4554 1513 4623 longo
1537 4557 1602 4622 post
1619 4551 1768 4606 interi-ullo

917 4645 1027 4701 reddita
1039 4645 1093 4699 fuit
1104 4644 1273 4717 Hieronymo
1286 4661 1292 4699 :
1304 4642 1447 4714 siquidem
1457 4641 1637 4709 Profuturus,
1648 4640 1693 4694 cui
1705 4655 1768 4694 eam

915 4731 1081 4798 tradiderat,
1107 4749 1164 4788 non
1191 4737 1231 4788 est
1252 4731 1405 4803 profectus.
1425 4729 1497 4784 Cum
1522 4728 1648 4782 enimse
1672 4728 1768 4782 itineri

915 4823 1120 4878 commissurus
1135 4827 1218 4886 esset,
1235 4821 1386 4892 episcopus
1400 4825 1523 4884 creatus,
1533 4819 1608 4874 haud
1624 4819 1663 4872 ita
1678 4817 1768 4871 mullo

914 4918 980 4983 ροει
994 4928 1010 4966 ε
1023 4912 1080 4966 rita
1093 4910 1222 4966 discessit
1240 4910 1339 4983 (Epist.
1356 4911 1403 4977 ιι,
1415 4925 1445 4964 n.
1462 4909 1497 4977 ιι.
1522 4908 1640 4962 Videtur
1660 4905 1685 4960 is
1706 4919 1767 4959 esse

915 5001 1095 5068 Profuturus,
1114 4999 1164 5070 qui
1183 4997 1319 5054 Cirtensis
1338 4997 1393 5052 luit
1411 4997 1572 5068 episcopus,
1588 4994 1685 5066 paucis
1699 4996 1766 5047 ante

915 5089 999 5144 annis
1015 5088 1176 5154 defunctus,
1194 5102 1281 5159 quam
1294 5086 1471 5157 Augustinus
1490 5084 1525 5139 de
1541 5083 1685 5154 Baptismo
1699 5097 1768 5134 con·

915 5182 958 5232 tra
973 5175 1145 5232 Petiliauum
1160 5175 1297 5230 scriberet
1309 5176 1356 5246 (De
1373 5177 1455 5231 Unico
1469 5176 1562 5243 Βαρι,
1574 5188 1602 5225 ιι.
1616 5169 1676 5241 ιι).

951 5269 977 5321 3.
992 5266 1061 5320 Cum
1083 5263 1235 5335 Augustini
1259 5264 1454 5336 episcopatum
1477 5262 1510 5315 ad
1526 5259 1599 5313 anni
1619 5256 1765 5328 sequentis

915 5353 1034 5417 exitum,
1056 5353 1110 5406 hoc
1132 5356 1174 5407 est
1198 5353 1233 5408 ad
1256 5369 1364 5408 annum
1386 5349 1617 5406 trecentesimum
1643 5360 1767 5416 nonage-

915 5442 1019 5495 simum
1033 5440 1177 5511 quintum,
1195 5441 1312 5496 relaturi
1328 5440 1427 5502 simus,
1440 5451 1527 5507 opera
1542 5449 1606 5505 quae
1620 5436 1687 5503 post
1700 5448 1768 5487 con-

915 5529 1014 5585 cilium
1039 5528 1220 5601 llipponense
1244 5527 1413 5598 conscripsit
1434 5520 1673 5596 presbyterii.sui
1695 5526 1771 5576 tem·
