3884 6112
125 327 192 385 1455

901 315 1095 373 arrarum.

1830 316 1878 370 liii

122 454 167 509 vel
182 451 349 524 expetenda
367 447 567 505 familiaritatis
588 449 637 499 aut
651 443 783 498 amicitiae
798 444 964 525 spiritualis,
1020 442 1101 513 quies
1113 445 1212 496 nostra
1226 441 1350 512 quadam
1362 456 1486 512 operum
1501 438 1723 493 vicissitudine
1745 439 1875 496 irxlcianls

122 525 283 580 discurrant
301 521 482 576 nuntiizuec
498 532 598 573 eorum
617 515 788 570 munuscula
801 517 966 587 litterasque
1019 513 1120 583 ltaque
1143 530 1158 566 a
1178 512 1302 567 calendis
1325 512 1489 566 novembris
1513 526 1618 582 usque
1647 511 1687 564 ad
1711 511 1875 583 Quadragesi·

123 594 269 664 suscipias,
286 609 338 647 nec
357 592 412 645 illis
427 595 477 644 tua
496 588 611 660 dirigas,
627 592 713 659 prout
725 586 814 641 moris
828 592 880 652 est,
897 591 967 658 puta
1019 598 1107 650 mam,
1132 582 1287 637 secundum
1321 583 1552 637 aestimationem
1580 598 1687 643 suam,
1712 582 1779 652 plus
1805 587 1875 638 meda

122 682 218 730 zonas,
243 663 398 732 marsupia,
409 677 473 732 quas
484 660 594 714 diverso
606 659 726 712 stamine
739 663 768 712 ot
785 657 966 728 subtegmine
1019 660 1103 708 nocte
1118 659 1250 724 repausat
1266 671 1272 708 ι
1292 659 1319 708 ιι
1332 655 1372 708 ιιι
1385 670 1511 724 surgens
1530 669 1605 706 cum
1623 668 1690 723 qua
1704 659 1797 733 potest
1810 655 1874 709 deso

122 737 228 789 variata
243 741 319 799 sunt,
336 738 364 787 et
379 738 481 786 caetera
496 747 560 801 quas
577 728 742 799 hujusmodi
760 727 966 782 adolescentio-

120 806 200 860 ribus
219 803 351 858 monachi
370 819 421 873 per
435 802 551 856 clericos
567 802 694 866 mittunt,
710 799 785 870 quod
806 800 966 854 lomentum

121 881 163 930 est
177 876 282 929 amoris
297 874 400 939 illiciti,
418 878 445 927 et
461 872 558 941 magni
573 872 692 925 materia
705 870 783 924 mali.

121 947 232 1002 CAPUT
251 947 295 1001 ιιι.
312 975 346 985 -
368 945 498 1013 operetur
511 944 646 1009 monibus,
665 947 774 995 ornetur
787 939 962 997 ooecaodio.

156 1017 280 1087 Operare
295 1016 412 1086 proinde
428 1030 469 1079 ea,
488 1030 552 1085 quoa
574 1014 617 1067 vel
635 1012 786 1067 necessitas
800 1011 901 1083 poscit,
920 1010 965 1065 val

119 1087 280 1157 praescribit
301 1086 419 1149 utilitas,
435 1090 577 1139 eteorum
593 1083 718 1155 pretium
733 1083 790 1136 tuis
808 1081 905 1135 usibus
919 1096 964 1135 ce·

120 1158 178 1227 dat,
195 1158 298 1228 quibus
323 1157 346 1210 si
368 1172 425 1210 non
445 1157 568 1227 egueris,
585 1161 633 1209 aut
652 1153 809 1207 necessaria
828 1153 964 1220 ecclesiae,

120 1235 169 1282 aut
185 1227 371 1298 pauperibus,
393 1226 465 1280 sicut
484 1227 616 1291 diximus,
632 1225 751 1279 tribuas.
771 1224 858 1279 Ornet
877 1223 965 1276 etiam

121 1315 219 1352 omnes
234 1304 339 1367 motus,
360 1313 459 1351 omnes
478 1312 622 1350 sermones
640 1295 767 1357 inclusae,
782 1293 963 1361 verecundia,

141 1386 184 1423 ιιι
197 1371 325 1439 linguam
339 1371 509 1436 compescat,
525 1367 598 1420 iram
613 1366 733 1435 mitiget,
748 1365 843 1435 jurgia
858 1368 963 1419 caveat.

119 1385 209 1503 ὃιιιιιι
235 1440 312 1492 enim
336 1439 443 1507 pudere
468 1438 548 1490 decet
575 1438 694 1489 honeste
721 1437 841 1488 honesta
863 1434 963 1505 loqui;

120 1515 235 1579 quautae
254 1508 439 1578 impudentia
454 1512 507 1574 cst,
526 1510 558 1560 ut
575 1507 736 1568 inhonesta,
754 1504 816 1559 licet
836 1505 965 1560 lacessita

119 1579 232 1647 injuriis
248 1584 297 1632 aut
312 1579 457 1632 stimulata
472 1577 579 1643 lurore,
594 1576 748 1648 loquatur?

119 1649 231 1704 CAPUT
255 1650 312 1704 llll.
336 1678 370 1689 -
393 1649 613 1773 Reclostpleobcrtts
629 1649 754 1702 lacessito
776 1650 807 1701 ut
826 1661 854 1701 ae
874 1661 965 1715 peram

550 1725 581 1772 el.

154 1790 266 1843 Inclusa
279 1789 368 1860 igitur
386 1789 511 1858 litiganti
525 1806 582 1844 non
599 1788 781 1858 respondeat,
803 1786 965 1843 detrahenti

118 1876 176 1914 non
207 1861 246 1914 im
269 1866 391 1930 ruperat,
414 1860 561 1915 lacessenti
589 1876 648 1914 non
684 1858 887 1913 contradicat:
915 1859 965 1914 sed

118 1931 149 1984 in
170 1933 246 1985 omn'
272 1948 304 1984 us
322 1947 387 2002 quae
411 1931 441 1984 in
455 1931 582 2002 publico,
599 1931 643 1984 rel
657 1930 687 1985 in
702 1931 811 1984 occulto
827 1934 876 1982 aut
890 1928 963 2000 obji-

117 2001 241 2067 ciuntur,
267 2005 316 2055 aut
340 2007 534 2068 susurrantur,
556 2017 589 2056 ex
609 1999 791 2055 conscientias
811 2000 964 2054 serenioris

118 2087 182 2126 arce
206 2077 379 2135 contemnat,
403 2072 497 2126 dicens
520 2089 584 2126 cum
605 2074 751 2143 Αροιιοιο,
776 2071 851 2125 Mitt
875 2075 964 2125 αιιιιηι

113 2158 166 2212 pro
181 2145 291 2197 minimo
306 2148 345 2197 est
358 2147 420 2197 uto
435 2143 509 2197 uobis
520 2143 629 2212 judicer
643 2143 665 2213 (l
686 2144 750 2196 Cor.
767 2159 805 2207 rr,
822 2145 856 2208 3).
874 2142 965 2212 Super

97 2276 104 2284 ι
117 2213 214 2267 omnia
228 2214 306 2268 onim
321 2213 429 2267 inclusa
443 2215 555 2268 studere
571 2214 664 2278 debet,
681 2218 714 2267 ut
726 2212 963 2282 tranquillitatem

117 2284 246 2353 spiritus,
262 2289 291 2337 ιι
312 2299 412 2354 pacem
427 2284 520 2338 cordis
534 2285 643 2354 jugiter
663 2284 799 2349 retinens,
817 2282 900 2337 illum
919 2283 964 2337 sui

115 2354 239 2424 pectoris
251 2358 390 2407 aternum
410 2353 513 2407 habeat
526 2354 757 2415 inhabitatorem,
770 2352 805 2406 de
820 2369 877 2424 quo
893 2353 963 2408 scri·

115 2428 198 2548 ptum
214 2428 265 2489 est,
282 2425 313 2476 ln
326 2439 392 2492 poce
405 2426 496 2489 sactus
510 2429 549 2478 est
564 2426 635 2478 ιοιιιι
650 2425 708 2491 ejres
729 2424 811 2492 (Psoi.
828 2439 905 2486 uxxv,
923 2425 960 2493 3).

140 2494 234 2547 talias
250 2493 388 2547 [lominus
401 2510 451 2565 per
464 2495 643 2564 prophetam,
659 2496 842 2563 Supsequor,
857 2495 961 2565 inquit,

114 2567 262 2632 requiescet
273 2566 387 2633 spiritus
399 2580 481 2632 meos,
495 2566 551 2618 nist
563 2580 645 2634 super
655 2565 781 2618 tomitem
793 2569 818 2618 et
832 2566 961 2632 quietum,

115 2640 141 2689 et
163 2638 299 2690 timentem
320 2650 451 2690 sermones
474 2650 543 2689 meos
564 2636 641 2706 (lsai,
665 2651 735 2700 uxvr,
751 2634 802 2706 tl?
822 2635 902 2688 lluuc
921 2653 962 2690 sa·

115 2706 307 2760 cratissimum
327 2705 431 2760 mentis
456 2711 572 2770 statum,
592 2722 649 2760 uon
671 2707 763 2759 solum
783 2705 963 2777 stultiloquia

115 2781 256 2838 evertunt,
268 2775 316 2830 sed
328 2781 356 2829 ιι
368 2780 545 2846 pervertunt.
563 2777 639 2831 Nihil
651 2781 709 2830 tam
724 2791 784 2830 csse
796 2776 848 2831 trbi
860 2792 961 2832 censeo

115 2849 292 2914 sectandum,
308 2863 395 2916 quam
410 2847 565 2901 silentium.

168 2918 281 2972 CAPUT
296 2918 365 2971 lllll.
381 2947 415 2957 -
430 2920 463 2972 De
478 2923 594 2987 tempore
610 2917 737 2986 loquendi
749 2921 774 2970 et
790 2917 906 2972 tacendi.

148 2989 210 3043 lam
226 3004 303 3042 nunc
319 2993 433 3058 tempus
453 2989 600 3059 loquendi,
618 3005 648 3042 ac
664 2987 777 3042 tacendi
789 2992 903 3057 tempus
917 2988 960 3042 di·

114 3059 302 3129 stinguamus.
332 3060 422 3112 Iitur
451 3059 485 3112 ab
520 3059 693 3113 lixaltatioue
726 3063 830 3111 sanctae
863 3059 960 3113 Crucis

114 3145 204 3200 usque
226 3130 261 3183 ad
281 3075 533 3210 Quadragesinam
550 3133 615 3201 post
629 3129 848 3199 completorium
869 3146 959 3201 usque

113 3200 148 3254 ad
163 3215 296 3253 auroram
314 3199 458 3254 silentium
473 3204 568 3254 teneat
581 3218 587 3254 :
602 3205 631 3254 et
645 3206 713 3255 tunc
728 3199 801 3253 dicta
815 3199 918 3269 prima,
935 3200 960 3254 si

110 3269 187 3324 aliud
209 3271 243 3324 de
265 3270 368 3324 diurna
392 3271 556 3324 necessitate
581 3271 701 3324 voluerit
720 3286 872 3340 suggerere
896 3287 958 3324 ser·

109 3339 206 3407 rienti,
224 3339 322 3411 paucis
336 3340 390 3394 hoc
403 3341 485 3395 saciat
499 3340 612 3408 verbis;
628 3341 699 3395 nihil
712 3341 846 3411 cuiquam
860 3348 958 3411 postea

109 3412 251 3482 usquead
270 3412 383 3466 tertiam
398 3412 540 3482 loquatur.
558 3413 634 3465 luter
651 3411 765 3465 tertiam
780 3427 846 3465 voro
864 3416 891 3466 et
905 3429 956 3466 no·

109 3497 188 3552 nam,
200 3483 245 3536 his
258 3482 308 3553 qui
323 3483 550 3552 supervenerint,
565 3483 645 3554 prius
657 3482 679 3536 si
693 3482 864 3537 admittendi
879 3488 955 3551 sunt,

110 3559 306 3624 competenter
318 3555 500 3624 respondeat,
517 3559 545 3607 et
558 3554 705 3620 ministris,
717 3553 795 3624 quod
806 3554 954 3624 placuerit,

109 3621 251 3696 injungat.
269 3625 335 3678 Post
349 3640 455 3679 nonam
469 3631 584 3696 sumpto
599 3625 662 3679 cibo
677 3640 762 3678 omne
779 3624 956 3695 colloquium

109 3700 138 3749 ot
158 3695 353 3749 dissolutionis
370 3695 520 3750 materiam
540 3699 646 3764 careat,
666 3710 701 3749 ne
726 3694 903 3765 impingatur
928 3696 955 3749 ei

107 3765 190 3832 illud,
206 3766 282 3836 quod
298 3766 435 3836 scriptum
453 3772 512 3821 cst:
531 3766 608 3821 Sedit
621 3782 657 3835 po
679 3767 738 3820 utus
752 3766 917 3820 manducare
930 3771 956 3822 ct

109 3835 198 3889 bibere
216 3841 241 3889 et
262 3840 438 3890 surrencruot
459 3837 549 3890 ludere
572 3838 645 3904 (Erro
670 3878 676 3890 .
700 3852 787 3902 xxau,
811 3837 846 3906 6).
867 3839 954 3891 Porro

106 3905 268 3977 vespertina
281 3905 364 3959 laude
377 3907 480 3971 soluta,
496 3921 562 3960 cum
576 3906 708 3959 ministra
722 3922 813 3977 usque
827 3907 862 3960 ad
879 3912 954 3961 tem-

128 3993 161 4030 us
175 3975 334 4030 collatiouis
350 3976 385 4030 da
401 3975 566 4030 necessariis
580 3976 719 4031 conferat.
735 3977 874 4046 Tempore
886 3994 952 4032 vero

105 3990 336 4118 irradragesimae
355 4047 464 4100 inclusa
485 4062 598 4119 semper
621 4046 767 4101 silentium
787 4053 884 4102 tenere
903 4049 952 4102 de-

105 4118 204 4174 beret:
222 4119 271 4173 sed
296 4117 363 4191 quia
384 4118 437 4172 hoc
457 4118 561 4172 durum
576 4118 810 4190 impossibileque
825 4124 951 4189 putatur,

105 4205 171 4244 cum
195 4190 353 4244 confessore
379 4205 430 4243 suo
455 4194 483 4244 at
506 4189 647 4254 ministra,
668 4189 761 4243 rarius
782 4206 869 4262 quam
889 4191 952 4244 aliis

103 4261 292 4331 temporibus,
314 4261 468 4331 loquatur,
490 4266 518 4314 et
537 4276 603 4315 cum
621 4261 700 4315 nullo
721 4261 788 4323 alio,
809 4261 864 4315 nisi
879 4262 950 4316 forte

103 4331 200 4413 aliqua
214 4333 370 4386 reverenda
382 4347 506 4401 persona
521 4347 554 4385 ex
570 4332 633 4385 aliis
647 4331 800 4403 provinciis
814 4348 949 4413 superve-

101 4409 184 4457 nerrt
202 4404 269 4457 Post
289 4403 395 4456 Pascha
407 4419 474 4457 vero
490 4418 580 4484 usquo
595 4403 631 4456 ad
641 4405 755 4527 tempus
769 4404 948 4473 praedictum,

101 4489 119 4528 a
138 4473 323 4545 completorio
334 4488 423 4544 usque
436 4473 470 4527 ad
486 4474 553 4527 solis
564 4477 659 4527 ortum
674 4473 697 4525 si
711 4473 786 4527 cutio
798 4474 948 4541 custodito,

102 4559 168 4599 cum
183 4546 284 4599 horam
297 4544 421 4625 primam
430 4544 461 4598 in
476 4543 586 4598 diurnis
596 4543 742 4614 obsequiis
752 4543 947 4610 celebraverit,

100 4630 166 4669 cum
181 4615 319 4669 ministris
332 4615 390 4668 suis
400 4615 535 4686 loquatur
546 4615 569 4668 si
583 4615 744 4686 oportuerit
755 4631 762 4680 ;
774 4630 839 4669 cum
851 4631 950 4686 super·

99 4685 291 4751 venientibus,
316 4685 391 4739 inter
410 4702 517 4740 nonam
534 4691 562 4741 et
582 4701 741 4757 vesperam.
765 4685 857 4740 Finita
878 4687 948 4742 hora

98 4772 292 4828 vesperarum,
306 4756 438 4825 disponat
451 4772 516 4811 cum
531 4756 668 4811 ministris
682 4755 760 4829 quod
775 4772 847 4828 opus
861 4757 948 4812 luerit

98 4843 190 4899 usquc
206 4827 240 4881 ad
253 4827 444 4882 collationem.

97 4898 209 4956 CAPUT
223 4898 290 4953 lllV.
306 4927 341 4938 -
356 4900 457 4966 Quibus
471 4900 608 4953 coerctttts
626 4898 780 4953 vocandam
794 4913 811 4952 o
826 4898 946 4955 comodis

302 4969 421 5023 novant.
436 4969 473 5024 od
486 4970 744 5038 Quodeoqess'mom.

133 5041 181 5096 llis
205 5040 350 5111 inspectis,
373 5040 452 5111 operi
472 5056 621 5104 manuum,
638 5039 754 5094 lectioni
776 5043 804 5093 ιι
821 5040 945 5095 οιιιιοιιι

95 5116 175 5167 certa
190 5115 321 5183 tempora
342 5110 526 5180 deputentur.
552 5110 685 5167 Otiositas
706 5111 814 5235 quippe
828 5111 945 5166 inimica

94 5187 137 5239 est
151 5181 267 5250 animae,
284 5198 369 5254 quam
384 5197 443 5253 praa
462 5182 596 5237 omuibus
611 5198 708 5237 cavare
723 5182 758 5236 de
781 5186 809 5236 et
823 5182 940 5236 inclusa.

94 5255 142 5310 Est
156 5253 234 5308 onim
250 5254 380 5308 omnium
395 5253 538 5307 malorum
557 5269 670 5323 parens,
692 5253 941 5320 hbrdrursartllax,

113 5325 330 5395 arrogationum
340 5325 435 5392 altrix,
447 5323 543 5377 nutrix
554 5323 696 5389 vitiorum,
712 5324 870 5377 lomentum
882 5340 942 5377 ace·

91 5342 157 5461 diae,
172 5396 296 5449 tristitiae
317 5396 501 5449 incentivum.
519 5396 583 5465 lpsa
600 5395 739 5465 pessimas
754 5395 941 5519 cogitationes

91 5469 224 5534 seminat,
236 5467 400 5520 allectiones
414 5465 527 5519 illicitas
537 5465 650 5536 quierit,
662 5465 777 5519 suscitat
806 5465 939 5520 esideria.

88 5538 101 5591 1
123 5554 153 5592 sa
168 5537 270 5608 quietis
285 5535 430 5590 fastidium
445 5535 531 5605 parit,
551 5536 701 5590 horrorem
716 5535 820 5589 incutit
840 5536 936 5592 cellro.

116 5623 245 5677 unquam
259 5611 288 5662 te
302 5606 500 5676 improvidam,
519 5622 669 5676 nunquam
683 5611 710 5661 te
726 5605 844 5677 spiritus
859 5606 939 5660 inve-

88 5678 150 5731 niat
164 5676 295 5731 otiosam.
312 5677 365 5731 Sed
384 5677 452 5747 quia
467 5692 549 5731 mens
564 5681 672 5741 nostra,
691 5692 756 5742 qraae
771 5677 801 5731 in
814 5677 867 5731 hac
881 5678 939 5733 vita

85 5747 199 5803 subdita
213 5752 255 5801 est
269 5746 398 5814 vanitati,
414 5747 607 5818 nunquamin
620 5747 721 5803 eodem
737 5752 810 5802 statu
824 5763 937 5818 perma-

90 5822 160 5889 uet;
183 5815 311 5872 otiositas
325 5815 526 5874 exercitiorum
540 5818 676 5875 varietate
695 5817 822 5890 fuganda
835 5822 887 5888 est,
907 5824 937 5875 et

1020 726 1109 789 tione,
1133 724 1290 779 secuudum
1314 725 1435 779 formam
1463 724 1598 794 Regulos
1635 727 1719 777 beati
1748 725 1874 792 Benedicti,

1019 801 1173 850 nocturnas
1185 796 1297 865 vigilias
1310 797 1445 862 celebret,
1462 797 1582 866 quihus
1599 810 1677 848 mox
1694 797 1874 850 succedatur

1019 866 1060 920 ιιο
1077 883 1084 920 :
1101 866 1257 920 secuudum
1272 867 1349 937 quod
1368 882 1432 920 eam
1447 865 1585 937 Spiritus
1607 871 1735 919 sanctus
1750 866 1873 936 adiuverit.

1019 942 1069 991 aut
1081 939 1225 1018 protelare
1247 938 1330 991 debet
1348 943 1398 991 aut
1412 936 1607 992 abbreviare.
1627 937 1740 991 Caveat
1755 946 1839 992 autem
1850 955 1874 992 ne

1018 1008 1159 1089 prohxior
1180 1008 1271 1062 oratio
1300 1008 1448 1090 Ιιιιιιιιιιιιιι
1471 1007 1588 1078 pariat.
1615 1007 1735 1088 ‘Utilius
1757 1013 1799 1062 est
1818 1010 1874 1063 euin

1018 1079 1874 1229 ttthtttlllttttt‘rtttt‘tttlitttrtlttt

1018 1221 1242 1290 prolongaverit.
1267 1222 1333 1274 Post
1351 1220 1518 1275 orationem
1539 1221 1573 1273 in
1600 1221 1756 1275 honorem
1779 1222 1872 1292 t'rrginis

1019 1291 1148 1345 debitum
1158 1291 1248 1344 solvat
1258 1291 1393 1358 officium,
1408 1297 1590 1345 sauctorum
1602 1296 1873 1346 commemorationes

1019 1361 1164 1431 adjiciens.
1182 1363 1254 1417 Care
1269 1368 1364 1416 autem
1379 1378 1416 1417 ne
1431 1362 1469 1417 de
1487 1378 1627 1416 numero
1645 1364 1830 1430 Psalmorum
1843 1366 1872 1418 rel

1018 1435 1305 1499 commemoratione,
1321 1434 1447 1504 aliquam
1469 1433 1529 1487 tibi
1552 1434 1663 1504 legem
1683 1435 1725 1488 im
1748 1436 1871 1499 oasam

1019 1504 1156 1574 quamdiu
1175 1509 1203 1558 te
1223 1505 1326 1557 Psalmi
1343 1505 1501 1566 delectant,
1519 1510 1615 1558 utere
1637 1505 1711 1560 illis.
1728 1451 1757 1560 ii
1775 1506 1819 1559 tibi
1830 1522 1870 1559 ro

1017 1574 1114 1643 perint
1128 1589 1188 1628 esse
1199 1574 1323 1637 onerosi,
1336 1575 1425 1628 transi
1440 1577 1480 1628 ad
1498 1575 1673 1630 lectionem
1686 1593 1772 1701 :Rana
1784 1578 1804 1629 si
1816 1577 1870 1630 iaso

1018 1644 1097 1698 dium
1122 1644 1238 1714 ingerit,
1254 1661 1337 1716 surge
1358 1646 1393 1699 ad
1409 1647 1587 1700 orationem
1603 1661 1610 1702 :
1628 1648 1671 1700 sic
1750 1664 1870 1718 opusne

1018 1716 1869 1787 uuum,hisfatigata,pertrausieus,utsalubrialterualione

1018 1787 1150 1857 spiritum
1169 1802 1289 1856 recrees,
1304 1793 1333 1841 et
1351 1788 1440 1857 pellas
1462 1788 1624 1842 acediam.
1650 1790 1755 1843 Finitis
1775 1806 1867 1843 coum

1017 1858 1226 1921 morationibus
1238 1873 1539 1929 quarumnumerum
1555 1875 1626 1914 non
1641 1861 1830 1932 propositioni,
1839 1861 1866 1913 ιιι

1017 1929 1079 1981 roci
1107 1928 1258 1983 necessitas
1294 1934 1476 1999 extorqueat,
1507 1931 1565 1985 sed
1597 1931 1755 2002 inspirans
1785 1933 1866 1986 devotis

1018 1997 1119 2067 dictat3
1136 2005 1251 2069 tempus
1271 2000 1348 2070 quod
1362 2005 1452 2054 restat
1466 2016 1574 2071 usque
1592 2003 1632 2057 ad
1654 2019 1797 2068 auroram,
1811 2004 1865 2073 open'

1017 2084 1156 2124 manuum
1187 2085 1252 2124 cum
1283 2072 1462 2141 psalmorum
1497 2073 1718 2128 modulatione
1748 2075 1864 2129 deseoht

1016 2140 1184 2195 Albascenta
1198 2156 1302 2195 aurora
1312 2141 1474 2195 matutinas
1485 2143 1603 2198 laudes
1619 2161 1693 2199 cum
1705 2146 1782 2200 horae
1794 2144 1864 2216 ptine

1017 2211 1179 2266 orationum
1199 2213 1312 2282 hymnis
1336 2213 1500 2282 persolvat:
1520 2219 1555 2268 et
1583 2215 1628 2270 sic
1652 2217 1687 2271 in
1710 2217 1863 2271 altematiooa

1016 2282 1178 2346 lectionum,
1196 2284 1373 2338 Psalmorum
1384 2299 1506 2355 quoquo
1524 2288 1862 2355 prouteadavotioaru

1016 2353 1099 2422 verit,
1114 2353 1228 2407 tertiam
1244 2359 1396 2425 exspectet,
1410 2370 1472 2426 qua
1486 2355 1577 2410 dicta
1602 2358 1636 2412 in
1652 2375 1744 2430 opere
1758 2372 1860 2412 mannua

1016 2439 1107 2495 usque
1122 2424 1157 2478 ad
1176 2425 1276 2479 horam
1291 2441 1397 2479 nouam
1413 2433 1601 2496 occupetur.
1620 2430 1698 2485 Cibo
1713 2436 1801 2484 autem
1812 2445 1860 2482 san-

1016 2499 1066 2563 pto
1088 2499 1115 2548 at
1132 2495 1288 2566 gratiarum
1306 2496 1469 2551 actionibus
1488 2498 1560 2553 Deo
1578 2501 1702 2568 solutis,
1720 2503 1754 2556 ad
1767 2516 1858 2571 pressu·

1016 2569 1093 2635 ptam
1115 2566 1363 2621 mansuetudinem
1386 2568 1490 2623 redeat
1518 2571 1738 2641 spiritualibus
1756 2571 1857 2626 eremus

1016 2651 1087 2705 opus
1102 2638 1249 2707 corporale
1260 2637 1456 2692 intermittens
1472 2655 1581 2711 usque
1598 2643 1639 2697 ad
1656 2659 1791 2714 vesperas.
1804 2642 1858 2696 real

1015 2712 1111 2761 autem
1135 2723 1222 2778 parvo
1241 2709 1389 2762 intervallo
1409 2709 1554 2790 aliquam
1584 2713 1748 2768 lectionem
1766 2715 1796 2767 de
1812 2712 1857 2764 lita

1015 2777 1132 2830 Patrum
1148 2781 1191 2832 rel
1208 2777 1344 2832 institutis
1357 2778 1401 2833 rel
1424 2783 1591 2838 miraculis
1609 2801 1719 2839 eorum
1737 2785 1855 2839 sibiseue

1014 2847 1070 2900 tius
1092 2849 1168 2918 legat
1184 2865 1190 2902 :
1208 2854 1239 2902 ut
1261 2855 1323 2903 orta
1341 2865 1376 2903 ex
1399 2850 1446 2904 his
1470 2852 1586 2924 aliqua
1608 2857 1823 2927 compunctione.
1836 2854 1853 2906 ιι

1015 2917 1140 2988 quodam
1156 2920 1265 2974 terrore
1281 2920 1397 3001 spiritus
1412 2925 1662 2993 completorium
1677 2929 1750 2982 dicat
1760 2944 1767 2992 ;
1778 2933 1802 2980 at
1812 2939 1852 2977 cun

1013 2989 1231 3131 litlrttt
1244 2992 1850 3140 llttthltlh..ttffttrttlt

1013 3128 1178 3200 diligentius
1196 3131 1316 3186 insistat.
1334 3132 1375 3185 lta
1394 3138 1428 3186 ut
1446 3149 1524 3189 cum
1545 3142 1701 3208 paulatim
1724 3139 1795 3194 luerit
1808 3135 1848 3190 ιιι

1013 3205 1088 3270 gata,
1105 3207 1202 3272 surgat
1222 3206 1250 3256 et
1270 3218 1365 3272 genua
1380 3202 1489 3267 flectat,
1513 3213 1547 3262 et
1561 3208 1702 3266 breviter
1715 3216 1772 3264 oret
1785 3204 1848 3263 bom·

1012 3284 1082 3323 num
1119 3287 1213 3339 suum,
1242 3278 1270 3327 et
1306 3273 1401 3327 statim
1433 3291 1527 3345 opus,
1563 3282 1654 3351 quod
1689 3282 1846 3340 intermeat

1011 3349 1139 3396 resumat
1163 3359 1170 3397 :
1200 3347 1227 3398 et
1255 3344 1309 3398 hoc
1333 3344 1419 3398 iaciat
1447 3351 1600 3419 tempora
1635 3353 1743 3407 scilicet
1765 3358 1846 3418 utreque

1010 3411 1142 3467 lectionis
1164 3418 1192 3467 et
1215 3414 1330 3483 laboris,
1351 3415 1543 3474 Dominicam
1569 3424 1741 3479 orationem
1758 3419 1846 3476 estas

1009 3481 1086 3536 inter
1105 3500 1192 3564 opera
1210 3486 1310 3539 eadem
1326 3491 1485 3557 repetens:
1505 3497 1536 3545 ιι
1551 3493 1582 3548 ιι
1606 3511 1687 3566 quos
1701 3496 1805 3567 psalmos
1815 3505 1844 3542 rr

1009 3552 1106 3617 luerit,
1122 3561 1306 3611 interserens.

1010 3623 1123 3680 CAPUT
1146 3627 1201 3682 llll.
1226 3657 1260 3669 -
1282 3630 1322 3684 Dc
1344 3630 1488 3754 exercitre'lip
1512 3647 1531 3685 a
1558 3636 1680 3692 Pascha
1701 3635 1738 3690 od
1756 3630 1843 3690 atsur

1352 3714 1445 3752 novem
1487 3704 1523 3757 is.

1043 3768 1067 3820 Α
1081 3766 1186 3821 Pascha
1198 3784 1264 3822 vero
1280 3784 1313 3823 us
1335 3785 1370 3823 ue
1385 3769 1419 3824 ad
1435 3773 1609 3841 praedictas
1625 3778 1756 3833 ιιιιιιιιιι
1768 3775 1842 3830 sicsur·

1008 3842 1057 3917 gat
1071 3837 1108 3893 ad
1121 3838 1242 3908 vigilias,
1257 3843 1289 3893 ut
1309 3785 1398 3894 linitis
1414 3847 1578 3900 nocturnis
1596 3848 1719 3918 hymnis
1734 3854 1758 3903 ιι
1770 3844 1841 3901 oratio

1006 3907 1101 3974 mbus,
1128 3910 1296 3979 parvissimo
1330 3910 1486 3968 intervallo
1524 3920 1706 3990 praemisso,
1730 3918 1841 3974 maulim

1007 3976 1134 4049 incipiat.
1146 3980 1253 4045 Quibus
1268 3980 1387 4050 expletis
1401 3989 1551 4054 usquead
1564 3993 1695 4061 plenum
1708 3992 1770 4045 solis
1779 3996 1841 4042 amu

1007 4050 1184 4105 orationibus
1198 4057 1275 4106 vacat
1293 4057 1320 4106 ιι
1341 4052 1474 4123 psalmis,
1493 4061 1525 4111 et
1550 4064 1630 4117 tunc
1646 4063 1723 4118 dicta
1734 4062 1841 4133 pri-aa

1006 4119 1144 4175 orificium
1165 4122 1261 4176 diurni
1276 4124 1370 4194 operis
1385 4123 1516 4193 inchoet,
1537 4146 1643 4204 usque
1658 4136 1696 4189 ad
1710 4133 1795 4187 boram
1806 4138 1840 4181 tar

1005 4190 1088 4245 tiam:
1101 4192 1131 4246 in
1142 4193 1263 4247 lectione
1278 4199 1306 4247 et
1316 4194 1446 4250 oratioue
1456 4213 1561 4269 usque
1574 4204 1614 4258 ad
1626 4211 1738 4260 sextam
1748 4204 1840 4275 spiritua

1005 4267 1132 4333 occupet.
1150 4264 1214 4317 Post
1236 4269 1343 4319 sextam
1365 4272 1483 4337 sumpto
1498 4271 1587 4342 cibo,
1612 4282 1720 4347 pauset
1733 4278 1760 4330 in
1772 4271 1839 4328 leetdr
1878 4284 1881 4293 ·

1004 4347 1055 4385 suo
1069 4349 1160 4404 usque
1174 4335 1210 4389 ad
1225 4350 1351 4390 nonam:
1366 4342 1395 4390 ιι
1406 4336 1449 4391 ιιι
1463 4355 1570 4413 usqua
1595 4347 1636 4400 ad
1651 4361 1790 4419 vesperam
1805 4356 1839 4395 ur

1003 4402 1088 4457 nibus
1102 4409 1246 4472 operetur.
1262 4406 1328 4461 Post
1338 4421 1490 4477 vesperam
1506 4427 1587 4470 vero
1602 4418 1780 4473 orationibus
1791 4415 1839 4466 ned

1003 4477 1032 4527 et
1049 4474 1177 4544 psalmis,
1194 4476 1295 4531 horam
1313 4478 1476 4535 collationis
1489 4480 1540 4539 ita
1561 4491 1745 4560 temperans,
1762 4493 1838 4542 utne

1002 4545 1071 4626 solis
1093 4561 1222 4601 occasum
1245 4548 1363 4603 lectulus
1386 4552 1527 4609 membra
1554 4560 1697 4630 recipiat.
1716 4557 1837 4615 meaos

1002 4630 1079 4670 enrm
1095 4622 1138 4671 est
1148 4618 1228 4672 omni
1242 4623 1371 4689 tempora
1385 4635 1421 4674 ne
1436 4626 1538 4680 totam
1554 4628 1617 4684 diei
1629 4632 1731 4686 lucem
1745 4645 1798 4693 nox,
1809 4640 1835 4679 ιι

1001 4689 1116 4755 tequam
1132 4688 1287 4744 dormitum
1309 4693 1365 4752 ιιι,
1381 4691 1441 4745 suis
1455 4693 1597 4754 obducat
1614 4704 1757 4773 tenebris,
1769 4699 1834 4755 etta

1001 4757 1073 4812 mire
1087 4763 1206 4828 cogatur
1219 4775 1284 4815 cum
1298 4759 1415 4831 vigilare
1430 4762 1536 4823 debet.

1080 4829 1192 4884 CAPUT
1211 4830 1278 4885 XVl.
1297 4861 1331 4872 -
1349 4834 1388 4887 oe
1405 4833 1666 4906 quadragesimati
1679 4847 1788 4916 jejuna.

1036 4899 1076 4980 De
1091 4903 1221 4982 tempore
1240 4902 1482 4983 quadragesimali
1499 4908 1653 4982 locuturi,
1669 4918 1762 4988 primo
1779 4908 1830 4967 excel

998 4968 1117 5024 lenham
1138 4987 1200 5041 eJns
1221 4972 1363 5027 credrmus
1380 4981 1676 5042 commendandam.
1699 4988 1767 5044 Cum
1780 4982 1829 5038 nah

998 5045 1065 5121 stent
1079 5041 1307 5124 Christianorum
1319 5044 1442 5115 jejunia,
1457 5052 1611 5110 omnibus
1624 5061 1744 5114 excellit
1756 5053 1828 5129 quatu

998 5113 1134 5181 gesrmale
1163 5130 1303 5184 eJunrum,
1321 5114 1399 5187 quod
1417 5116 1525 5176 divina
1543 5130 1729 5185 auctoritate
1745 5122 1827 5184 norst

997 5129 1327 5263 gulistquiisuscumque
1387 5187 1496 5260 raonis,
1523 5209 1589 5251 non
1620 5199 1707 5256 illius
1732 5201 1771 5255 sel
1787 5194 1827 5250 pla·

997 5254 1106 5308 ordrurs
1119 5254 1296 5323 hominibus,
1309 5273 1338 5311 se
1371 5258 1516 5316 omnibus
1532 5264 1685 5326 indicitur
1698 5270 1826 5328 Christiut

996 5323 1086 5379 liabet
1100 5331 1196 5380 autam
1212 5327 1408 5383 testimonium
1424 5334 1622 5394 excellentiae
1639 5358 1660 5396 a
1674 5344 1756 5416 Lege,
1768 5337 1826 5394 alu

994 5395 1088 5464 phetis
1101 5401 1129 5450 ιι
1143 5398 1178 5451 ab
1194 5398 1356 5470 Evangelio.
1367 5400 1440 5454 Nam
1453 5401 1576 5476 Moyses
1588 5410 1726 5469 famulus
1740 5406 1825 5479 ιιιιιτιῐ

994 5464 1073 5519 navit
1088 5467 1392 5539 quadragintadiebus
1407 5476 1437 5526 ot
1452 5477 1670 5547 quadraginta
1685 5479 1826 5541 noctitias

995 5535 1088 5606 legem
1105 5539 1218 5594 Domini
1231 5541 1358 5612 accipere
1370 5551 1552 5606 moraretur.
1571 5552 1679 5611 Helias
1697 5559 1825 5619 ιιιιιιιηιι

994 5607 1158 5691 ριιιιιιιιιιιι
1174 5611 1371 5671 manducasset
1380 5611 1418 5667 de
1430 5630 1512 5685 pane
1527 5621 1743 5695 subcinericio,
1754 5630 1827 5696 squar

994 5677 1188 5749 quebrbrssat,
1221 5698 1286 5736 uam
1297 5682 1415 5754 angelus
1426 5684 1455 5739 ei
1467 5688 1724 5754 ministraverat·
1729 5685 1826 5770 jejuni

993 5749 1086 5819 quadr
1123 5750 1185 5834 iutu
1195 5698 1296 5836 diebus
1316 5758 1347 5808 ιι
1363 5754 1567 5841 quadraginta
1584 5740 1737 5834 accubui
1753 5769 1825 5822 ‘W

991 5833 1091 5876 vocem
1127 5836 1219 5879 omuu
1227 5823 1327 5882 andus
1335 5835 1514 5897 ammarum
1532 5832 1691 5899 Dominus
1699 5846 1729 5898 aa
1737 5835 1824 5896 sals&
