3884 6112
56 242 123 295 tlte

51 359 200 416 occidendi
215 376 309 427 causa,
323 360 400 430 quod
415 361 498 417 miles
512 362 692 419 deserturum
707 380 736 420 se
751 381 811 419 esse
820 364 900 435 jura·

50 433 101 487 vit.
116 433 198 486 Nunc
212 431 348 504 quoniam
364 432 468 487 scimus
481 433 550 505 quid
565 434 600 489 sit
614 451 709 505 causa,
726 436 795 508 quid
809 437 901 491 conti-

51 519 135 566 nens,
153 502 299 557 videamus
315 503 403 558 etiam
415 504 484 576 qnid
495 505 532 559 sit
546 505 580 560 de
593 522 650 577 quo
664 508 857 575 contenditur,
871 507 902 562 id

51 578 96 628 est
110 573 180 646 quid
194 573 232 627 sit
245 583 273 630 τὸ
287 580 438 655 κρινόμενον.
455 577 502 630 Est
516 580 612 631 autem
634 577 706 632 nihil
721 578 799 633 aliud
815 594 902 650 quam

51 645 214 715 exploratio
237 647 418 711 continentis,
439 657 482 701 τοῦ
496 655 647 719 οννδχοντος.
666 648 748 714 Quod
765 649 828 704 dico
848 651 905 704 tale

52 722 97 770 est
126 715 243 786 (etenim
268 717 298 771 in
323 719 424 771 eadem
446 720 639 773 controversia
661 719 904 790 perseverandum

51 791 135 860 puto,
162 803 218 858 quo
247 787 304 842 sint
333 787 472 843 lucidiora
486 806 552 860 quae
570 791 716 856 tradimus)
741 807 747 846 :
771 798 848 847 οδτιον
864 795 907 846 est

53 858 132 929 quod
148 857 252 912 occidit
264 858 383 913 militem
398 859 569 930 imperator‚·
580 868 686 933 συνέχον
698 866 750 928 est,
767 878 824 932 quo
841 878 905 916 reus

53 929 168 998 nititur,
184 928 213 983 id
227 935 271 983 est
284 930 355 985 ratio
374 936 491 1001 propter
511 949 599 1004 quam
620 949 650 986 se
668 933 804 988 occidisse
818 933 906 1001 dicit;

55 1005 99 1054 est
108 1004 205 1054 autem
215 1000 293 1070 quod
305 1001 386 1055 miles
395 1002 502 1072 juravit
515 1005 731 1060 sedeserturum
744 1021 750 1057 :
762 1011 906 1075 κρινόμενον

58 1075 111 1140 εεδ,
132 1071 306 1125 examinatio
319 1073 405 1143 hujus
429 1073 528 1143 ipsius,
555 1075 633 1148 quod
656 1075 691 1129 ad
711 1074 907 1131 defensionem

56 1157 125 1197 reus
139 1142 244 1196 attulit.
259 1143 291 1196 ln
307 1159 364 1214 quo
380 1144 420 1197 ita
455 1146 584 1216 nacitur,
598 1162 669 1201 aum
684 1146 741 1200 alia
752 1162 837 1201 causa
851 1147 906 1201 im·

56 1213 184 1285 peratori
196 1213 294 1281 fuerit,
311 1230 361 1268 cnr
375 1161 510 1270 occiderit
519 1219 641 1273 militem
657 1233 664 1271 ε
678 1221 707 1271 εδ
716 1217 769 1271 hoc
779 1218 908 1288 praetexi·

61 1289 116 1346 tur,
132 1290 164 1338 ut
179 1284 315 1344 videatur,
333 1301 391 1339 non
404 1286 471 1356 quia
480 1287 631 1358 juraverit,
646 1287 764 1354 occisus,
777 1288 826 1343 sed
840 1305 908 1360 qua·

58 1370 115 1426 que
128 1357 171 1410 vel
185 1355 337 1410 simultatis
347 1356 390 1409 vel
404 1358 521 1413 invidiae
531 1377 624 1415 causa.
637 1359 746 1413 Poterit
756 1359 841 1413 etiam
853 1363 907 1414 boc

58 1424 145 1480 modd
162 1426 296 1481 articulus
311 1427 363 1480 iste
378 1429 503 1493 tractavi,
519 1447 554 1484 an
569 1430 682 1485 etiamsi
694 1430 843 1500 jufaverit,
856 1447 906 1500 pa·

56 1512 124 1551 rum
132 1502 229 1552 δεωεη
240 1499 300 1552 haec
308 1498 384 1568 justa
394 1514 478 1553 causa
487 1501 584 1566 fuerit,
594 1517 645 1556 cur
654 1501 785 1555 debuerit
796 1501 887 1555 occidi
898 1517 904 1554 :

58 1572 86 1622 et
100 1572 160 1623 tota
175 1569 312 1639 perfectio
326 1570 412 1624 totius
426 1579 580 1645 συνέχοντος,
596 1571 672 1644 quod
686 1570 722 1625 ad
733 1576 809 1628 αἴτιον
824 1571 906 1626 afler-

57 1643 115 1706 tur,
126 1662 268 1710 κρινομενον
282 1645 408 1695 vocatur.
426 1643 525 1698 Evenit
538 1649 634 1698 temen
650 1658 865 1713 nonnunquam,
876 1646 907 1696 ut

58 1709 89 1765 in
115 1725 175 1764 nna
202 1712 395 1766 controversia
422 1729 480 1767 non
502 1716 587 1769 simul
615 1721 691 1769 οδτιον
707 1720 736 1768 εδ
750 1722 854 1785 συνέχον
878 1717 906 1766 εδ

57 1781 907 1924 tattlfftittllftttrattat-plaltstrl‘ltttlh

57 1895 235 1994 reipublicae,
250 1923 329 1993 quod
341 1938 442 1993 procos
458 1925 603 1980 occiderit.
624 1871 905 1994 llicenimyataovest,

57 1994 136 2065 quod
151 1992 299 2057 occiderit3
317 2000 429 2066 σύνεχον,
446 1996 524 2066 quod
538 2012 586 2051 eos
599 1995 649 2076 qui
660 1995 736 2050 bona
750 2012 802 2050 sua
817 1995 904 2067 depo·

57 2064 241 2136 palabantur,
253 2068 281 2118 et
293 2063 437 2145 pudicitiae
454 2066 548 2121 uxoris
556 2066 776 2147 insidiabantur,
788 2067 903 2147 occidit3

57 2137 907 2279 :tlfeattttttflltlttuttaPalatitltttfttt:

79 2276 127 2331 uid
150 2293 186 2332 ne
206 2277 328 2348 pessime
372 2277 469 2333 uideni
484 2279 519 2334 de
538 2296 568 2334 se
583 2279 709 2342 meritos,
725 2278 906 2334 indemnatos

57 2293 190 2403 debuerit
202 2346 347 2402 occidere?
384 2348 468 2404 einde
483 2349 519 2405 ad
534 2351 588 2405 hoc
597 2357 748 2423 κρινόμενον,
760 2349 838 2405 alind
850 2373 906 2405 ουν-

57 2426 117 2491 δχον
133 2419 216 2474 allert
230 2420 351 2490 Ulysscs,
367 2435 424 2490 quo
439 2420 515 2475 dicat
533 2437 562 2476 se
575 2422 657 2492 jussu
674 2422 805 2475 Minervae
819 2421 905 2474 inter·

57 2490 171 2546 emisse.
187 2490 292 2545 Deinde
307 2490 342 2544 ad
357 2491 410 2544 hoc
417 2491 512 2561 ipsum
526 2501 630 2565 οονέχον
640 2493 832 2563 δὶδνρινομονον,
847 2507 905 2616 quo

57 2561 198 2632 quaritur
212 2566 377 2615 utrumnam
390 2566 507 2632 propter
518 2564 632 2634 jussum
646 2563 777 2617 hlinervae
790 2562 850 2617 occi
872 2578 904 2615 a·

56 2632 105 2698 rit,
126 2632 198 2686 etin
212 2633 261 2686 tali
276 2649 306 2686 re
317 2648 353 2686 ne
368 2633 499 2687 llinervae
509 2634 627 2705 quidem
642 2634 839 2705 obtemperare
855 2632 905 2687 de·

57 2703 161 2757 buerit.
192 2704 237 2756 Est
257 2709 353 2757 autem
371 2711 447 2759 αἴτιον
463 2705 596 2776 proprius
622 2703 793 2759 accusatoris
814 2704 905 2774 locus,

57 2783 162 2847 συνέχον
173 2774 341 2839 defensoris,
354 2774 497 2837 κρινόμενον
512 2777 660 2847 utriusque
675 2790 838 2829 commune.

182 2846 294 2900 CAPUT
314 2846 385 2900 vttl.
398 2875 430 2887 -
447 2847 521 2902 Medi
528 2849 779 2901 controversiarum.

94 2915 219 2971 Subinde
245 2916 396 2970 dicendum
418 2923 499 2987 puto,
523 2917 764 2987 quemadmodum
788 2919 817 2969 et
837 2917 907 2986 quot

57 2988 149 3043 modis
186 2989 377 3041 controversia
402 2994 536 3050 ἀούοτατος
558 2988 617 3042 frat.
641 2987 764 3042 Tametsi
789 3002 825 3040 ne
850 2985 905 3040 dici

58 3059 175 3131 quidem
199 3059 404 3112 controversias
427 3063 550 3129 oportet,
574 3073 639 3130 quae
662 3063 767 3113 statum
784 3072 843 3110 non
858 3057 906 3110 ha·

58 3130 135 3196 beut,
158 3129 206 3183 sed
221 3135 350 3199 πλέγματα
366 3129 584 3197 irrationabilia,
605 3129 636 3184 id
656 3133 699 3184 est
719 3137 806 3199 ἄλογοι.
823 3127 907 3208 l'iunt

58 3206 155 3256 autem
179 3208 303 3256 ἀσύστατον
328 3201 419 3254 modis
443 3206 567 3273 quatuor
586 3216 701 3255 :unum
716 3216 782 3255 cum
796 3197 906 3269 ahquid

58 3271 138 3326 deest
161 3288 194 3326 ex
209 3272 444 3326 circumstantia:
465 3288 530 3344 quas
553 3276 649 3326 autem
670 3271 712 3325 vis
735 3272 772 3325 sit
787 3272 907 3325 circum-

59 3343 182 3410 stantiae,
198 3348 330 3413 utsupra
346 3342 484 3411 dixirnus;
500 3343 531 3398 id
545 3346 587 3397 est
601 3359 666 3397 cum
707 3340 905 3407 uaestionibus,

58 3419 110 3467 aut
131 3429 227 3479 causa,
242 3422 292 3467 aut
306 3429 437 3484 persona,
454 3420 502 3468 aut
514 3415 602 3480 locus,
618 3419 668 3468 aut
682 3359 790 3485 §iquid
805 3427 906 3466 eorum

58 3483 149 3551 deest,
164 3486 268 3557 quibas
283 3485 357 3540 ellici
372 3485 617 3540 circumstantiam
630 3484 764 3538 diximus.
781 3485 841 3538 lloc
855 3499 907 3537 au-

57 3559 117 3610 tem
130 3572 221 3627 genus
235 3555 352 3626 asystati
362 3555 393 3609 in
407 3555 602 3611 scholasticam
618 3555 767 3609 materiam
781 3569 840 3609 non
854 3570 907 3624 po-

57 3631 113 3682 test
128 3629 238 3694 cudere,
253 3627 357 3681 idcirco
368 3630 436 3697 quia
445 3642 505 3682 esse
517 3642 575 3680 non
588 3626 692 3697 poterit
705 3626 797 3680 ullum
810 3624 907 3679 thema

58 3697 207 3755 deficiente
229 3697 450 3752 circumstantia.
474 3699 506 3753 ln
526 3697 644 3752 veritate
658 3701 754 3751 tamen
769 3710 906 3750 nonnun-

57 3785 146 3894 quam
161 3769 266 3835 evenit,
292 3773 323 3823 ut
345 3768 453 3840 aliquid
475 3769 578 3823 horum
592 3768 674 3834 desit,
691 3771 781 3838 etper
793 3766 906 3837 impru-

78 3840 184 3895 entiam
207 3839 309 3895 actoris
337 3840 488 3911 profligata
510 3856 596 3894 causa
618 3838 749 3895 veniatur
772 3839 808 3893 ad
828 3837 905 3908 jndi-

57 3926 129 3965 cem.
160 3911 238 3967 Alter
266 3916 308 3965 est
336 3913 437 3966 modus
467 3911 592 3983 asystati,
619 3926 705 3982 quem
733 3921 786 3966 κατ’
806 3915 907 3975 toea-qu

56 3982 211 4053 appellant.
226 3984 281 4037 Nos
292 3988 388 4037 tamen
404 3983 427 4037 si
440 3999 544 4038 nornen
557 3982 678 4037 latinum
689 3981 756 4035 dare
773 3997 831 4035 non
841 3996 906 4050 pos-

57 4069 167 4120 sumus,
189 4059 286 4107 tamen
305 4053 363 4107 vim
391 4054 551 4124 intelligere
570 4054 729 4107 debemus:
753 4067 820 4105 narn
840 4067 906 4105 cum

56 4124 157 4178 eadem
182 4124 317 4195 utrinque
336 4124 480 4192 dicuntur,
497 4128 524 4178 et
538 4124 616 4178 nulla
630 4140 671 4188 rc,
689 4138 724 4175 ue
738 4138 826 4191 parva
838 4122 906 4192 qui-

56 4194 134 4262 dem,
150 4194 360 4262 discernuntur,
376 4201 472 4249 tamen
486 4193 651 4264 hujusmodi
665 4199 772 4261 πλέγμα,
788 4197 906 4271 propter

56 4266 252 4336 aequalitatem
265 4266 414 4337 utriusque
428 4267 528 4337 partis,
543 4270 648 4318 statum
661 4263 798 4332 implicat.
814 4263 849 4316 Ut
862 4277 905 4316 vr·

56 4337 114 4390 cini
137 4336 351 4400 adolescentuli,
380 4336 431 4408 qui
458 4335 598 4406 speciosas
626 4349 728 4388 uxores
750 4332 904 4413 habebant,

56 4412 144 4463 noctu
166 4411 237 4463 alter
252 4408 374 4463 alterum
393 4407 508 4462 obvium
523 4405 695 4470 habuerunt,
711 4407 844 4457 accusant
858 4419 903 4457 rn-

19 4470 24 4478 ’
55 4477 148 4533 vicem
169 4478 303 4534 adulterii
330 4495 336 4533 :
362 4495 428 4532 narn
444 4476 584 4600 quidquid
599 4476 688 4554 altera
701 4491 768 4545 pars
791 4475 903 4541 dixerit,

56 4548 110 4602 hoc
124 4551 212 4603 altera
232 4549 306 4604 dicat
319 4564 434 4603 necesse
444 4555 496 4602 est.
536 4546 577 4600 eri
592 4546 685 4600 simile
700 4551 783 4599 astte
799 4545 906 4599 adulte-

55 4618 133 4673 rium
154 4619 276 4674 voluisse
302 4619 490 4684 committere,
520 4616 588 4688 quia
616 4618 777 4671 adolescens
798 4631 838 4669 es.
867 4616 905 4671 Te

58 4704 174 4761 quoque
188 4690 248 4744 veri
271 4690 363 4744 simile
385 4694 425 4744 est
446 4687 580 4755 voluisse,
600 4688 668 4759 quia
685 4687 849 4742 adolescens
864 4703 904 4742 es.

57 4760 122 4814 Veri
137 4760 230 4815 simile
242 4765 296 4828 est,
311 4760 379 4831 quia
392 4759 549 4831 speciosam
562 4775 680 4815 uxorem
690 4758 830 4813 habeo‘le
839 4774 907 4828 quo·

57 4846 113 4902 que
128 4832 188 4886 veri
202 4830 294 4885 simile
305 4835 357 4898 est,
372 4832 441 4901 quia
456 4835 483 4884 et
496 4847 548 4902 ego
563 4829 719 4901 speciosam
730 4845 846 4883 uxorem
858 4829 906 4883 ha-

55 4903 119 4957 beo.
137 4902 310 4957 Facultatem
329 4901 382 4955 tibi
395 4901 524 4956 vicinitas
542 4901 675 4973 praebuit.
691 4902 725 4956 Et
738 4900 791 4955 tibi
805 4900 904 4955 eadem

55 4973 186 5028 vicinitas
196 4972 319 5043 praebuit
328 4972 503 5027 facultatem.
515 4973 572 5026 Cur
586 4976 668 5026 nocte
679 4971 708 5026 in
725 4972 789 5025 me?
805 4972 861 5027 Cur
872 4975 905 5026 tu

56 5049 152 5099 eutem
168 5045 198 5099 in
213 5060 258 5097 me
275 5043 419 5098 incidisti?
432 5043 508 5098 Nihil
517 5043 643 5115 estquod
657 5042 866 5113 distinguatur;
877 5047 906 5097 et

56 5115 161 5170 idcirco
180 5119 244 5169 uter
258 5131 358 5169 eorum
374 5114 432 5169 sive
446 5119 560 5169 accusat
574 5115 707 5179 alterum,
724 5129 753 5167 se
767 5112 905 5167 crimina-

56 5190 118 5252 tur;
135 5186 192 5241 sive
206 5202 235 5240 se
249 5190 362 5256 purgat,
383 5185 510 5240 defendit
522 5202 589 5240 eum
601 5200 688 5257 quern
701 5183 848 5238 criminari
863 5184 906 5238 vi-

56 5258 148 5313 detur.
177 5257 303 5312 Tertium
332 5261 375 5312 est
398 5256 514 5326 asystati
537 5273 638 5328 genus,
654 5255 731 5327 quod
747 5254 837 5310 Graeci
851 5262 904 5310 aab·

56 5335 225 5401 δτερομέρονον
237 5327 424 5453 appellantid
432 5333 475 5382 est
484 5328 642 5383 secundum
652 5328 772 5408 alteram
780 5329 903 5396 partem,

56 5416 121 5455 cum
136 5417 185 5455 reo
201 5400 248 5455 nul
264 5416 279 5454 a
293 5399 419 5454 defensio
435 5404 487 5466 est,
511 5403 539 5453 et
553 5404 603 5454 aut
621 5399 699 5452 color
713 5414 743 5451 ω
757 5397 829 5451 lacto
844 5413 904 5452 non

55 5471 209 5540 invenitur,
240 5476 289 5526 aut
319 5486 423 5541 parum
461 5469 617 5541 probabilis
644 5469 723 5523 color
749 5467 901 5524 invenitur.

59 5543 135 5597 Unde
150 5545 237 5599 etiam
256 5544 436 5598 Democrates
456 5546 614 5613 preceptor
630 5556 711 5594 meus
726 5539 826 5595 solitus
844 5543 905 5596 erat

56 5612 161 5678 dicere,
178 5630 225 5669 eas
245 5614 331 5670 etiarn
354 5614 573 5680 controversias,
589 5610 738 5683 inquibus
760 5611 840 5665 color
852 5611 904 5667 diu

56 5685 206 5756 quaeritur,
219 5691 325 5741 statum
336 5701 394 5739 non
405 5683 521 5740 habere.
536 5684 641 5739 Varum
651 5683 700 5738 ille
709 5681 901 5750 constantius;

55 5772 119 5824 uos,
133 5755 157 5811 si
172 5756 307 5813 alteratur
319 5755 428 5828 aliquid
440 5756 476 5812 ed
485 5753 682 5814 defensionem
695 5754 739 5812 vel
753 5752 904 5811 mediocri·

837 243 1031 300 acrabbin.

1744 253 1811 308 talo

955 368 999 420 ter
1017 364 1176 435 probabile,
1199 365 1387 422 admittimus.
1402 367 1456 422 Sed
1477 369 1501 421 si
1521 369 1667 426 evidenter
1682 372 1811 429 confessa

956 453 1040 491 causa
1054 443 1105 503 est,
1121 442 1153 491 ut
1166 442 1279 507 oportet
1293 438 1450 493 secundnm
1472 440 1695 498 heteromeriam
1708 445 1808 516 'explo-

956 507 1069 563 damus.
1084 509 1297 579 Nonnunquam
1312 509 1441 564 incidunt
1451 511 1635 581 questiones,
1647 515 1809 570 maximein

958 579 1087 645 veritate,
1112 595 1176 651 quae
1197 595 1339 634 summam
1355 582 1522 648 accusatori,
1544 585 1653 638 nullam
1677 600 1727 639 reo
1752 586 1808 641 lar-

958 649 1078 720 giuntur
1088 650 1250 706 facultatem
1268 668 1275 705 ε
1291 666 1389 706 verum
1404 668 1451 706 eas
1467 669 1524 708 non
1540 656 1810 722 controversias,sed

958 737 1125 776 communes
1141 722 1216 776 locos
1230 721 1351 777 dicimus
1367 739 1373 777 :
1391 723 1498 794 quippe
1513 729 1556 778 est
1568 725 1599 778 in
1611 726 1657 780 his
1668 742 1728 781 non
1741 743 1811 798 pro·

958 790 1036 847 batia
1051 793 1190 860 criminis,
1205 793 1254 847 sed
1266 798 1297 847 ut
1308 795 1338 846 in
1352 809 1518 865 expressum
1533 800 1619 866 atque
1635 797 1752 853 evidens
1767 798 1811 852 fa·

959 862 1040 917 ciuus
1055 864 1209 934 expressio.
1235 864 1358 928 Quartus
1372 870 1414 918 est
1434 865 1537 920 modus
1551 867 1668 937 asystati
1682 869 1726 923 vel
1739 868 1809 923 cali-

960 933 1177 1004 ginosissimas,
1203 935 1273 990 adeo
1307 940 1339 989 ηδ
1366 952 1575 1007 nonnunquam
1603 937 1693 991 doctis
1721 939 1810 994 etiam

960 1005 1124 1060 bominibus
1147 1006 1236 1060 soleat
1259 1005 1405 1076 obrepere.
1434 1008 1524 1062 llabet
1544 1007 1621 1062 euim
1636 1010 1811 1065 nonnullam

960 1077 1083 1146 speciem
1096 1076 1261 1202 <probabilis
1283 1076 1521 1149 consistentisque
1544 1079 1680 1133 materiae.
1702 1080 1740 1134 Ea
1767 1083 1812 1135 est

959 1146 1094 1217 hujusmo
1116 1148 1134 1211 i,
1147 1148 1176 1201 in
1191 1164 1248 1219 qua
1259 1148 1347 1218 judex
1357 1148 1482 1202 fereudae
1499 1151 1648 1204 sententiae
1668 1151 1810 1206 rationem

961 1220 1108 1288 explorare
1121 1234 1181 1273 non
1195 1223 1289 1289 potest
1313 1236 1319 1273 :
1342 1219 1396 1273 hoc
1417 1220 1506 1274 Graeci
1520 1229 1611 1292 δίπορον
1627 1227 1739 1276 vocant.
1754 1221 1810 1277 Sed

960 1289 1144 1359 subjiciamus
1157 1290 1320 1361 exemplum
1336 1305 1344 1342 ι
1358 1290 1475 1344 Petebat
1484 1292 1520 1345 ab
1531 1293 1585 1344 alio
1597 1308 1713 1346 usuram
1723 1291 1810 1365 quasi

959 1360 1090 1484 pecunia
1105 1360 1219 1414 credita
1238 1377 1244 1413 :
1261 1361 1309 1413 ille
1324 1361 1465 1431 accepisse
1480 1378 1509 1415 se
1525 1364 1675 1432 pecuniam
1689 1362 1810 1418 conlite-

980 1437 1055 1498 atnr,
1083 1431 1130 1485 sed
1152 1431 1327 1500 depositam;
1348 1437 1377 1484 et
1398 1431 1503 1484 idcirco
1524 1434 1594 1486 velle
1610 1449 1639 1486 se
1659 1434 1810 1489 restituere

960 1506 1067 1555 sortem
1086 1501 1147 1554 sine
1170 1517 1265 1556 usura.
1286 1501 1431 1555 Pandente
1453 1501 1563 1556 interea
1580 1504 1699 1573 judicio,
1715 1504 1759 1559 lex
1774 1504 1809 1560 de

960 1572 1040 1626 novis
1063 1571 1168 1626 tabulis
1192 1574 1247 1626 lata
1271 1577 1313 1627 est
1335 1588 1341 1626 :
1363 1573 1527 1642 repetitille
1542 1575 1623 1644 quasi
1638 1574 1807 1646 depositam,

959 1641 1008 1695 ille
1026 1642 1131 1697 retinet
1145 1642 1227 1712 quasi
1242 1643 1389 1696 creditam.
1415 1644 1477 1697 Non
1492 1643 1568 1697 enim
1588 1644 1671 1699 video
1687 1645 1758 1716 quid
1772 1645 1810 1701 sit

959 1711 1016 1778 hie,
1041 1712 1117 1782 quod
1144 1713 1174 1766 iu
1193 1712 1334 1767 sententia
1354 1713 1471 1767 ferenda
1492 1714 1579 1784 judex
1601 1715 1682 1785 sequi
1709 1716 1808 1786 possit,

959 1797 1024 1836 cum
1039 1783 1146 1853 petitor
1166 1782 1244 1837 idem
1263 1783 1409 1838 interdum
1424 1784 1587 1852 credidisse,
1601 1786 1747 1841 interdum
1762 1788 1811 1840 de·

958 1852 1086 1924 posuisse
1101 1870 1130 1907 se
1146 1854 1235 1922 dicat;
1250 1857 1278 1908 et
1290 1853 1338 1908 ille
1353 1855 1425 1908 alter
1437 1854 1581 1909 interdurn
1592 1855 1752 1926 depositam
1767 1873 1811 1911 aa·

959 1924 1078 1994 cepisse,
1103 1925 1250 1979 interdum
1277 1925 1413 1979 creditam
1436 1941 1443 1979 :
1469 1929 1497 1979 et
1519 1931 1685 1981 neutersua
1699 1926 1807 1997 priore,
1840 1922 1842 1933 ’
1899 1954 1905 1963 ·

960 1995 1009 2050 sed
1028 2000 1149 2064 uterque
1171 1996 1243 2050 alter
1257 1996 1374 2052 alterius
1388 1996 1532 2065 praeterita
1546 1996 1687 2052 sententia
1702 2002 1808 2054 utatur.

1049 2067 1162 2121 CAPUT
1182 2067 1225 2122 lll.
1241 2096 1276 2107 -
1293 2067 1336 2121 De
1351 2069 1448 2192 ssquris
1463 2070 1715 2123 controversiarum.

995 2136 1140 2192 Pertinere
1155 2137 1243 2192 etiam
1258 2137 1348 2192 nonni
1372 2138 1391 2192 il
1403 2139 1438 2192 ad
1452 2154 1513 2192 rena
1528 2138 1639 2194 videtur
1651 2139 1723 2195 scire
1735 2138 1810 2212 fign-

958 2221 1006 2261 ras
1031 2208 1302 2275 controversiarum,
1330 2209 1433 2280 quibus
1456 2208 1579 2264 invicem
1603 2209 1726 2279 differat,
1751 2227 1809 2282 quo

959 2276 1051 2348 magis
1064 2277 1094 2332 in
1109 2278 1233 2333 evidenti
1243 2279 1290 2345 sit,
1300 2280 1543 2350 quemadmodum
1556 2296 1701 2352 quemque
1711 2285 1812 2336 tracte·

960 2364 1033 2403 mus.
1049 2349 1121 2404 Sunt
1134 2349 1221 2419 igitur
1236 2351 1372 2415 themata,
1389 2349 1473 2404 idest
1488 2351 1588 2421 ligura}
1601 2352 1808 2406 controversia·

960 2434 1036 2485 rum,
1062 2426 1187 2490 quatuor
1211 2426 1345 2487 tabentes,
1371 2419 1451 2491 quod
1478 2437 1529 2475 nos
1555 2421 1701 2493 opinionis
1728 2423 1811 2477 bonae

959 2505 1110 2560 possumus
1137 2491 1246 2557 dicere;
1267 2496 1407 2562 ἀμφίδοξον,
1431 2491 1507 2562 quod
1528 2508 1580 2546 nos
1605 2492 1750 2564 opinionis
1778 2509 1811 2547 ex

960 2565 1092 2631 utroque,
1115 2561 1192 2615 bono
1217 2578 1248 2616 ac
1273 2562 1360 2627 malo,
1380 2563 1506 2616 confusae
1521 2579 1675 2633 possumus
1689 2563 1809 2619 dicere:

959 2639 1104 2703 παράδοξον,
1116 2632 1194 2703 quad
1209 2648 1261 2685 nos
1276 2632 1421 2701 opinionis
1433 2633 1517 2686 malae
1531 2650 1684 2705 possumus
1699 2635 1811 2702 dicere;

959 2704 1072 2756 tametsi
1100 2702 1215 2772 quidam
1239 2718 1341 2773 parum
1365 2701 1519 2772 diligenter
1535 2720 1626 2772 graece
1648 2706 1809 2774 loquentes,
1849 2734 1855 2739 ·

960 2773 1125 2897 paradoxon
1135 2788 1187 2842 pro
1198 2772 1242 2826 his
1253 2789 1317 2844 quas
1328 2779 1395 2826 sunt
1404 2774 1487 2826 bona
1498 2775 1808 2846 opinionis,accipiunt.

985 2843 1039 2898 nde
1063 2844 1147 2913 vulgo
1171 2843 1258 2897 etiam
1277 2843 1488 2913 Olympionicas
1512 2848 1541 2898 et
1559 2850 1675 2899 caeteros
1690 2846 1810 2900 victores

960 2929 1107 2969 sacrorum
1121 2913 1319 2984 certaminum,
1335 2914 1493 2984 paradoxos
1506 2920 1616 2982 vocant,
1634 2915 1724 2987 magis
1745 2932 1811 2971 con·

960 2985 1110 3039 suetudine
1124 3001 1211 3056 quam
1223 2985 1334 3039 ratione
1350 2985 1427 3039 ducti
1445 3002 1451 3040 :
1470 3001 1547 3052 nam,
1561 2991 1593 3040 ut
1608 2986 1809 3059 opinonaapt·

960 3062 1028 3123 δοξον
1051 3061 1104 3122 εεδ,
1121 3057 1197 3127 quod
1221 3061 1264 3110 est
1276 3066 1343 3128 παρὰ
1356 3067 1401 3124 τὴν
1416 3063 1495 3126 δόξαν,
1513 3057 1542 3111 id
1566 3062 1609 3112 est
1626 3062 1725 3112 contra
1746 3059 1809 3139 opi·

959 3127 1076 3181 nionem
1098 3128 1212 3182 bonam.
1237 3128 1363 3198 lienique
1386 3128 1450 3182 licet
1464 3130 1533 3182 alias
1551 3129 1681 3200 vulgares
1698 3127 1809 3201 sigmll·

960 3198 1086 3253 cationes
1106 3198 1229 3269 probare
1249 3199 1382 3253 malimus
1395 3199 1479 3269 hujus
1494 3200 1629 3269 nominis,
1646 3205 1742 3254 tamen
1754 3200 1810 3256 hoc

960 3268 1033 3334 loco,
1050 3274 1083 3324 ut
1096 3270 1187 3324 multa
1201 3285 1274 3324 nova
1290 3275 1349 3324 tam
1363 3286 1380 3324 a
1395 3271 1530 3326 technicis
1544 3276 1573 3326 et
1587 3271 1808 3342 mathematicis,

961 3356 1047 3411 quarn
1071 3358 1087 3394 a
1109 3340 1287 3412 philosophis
1306 3343 1556 3411 cognominantur,
1581 3342 1708 3414 accipere
1723 3342 1808 3398 debe·

960 3427 1024 3465 mus
1036 3427 1096 3466 non
1111 3417 1170 3465 tam
1185 3427 1237 3482 pro
1253 3411 1337 3466 solito
1351 3429 1404 3467 usu
1420 3413 1645 3480 consuetudinis,
1653 3429 1741 3484 quam
1755 3429 1808 3484 pro

960 3481 1124 3537 conditione
1139 3483 1284 3553 praecepti.
1301 3483 1407 3547 Quarta
1420 3489 1462 3538 est
1476 3483 1584 3554 species
1601 3483 1807 3551 controversiae,

960 3568 1026 3625 quae
1051 3568 1143 3631 graece
1168 3560 1250 3621 ᾶδοξος
1274 3553 1388 3620 dicitur,
1410 3571 1498 3626 quam
1521 3570 1574 3608 nos
1592 3570 1651 3608 non
1673 3557 1706 3608 ut
1724 3555 1809 3627 vulgo

960 3625 1044 3678 malae
1059 3624 1215 3695 opinionis,
1227 3624 1276 3679 sed
1291 3624 1399 3679 nullius
1416 3624 1562 3695 opinionis
1577 3624 1709 3690 dicimus,
1723 3624 1753 3679 id
1767 3629 1810 3681 est

959 3695 1101 3750 humilem
1116 3699 1145 3750 et
1166 3695 1319 3751 sordidam.
1346 3695 1401 3750 Sed
1417 3696 1563 3751 evidenter
1581 3696 1641 3749 haec
1655 3696 1808 3767 propositis

961 3767 1098 3836 exemplis
1124 3766 1283 3837 liquebunt.
1300 3774 1398 3835 Εὔδοξος
1424 3766 1618 3822 controversia
1643 3766 1809 3836 huyusmodi

961 3840 1011 3901 est,
1028 3836 1059 3890 in
1072 3852 1129 3917 qua
1143 3842 1201 3891 tam
1218 3854 1339 3909 persona
1361 3855 1448 3909 qnam
1466 3854 1511 3892 res
1526 3842 1568 3892 est
1582 3838 1700 3892 honesta
1712 3855 1720 3904 ;
1732 3837 1810 3893 velut

961 3907 1054 3980 Scipio
1068 3907 1148 3962 victis
1162 3909 1256 3963 Ptenis
1273 3910 1388 3980 petitia
1411 3909 1563 3980 praemium
1584 3914 1617 3964 ut
1639 3912 1747 3979 spectet
1766 3909 1809 3963 lu·

960 3979 1011 4035 dos
1024 3979 1121 4033 laurea
1136 3988 1289 4034 coronatus
1305 3997 1311 4034 :
1326 3985 1354 4035 et
1367 3997 1490 4061 persona
1506 3983 1625 4036 honesta
1644 3986 1686 4033 est
1700 3979 1809 4050 Scipio·

960 4050 1016 4112 nis,
1031 4054 1059 4104 εδ
1074 4049 1150 4121 quod
1166 4051 1272 4119 petitur
1291 4067 1349 4105 non
1368 4052 1544 4122 improbum.
1560 4058 1697 4122 ’δμρίδοξος
1713 4056 1764 4117 εεδ,
1779 4051 1809 4104 in

961 4136 1018 4192 qua
1040 4120 1084 4174 vel
1099 4121 1280 4174 honestatem
1295 4136 1425 4190 personas
1441 4121 1589 4192 turpitudo
1613 4121 1653 4175 rei
1669 4122 1807 4188 maculat;

959 4191 1037 4245 velut
1059 4190 1083 4243 si
1101 4190 1177 4244 idem
1200 4190 1294 4261 Scipio
1319 4197 1397 4263 petat
1419 4193 1531 4264 praemii
1546 4192 1662 4246 nomine
1685 4196 1808 4246 mortem

959 4260 1065 4316 Tiberii
1084 4260 1182 4314 Asellii
1207 4277 1214 4315 :
1239 4278 1307 4316 nam
1330 4264 1461 4334 petitoris
1479 4279 1601 4335 persona
1616 4264 1734 4317 honesta
1749 4266 1807 4329 est;

960 4331 1038 4404 quod
1052 4336 1148 4385 autem
1161 4331 1270 4403 petitur
1289 4334 1482 4389 inhonestum.
1502 4334 1550 4388 Vel
1564 4338 1674 4396 contra,
1691 4332 1714 4386 si
1727 4332 1808 4387 abdi·

960 4410 1038 4458 catus
1050 4402 1162 4458 fortiter
1172 4403 1280 4472 fecerit,
1296 4409 1324 4460 et
1334 4412 1413 4477 petat
1427 4405 1538 4477 praemii
1553 4404 1668 4459 nomine
1683 4404 1807 4460 reditum

959 4473 989 4528 in
1005 4474 1123 4528 domum
1144 4474 1232 4545 patris
1248 4493 1254 4530 :
1271 4493 1394 4547 persona
1409 4493 1473 4546 quae
1492 4476 1572 4545 petit,
1592 4476 1742 4529 inhonesta
1756 4477 1808 4531 ab·

959 4544 1061 4612 dicati;
1076 4561 1121 4600 res
1136 4561 1222 4617 quern
1239 4547 1320 4618 petit,
1336 4547 1456 4601 honesta
1479 4552 1509 4599 ut
1529 4545 1559 4600 in
1582 4546 1700 4600 domum
1717 4546 1807 4616 patris

958 4616 1064 4670 redeat.
1076 4624 1216 4688 Παράδοξον
1231 4624 1274 4672 est
1287 4617 1486 4672 controversie
1499 4632 1600 4687 genus,
1613 4622 1644 4670 ut
1658 4631 1744 4687 supra
1758 4617 1807 4672 de·

959 4685 1138 4754 liniebam,in
1149 4704 1206 4758 quo
1218 4693 1338 4758 utraque
1351 4694 1417 4743 sunt
1428 4688 1650 4754 inhonestatem
1664 4703 1708 4741 res
1719 4704 1806 4759 quam

959 4773 1092 4829 persona,
1117 4760 1195 4813 velut
1217 4758 1405 4828 impudicitiae
1425 4776 1491 4813 reus
1514 4758 1625 4813 fortiter
1639 4758 1714 4824 fecit,
1736 4761 1808 4830 petit

958 4829 1070 4900 praemii
1081 4829 1198 4883 nomine
1214 4829 1383 4883 accusatoris
1398 4829 1442 4885 sni
1457 4834 1580 4884 mortem
1595 4845 1602 4884 ε
1618 4845 1686 4883 nam
1701 4834 1730 4884 et
1746 4846 1808 4900 per-

958 4915 1028 4954 sona
1043 4900 1166 4971 petentis
1176 4899 1326 4954 inhonesta
1340 4905 1391 4966 est,
1407 4900 1548 4971 siquidem
1561 4899 1616 4954 fuit
1630 4916 1696 4954 rcus
1711 4900 1806 4971 impu-

958 4970 1072 5038 dicitiae,
1088 4970 1202 5025 tametsi
1217 4971 1323 5044 aliquid
1339 4970 1512 5042 turpitudini
1525 4971 1714 5043 derogaverit,
1730 4976 1806 5040 quod

957 5041 1069 5097 fortiter
1087 5041 1167 5109 fecit3
1192 5045 1221 5096 et
1234 5058 1279 5097 res
1294 5058 1381 5114 quam
1395 5043 1476 5123 petit,
1492 5043 1632 5115 improba.
1648 5038 1807 5107 avocavere

958 5112 1158 5167 controversiae
1172 5128 1263 5183 genus
1278 5114 1340 5168 sine
1355 5113 1489 5183 opinione
1504 5120 1637 5186 utraque,
1653 5115 1762 5171 humile
1778 5122 1807 5173 et

958 5183 1115 5239 sordidum.
1132 5184 1244 5254 Pauper
1257 5183 1428 5239 vestimenta
1440 5184 1596 5252 vendebat;
1611 5185 1717 5240 exstitit
1731 5186 1806 5243 alius

957 5270 1077 5326 pauper,
1094 5255 1144 5326 qui
1158 5254 1314 5310 vindicaret
1326 5271 1369 5322 ea,
1383 5259 1412 5310 εδ
1424 5254 1500 5310 furto
1514 5254 1608 5309 ablata
1622 5255 1675 5309 sibi
1689 5272 1751 5313 esse
1765 5258 1806 5313 di·

958 5331 1035 5380 cerat
1052 5341 1059 5379 :
1072 5325 1119 5379 ille
1130 5325 1260 5380 venditor
1273 5326 1323 5394 ait,
1339 5343 1368 5381 se
1381 5328 1416 5381 ab
1431 5326 1561 5381 adultero
1572 5324 1749 5394 deprehenso
1756 5328 1807 5385 illa

957 5396 1128 5451 vestimenta
1141 5397 1295 5452 detraxisse
1311 5415 1318 5453 ι
1335 5397 1458 5452 invicem
1473 5400 1614 5461 accusant,
1630 5396 1678 5451 ille
1693 5400 1808 5456 adulte-

958 5467 1004 5533 rii,
1032 5467 1078 5522 hic
1105 5468 1184 5523 furti.
1215 5468 1265 5523 llic
1283 5469 1361 5524 enim
1377 5474 1405 5523 et
1434 5482 1563 5540 personae
1584 5466 1709 5524 humiles
1736 5487 1806 5543 pau·

958 5553 1071 5610 perum,
1098 5543 1127 5594 et
1155 5555 1200 5593 res
1230 5555 1295 5611 quie
1319 5541 1452 5595 videntur
1478 5537 1577 5594 fecisse
1603 5541 1804 5611 questionem,

958 5609 1084 5679 abjectae,
1109 5610 1345 5666 vestimentorum
1373 5610 1524 5665 vindicatio
1552 5613 1581 5663 et
1606 5611 1714 5681 agnitio
1740 5630 1747 5669 :
1776 5621 1806 5672 et

957 5696 1124 5753 quanquam
1151 5681 1337 5739 intervenerit
1363 5681 1471 5738 crimen
1496 5680 1630 5737 adulterii
1650 5698 1709 5741 nou
1725 5687 1804 5758 abje-

956 5756 1035 5809 ctum
1057 5756 1155 5809 δεωεη
1173 5753 1241 5827 quia
1263 5754 1347 5826 plura
1365 5758 1432 5810 sunt
1445 5758 1511 5812 ante
1523 5763 1665 5831 περίστασιν
1684 5757 1807 5816 humilia
