3884 6112
377 299 519 357 CONTRA
539 301 780 372 scansilibus
800 303 827 360 S.
849 303 1043 364 AUGUSTlNl
1064 306 1170 365 LIBER
1190 311 1334 369 PRIMUS·
1678 322 1729 375 906

73 420 130 472 rim
144 418 241 486 diqnos
257 424 313 474 tam
327 423 476 477 venerabili
489 427 613 491 nomine3
629 426 775 482 reducendi
790 430 859 483 milii
873 430 1002 486 uidentur
1018 433 1149 501 homines,
1165 437 1190 489 si
1205 450 1271 504 quos
1289 438 1514 496 Academicorum
1527 457 1576 511 per
1590 444 1731 499 uerborum

73 511 120 561 um
134 524 150 561 n
165 523 257 562 rerum
268 510 498 578 comprehensione
509 512 641 568 deterruit
655 519 797 585 sententia,
811 519 840 572 in
855 534 927 589 spem
939 521 1105 589 reperienda
1113 525 1257 578 veritatis:
1269 539 1303 578 nc
1316 525 1347 580 id
1356 527 1429 595 quod
1441 530 1614 586 eradicandis
1627 533 1731 588 attissi-

73 596 179 650 roribus
190 611 242 665 pro
258 601 374 667 tempore
389 601 619 656 accommodatum
635 605 701 670 sirit,
713 606 774 674 jam
789 607 904 674 incipiat
918 608 1066 663 inserendae
1089 612 1206 665 scantin
1227 609 1417 680 impedimento
1433 631 1573 674 esse.......
1600 621 1732 688 Equidem

73 685 177 739 omodo
192 700 220 739 se
232 686 350 741 babeant
364 689 418 742 itin
432 690 538 756 litterae,
553 706 606 745 non
621 695 676 745 tam
691 707 732 746 mc
746 693 869 760 deiectat,
884 693 967 763 quod,
982 695 1127 762 utscribis,
1143 697 1320 753 Academicos
1338 703 1449 756 uicerim
1462 702 1581 771 (scribis,
1597 709 1668 760 enim
1684 708 1732 761 boc

74 774 118 827 ius
127 774 199 840 sorte
212 789 295 844 quam
309 776 428 846 uerius);
444 793 526 846 qnam
541 779 613 847 quod
628 781 697 834 milii
711 780 866 850 abruperim
881 781 1080 838 odiosissimum
1089 785 1278 856 retinaculum,
1290 801 1342 856 qua
1356 788 1390 842 ab
1397 790 1576 862 philosophice
1588 793 1667 848 ubere
1682 795 1731 848 de-

73 862 131 917 ioue
140 865 210 932 ueri,
224 862 296 932 quod
309 868 349 918 est
359 867 446 920 animi
458 866 598 935 pabulum,
613 869 784 934 refrenabar.

595 971 630 1008 cir
642 971 694 1010 nin.
709 973 744 1011 rr
761 973 796 1012 ns
807 973 958 1026 misirere,
975 973 1037 1014 cir.
1052 976 1103 1014 xii.

73 1052 159 1092 rusus
173 1037 384 1094 Academicos...
398 1043 447 1110 qui
459 1043 531 1096 nibil
544 1043 578 1096 ab
589 1044 694 1098 bomine
703 1047 770 1100 sciri
777 1060 855 1115 posse
868 1046 1069 1103 contenderit...
1085 1053 1149 1104 suat
1164 1049 1229 1104 libri
1243 1054 1297 1105 tres
1306 1053 1403 1120 nostri,
1413 1055 1501 1121 primo
1514 1060 1612 1110 nostrae
1625 1071 1730 1110 conver

81 1129 197 1195 tempore
208 1129 355 1197 conscripti
363 1146 371 1181 ε
400 1144 466 1196 quos
490 1132 539 1198 qui
550 1135 670 1199 potuerit
683 1137 709 1187 et
722 1134 836 1187 coluerit
861 1134 956 1201 tepere,
979 1135 1112 1203 tectosque
1126 1135 1299 1203 intellecerit,
1315 1139 1387 1192 nibil
1400 1154 1461 1195 earn
1473 1143 1593 1210 profecto
1616 1159 1675 1213 qun
1696 1145 1731 1198 ab

72 1218 124 1268 stra
136 1218 334 1284 perceptionem
347 1219 474 1271 ueritatis
487 1224 648 1285 arqumenta
661 1222 748 1275 muita
759 1224 871 1277 inunita
884 1225 957 1287 sunt,
970 1222 1174 1290 permovebunt.
1197 1223 1266 1277 Vide
1281 1223 1330 1277 lib.
1348 1226 1489 1281 Enchirid.
1506 1244 1529 1282 c.
1541 1232 1586 1285 20.

72 1299 108 1366 de
118 1314 281 1390 praeterea
292 1303 413 1370 librum
431 1313 461 1386 l,
478 1327 551 1395 cap.
571 1314 602 1386 l,
615 1310 914 1388 detractationum,
930 1308 992 1375 col.
1009 1316 1172 1390 585-587,
1194 1311 1350 1394 acerbis,
1372 1315 1454 1381 cum
1468 1337 1552 1400 ergo
1571 1322 1729 1406 reliquis-

81 1430 115 1473 n.
135 1417 166 1489 t,
184 1429 288 1496 nsque
302 1408 350 1475 ad
358 1409 459 1477 verba
473 1433 507 1477 n.
524 1420 556 1494 t,
574 1415 753 1480 Hominem
774 1418 839 1481 sibi
854 1421 983 1500 eptam.
1099 1417 1142 1480 M.

72 1549 506 1561 m———a--a
799 1555 892 1562 —..
1166 1554 1256 1563 h---

394 1633 449 1735 s.
505 1555 828 1738 sunnin
884 1556 1311 1740 suausrini

606 1785 881 1836 HIPPONENSIS
914 1786 1100 1838 EPISCOI‘I

140 1902 1566 2089 conrecumbentibus

631 2143 816 2230 LIBRI
854 2144 1073 2232 TRES(⁰'.

521 2288 1167 2495 Lissuueuiuus

74 2540 187 2588 anianus
199 2538 231 2587 ad
243 2537 438 2602 philosophiam
452 2537 579 2609 incitatur
589 2536 793 2648 prooemiolibri
801 2537 896 2611 'hujus
911 2537 941 2610 in
954 2550 1007 2609 quo
1017 2537 1075 2601 ejus
1086 2536 1156 2610 lilius
1170 2539 1302 2589 Licentiae
1312 2541 1504 2612 cumu'ljrygetio
1516 2557 1563 2606 per
1576 2546 1628 2593 tres
1640 2545 1730 2608 dispu-

71 2616 88 2651 a
99 2601 277 2664 congreditur.
291 2599 336 2649 llle
352 2614 398 2663 pro
415 2599 577 2649 Academicis
607 2602 692 2648 eatam
706 2603 787 2648 vitam
800 2613 856 2663 ipsa
868 2603 1040 2662 inquisitione
1052 2613 1117 2658 veri,
1130 2599 1174 2648 liic
1190 2605 1282 2650 contra
1297 2614 1403 2651 nonnisi
1420 2605 1476 2652 reri
1494 2606 1729 2668 comprehensione

71 2677 96 2713 re
113 2666 269 2727 propugnat.
285 2662 363 2712 b'enit
373 2662 402 2710 iii
416 2661 612 2711 contentionem
629 2660 748 2711 definitio
763 2662 868 2720 erroris,
882 2673 988 2711 necnon
999 2660 1117 2710 definitio
1132 2661 1279 2723 sapientire,
1297 2675 1356 2725 qnae
1370 2664 1519 2715 luculenter
1531 2666 1683 2730 explicatur.

71 2822 303 2877 tristatum-
328 2822 527 2877 Romanianum
548 2818 824 2889 adoermpbitoso-
877 2817 1021 2874 commodi
1035 2817 1176 2889 contingit
1204 2818 1234 2874 iu
1256 2823 1348 2889 perte,
1363 2820 1439 2892 quod
1467 2837 1525 2876 non
1540 2822 1688 2877 conveniat
1701 2829 1730 2878 et

262 2910 358 2979 phium
368 2909 534 2963 cohortatur.
877 2905 1165 2976 congruetuniverso.
1179 2907 1668 2971 Quemsententiamuberrimarum
1680 2911 1729 2965 do-

71 2999 82 3055 )
106 2998 229 3065 utinam,
255 2997 444 3064 Romaniano,
469 2995 617 3051 hominem
644 2995 699 3051 sibi
724 2999 823 3067 aptum
878 2995 1035 3050 ctrinarum
1046 2993 1507 3067 oraculiseditam,remotamque
1517 2998 1683 3069 longissime
1693 3000 1729 3054 ab

71 3086 154 3142 issim
168 3086 257 3142 virtus
270 3086 394 3141 fortunae
405 3084 578 3157 repugnanti
591 3088 687 3156 posset
700 3084 822 3153 auferre,
876 3083 1026 3140 intellectu
1036 3082 1238 3156 profanorum,
1255 3101 1285 3139 se
1296 3084 1553 3140 demonstraturam
1565 3085 1638 3140 veris
1649 3102 1728 3142 ema-

74 3191 108 3230 aa
122 3175 176 3229 sibi
191 3175 297 3229 auferri
312 3173 657 3243 neminempstitartjam
672 3171 825 3243 tibiproie·
877 3171 988 3227 toribus
1001 3171 1120 3240 suis,ad
1143 3188 1229 3244 quam
1245 3177 1273 3226 te
1288 3172 1388 3240 inrito,
1415 3173 1598 3246 philosophia
1611 3175 1728 3244 pollicc-

71 3263 177 3334 jecisset
187 3278 317 3331 menum,
327 3262 428 3333 suique
437 3261 511 3333 juris
521 3266 548 3316 te
559 3276 619 3315 esse
632 3261 824 3332 proclamans,
877 3264 934 3315 tur.
951 3259 1153 3325 Quamobrem,
1171 3275 1236 3316 cnm
1251 3261 1303 3316 tibi
1317 3264 1367 3316 tuo
1389 3260 1485 3317 animo
1507 3261 1625 3333 indigna
1640 3264 1730 3318 multa

71 3348 434 3405 sonorumcertiseimorum
442 3346 651 3419 possessionem
662 3346 823 3413 traducens,
878 3348 1023 3416 accidunt;
1039 3364 1076 3404 ne
1091 3349 1193 3420 teipsa
1208 3354 1385 3406 contemnes.
1402 3350 1471 3405 Nam
1487 3349 1510 3404 si
1524 3350 1618 3405 divina
1632 3351 1728 3423 provi·

71 3437 171 3508 reperis
181 3437 298 3508 quidem
314 3436 426 3491 casibus
439 3435 544 3490 servire
557 3435 747 3507 permitteret.
770 3434 825 3490 Sed
878 3436 976 3492 dentis
989 3437 1171 3508 pertenditur
1184 3453 1276 3509 usque
1290 3436 1327 3492 ed
1340 3453 1402 3505 uos,
1423 3438 1501 3509 quod
1515 3437 1635 3493 minime
1647 3438 1729 3494 dubi·

71 3540 113 3580 sm
125 3525 165 3580 ita
180 3530 376 3595 comparatum
387 3529 438 3594 est,
454 3523 512 3579 sire
525 3523 696 3595 promeritis
708 3522 823 3584 nostris.
878 3525 998 3580 tandum
1012 3529 1072 3591 est;
1087 3524 1159 3579 mihi
1172 3525 1265 3592 credo,
1279 3525 1319 3580 sic
1333 3529 1429 3580 tecum
1437 3525 1484 3596 agi
1495 3530 1609 3596 oportet
1622 3530 1655 3580 ut
1666 3526 1728 3598 agi·

70 3629 94 3669 u
107 3614 276 3669 necessitate
287 3618 397 3668 naturas
412 3613 483 3682 (bib.
502 3616 512 3666 l
528 3615 658 3677 Retract,
672 3627 695 3666 c.
714 3614 738 3679 l,
749 3612 823 3679 ni),
856 3646 859 3651 -
878 3616 935 3667 tur.
947 3613 1019 3667 Nam
1029 3627 1094 3666 cum
1108 3615 1198 3679 tanta,
1210 3617 1349 3683 quantam
1362 3628 1477 3683 semper
1487 3612 1624 3682 admiror,
1633 3613 1728 3668 indole

70 3701 157 3758 inum
171 3702 301 3757 animum
315 3701 484 3757 mortalibus
498 3700 697 3765 inhorrentem,
714 3714 823 3771 nequa·
878 3703 937 3766 tua,
960 3697 996 3753 ab
1018 3698 1137 3753 ineunte
1164 3697 1358 3753 adolescentia
1382 3698 1474 3754 adhuc
1503 3697 1619 3753 infirmo
1641 3698 1728 3754 ratia-

76 3790 224 3862 sapientiae
237 3794 338 3861 portus
353 3789 482 3860 accipiat,
494 3788 544 3842 abi
555 3803 649 3858 neque
659 3787 824 3842 adversante
879 3789 924 3842 nis
943 3792 1030 3860 atque
1045 3789 1173 3859 lapsante
1189 3787 1309 3860 vestigio
1322 3787 1481 3844 humanam
1496 3790 1584 3843 vitam
1599 3805 1729 3844 errorum

70 3892 99 3934 ,ω
113 3878 195 3944 flatu,
210 3894 304 3950 nequa
319 3877 493 3933 secundante
506 3881 669 3942 mouentum
680 3874 736 3930 nisi
746 3890 779 3930 eo
793 3875 826 3929 il·
879 3876 1010 3931 omnium
1019 3875 1217 3946 plenissimam
1228 3876 1437 3948 ingredereris3
1450 3875 1563 3949 excepit
1572 3879 1600 3932 ie
1611 3877 1730 3934 circnm-

70 3971 166 4023 irtuna
182 3968 253 4038 ipsa,
269 3966 314 4022 iel
329 3965 463 4026 secunda,
475 3965 519 4020 vel
535 3964 617 4037 quasi
631 3963 749 4019 adversa
764 3979 827 4035 per·
879 3963 998 4019 fluentia
1012 3963 1189 4031 divitiarum,
1200 3964 1353 4036 quasillum
1364 3968 1477 4020 aetatem
1490 3968 1576 4037 etque
1587 3966 1728 4032 animum,

70 4071 74 4110 :
95 4055 168 4110 nihil
196 4071 249 4128 pro
273 4059 302 4110 te
321 4054 402 4110 nobis
421 4053 500 4108 aliud
514 4068 601 4124 quem
623 4055 687 4106 vota
706 4056 825 4118 restant,
879 4067 945 4123 quae
957 4051 1079 4123 pulchra
1093 4055 1122 4106 et
1136 4051 1256 4106 honesta
1269 4051 1441 4108 ridebantur
1454 4052 1535 4108 aride
1548 4057 1728 4124 sequentem,

71 4143 132 4198 sab
147 4143 196 4205 illo
218 4143 265 4199 cni
286 4144 348 4198 haec
364 4157 440 4197 caree
459 4143 526 4195 sunt
542 4141 607 4202 lieo,
623 4139 646 4194 si
661 4155 824 4210 possumus,
880 4139 1054 4195 illecebrosis
1067 4143 1193 4210 caeperat
1207 4139 1359 4195 absorbere
1375 4140 1546 4212 gurgitibus,
1555 4139 1611 4194 nisi
1624 4139 1692 4194 inde
1701 4142 1729 4193 tc
1835 4175 1836 4180 κ

70 4246 166 4286 remus
181 4236 250 4286 atie
266 4230 317 4286 tibi
327 4230 443 4295 reddet3
459 4227 500 4283 ita
514 4224 826 4281 enimincilereddetet
880 4227 1003 4282 iomanis
1016 4225 1060 4280 illi
1072 4226 1167 4291 ssatus,
1190 4226 1242 4297 qui
1257 4229 1397 4298 putantur
1411 4225 1531 4294 adversi,
1548 4225 1731 4298 crepuissent

69 4338 77 4387 ς
91 4319 224 4390 sinatque
238 4323 364 4373 mentem
381 4317 460 4372 illum
475 4319 567 4382 tuam,
583 4328 648 4384 quae
663 4311 825 4382 respiratio·
881 4329 955 4385 pene
968 4317 1156 4384 mergentem.

72 4401 170 4456 amdiu
182 4401 315 4473 parturit,
324 4398 479 4470 aliquando
492 4396 616 4451 inauras
625 4410 699 4449 sarus
711 4393 827 4449 liberte·
915 4404 943 4456 2.
958 4404 1002 4456 An
1015 4416 1082 4456 varo
1095 4400 1120 4455 si
1134 4401 1267 4458 edentem
1277 4404 1309 4468 ¹tq
1322 4416 1444 4457 munera
1455 4415 1586 4456 ursorum
1596 4399 1606 4434 ¹
1617 4405 1645 4456 at
1658 4416 1730 4458 nun-

70 4505 190 4561 reagere.
208 4488 319 4544 Etenim
330 4488 450 4543 fortasse
467 4502 532 4558 quea
546 4484 631 4555 rnlgo
646 4483 761 4539 iortuna
773 4498 826 4536 no·
881 4504 968 4560 quani
983 4488 1023 4544 ibi
1043 4493 1128 4545 antea
1141 4490 1201 4546 visa
1215 4490 1377 4562 spectacula
1390 4489 1498 4545 civibus
1517 4488 1632 4558 nostris,
1649 4490 1730 4546 thoa-

70 4593 113 4645 ur,
143 4579 251 4632 occulto
275 4577 400 4648 quodam
423 4575 523 4631 ordine
547 4571 670 4644 regitar;
697 4570 827 4643 nihilque
881 4577 969 4632 tricas
996 4578 1114 4648 plausus
1143 4595 1258 4651 semper
1280 4577 1492 4650 prosperrimus
1514 4577 1682 4649 accepissem
1707 4578 1730 4632 si

72 4665 103 4721 in
116 4667 201 4721 rebus
210 4682 307 4721 casum
316 4681 461 4731 vocamus,
470 4662 525 4719 nisi
539 4662 620 4733 cujus
629 4659 703 4715 ratio
717 4665 746 4714 et
760 4675 826 4715 cau·
881 4666 1034 4720 stnltorum
1045 4665 1208 4735 hominum,
1221 4680 1344 4738 quorum
1355 4664 1587 4720 immensatnrba
1597 4670 1650 4733 est,
1665 4682 1731 4721 con-

70 4758 133 4810 sata
154 4758 196 4810 est
216 4755 327 4824 (ibidiz
344 4754 474 4825 nihilque
489 4769 537 4808 sen
551 4748 695 4807 commodi
710 4764 761 4804 seu
779 4749 826 4803 in·
881 4752 957 4808 flatis
971 4757 999 4809 et
1013 4752 1379 4810 consentientihnsrocibns
1394 4752 1508 4809 terreris
1522 4754 1557 4810 ad
1572 4755 1691 4825 coelum3
1707 4755 1730 4810 si

69 4849 161 4914 Scripsi
177 4850 226 4900 sub
240 4849 320 4899 tinem
334 4850 398 4899 anni
415 4851 469 4899 seb.
880 4857 966 4897 nemo
980 4842 1035 4898 tibi
1055 4844 1173 4899 auderet
1185 4859 1246 4898 esse
1271 4840 1420 4911 inimicns;
1437 4841 1461 4897 si
1480 4842 1669 4914 municipales
1687 4846 1730 4897 ta·

638 4937 772 4975 summitto
791 4939 828 4975 PP.
845 4941 1071 4982 BleCTllollil.

69 5010 225 5074 emtigcmdis
230 5010 327 5072 (libris)
333 5009 443 5059 adhibiti
454 5007 584 5058 suntbtss.
591 5004 782 5074 Germaneosie,
790 5006 1194 5071 Michaelinus'l'heodericansls,
1201 5009 1730 5072 Albinansis,casalensis,t⁷ictarinidiio,

69 5072 118 5124 uici
132 5077 194 5134 uas,
209 5072 316 5135 Regius,
328 5071 480 5131 Vaticanus,
495 5069 630 5119 Lectiones
647 5063 812 5128 Belgicorum
831 5076 944 5134 quatuor
953 5072 1024 5137 apud
1039 5074 1103 5125 ιον,
1118 5085 1223 5123 necnon
1237 5072 1368 5124 editiones
1383 5073 1446 5123 Bsd.
1460 5073 1521 5123 Am.
1538 5072 1656 5122 llr.1.0r.

69 5151 306 5243 imperavimus
323 5161 485 5240 praeterea
511 5167 566 5214 eas
591 5164 702 5212 omnes
723 5142 879 5219 editiones
901 5152 997 5220 initio
1016 5155 1304 5221 Retractstionum
1324 5160 1357 5219 et
1380 5154 1641 5221 Confessionum
1663 5171 1730 5217 me·

69 5260 137 5317 itas.
364 5249 407 5312 bi.

69 5352 112 5416 nl..
127 5366 242 5405 munera
254 5364 407 5404 cursorum.
419 5348 469 5399 Sed
479 5349 523 5398 alii
533 5347 597 5398 Gdd.
610 5344 830 5418 summointerse
882 5355 1023 5405 vocabant.
1043 5353 1111 5404 llinc
1133 5353 1167 5403 da
1189 5353 1260 5404 ludis
1275 5355 1400 5419 praestitis
1416 5366 1471 5404 non
1489 5351 1558 5403 male
1576 5349 1733 5414 intelligitur

69 5410 541 5466 stubebbnitittvrttm·lss¹¹⁸ilssi¹¹ffl
554 5405 830 5473 (1¹1⁰du1am1uaorum
883 5415 989 5468 canalii
1004 5415 1156 5467 illiberitani
1174 5429 1236 5467 can.
1253 5419 1282 5466 ³:
1297 5434 1311 5462 a
1334 5416 1465 5466 Flamlnes
1476 5415 1522 5478 qni
1536 5425 1591 5463 non
1612 5412 1732 5463 immola·

77 5477 121 5528 hic
129 5479 267 5528 nominare
277 5471 748 5546 valuitnuguaimuahndosnempa,
767 5473 830 5536 quii
883 5478 984 5529 scunt:
999 5477 1046 5529 sed
1061 5480 1294 5530 «munusmntam
1306 5476 1436 5540 dederint,
1451 5480 1526 5526 iate.

69 5539 127 5592 litei·
142 5539 240 5605 populo
259 5550 399 5588 munerum
410 5539 494 5586 instar
504 5533 707 5599 exhibebantur,
720 5545 830 5586 munera

160 5638 298 5706 Parnoi.
323 5635 447 5704 XXXII.
1304 5633 1544 5721 (Vinqtoieus.)
