3884 6112
72 206 140 261 titt)
733 255 736 261 ,
851 209 1048 270 ΑΡΡΕΝΒΙΧ.
1753 221 1822 278 tiit)

69 327 196 384 multum
211 326 310 409 albuin
333 325 466 409 dicimus,
482 344 517 384 ex
530 329 693 401 epiphania
708 332 867 405 quantitate
881 335 922 390 nl·
976 335 1052 407 qnod
1068 334 1099 391 in
1114 336 1194 391 omni
1207 340 1235 392 et
1250 335 1281 390 iii
1295 337 1355 392 solo
1370 338 1525 402 invenitur.
1536 340 1608 397 illud
1620 346 1672 410 est,
1684 342 1825 400 utomnia

69 399 151 468 bum,
163 398 239 525 <huod
254 399 297 452 illi
311 399 421 468 accidit,
434 401 578 455 aestimari.
590 402 728 483 §imiliter
741 421 806 460 cnm
820 405 922 477 longos
976 409 1037 477 ejus
1052 406 1133 479 paria
1147 411 1195 463 aut
1216 407 1338 478 imparia
1358 408 1498 465 dicantur.
1515 412 1550 466 Ut
1567 428 1705 468 numerus
1729 431 1783 486 par
1796 418 1825 470 at

69 476 148 552 actus
190 485 300 536 icimus,
318 486 380 525 non
400 472 477 551 quod
497 476 575 526 actus
599 475 734 530 immensi
753 476 820 544 sint,
840 476 922 549 longi
975 477 1081 549 imparr
1096 494 1155 533 non
1176 478 1295 550 aequatis
1314 495 1461 546 numerus,
1477 482 1501 535 si
1519 498 1572 564 par
1585 489 1644 551 est;
1666 489 1715 540 aut
1728 485 1753 539 si
1766 485 1823 540 ini·

69 541 213 607 dicuntur,
230 540 280 594 sed
302 557 336 595 ex
352 549 489 623 temporis
505 555 650 623 mensura,
668 562 725 617 qno
740 547 922 603 continentur
975 565 1037 619 par,
1051 565 1110 604 non
1133 549 1283 621 inaequalis
1304 549 1423 606 dicatur.
1439 551 1631 624 Similiterque
1647 555 1708 626 eJ‘us
1726 556 1824 611 omnia

69 617 147 667 actus
164 616 290 679 actuum,
305 618 449 683 quantitas
463 618 633 670 aestimatur.
655 617 727 671 illud
745 623 841 673 tarasii
856 635 920 690 spe·
976 636 1035 674 uon
1049 621 1179 691 aequalia,
1204 625 1253 674 aut
1267 620 1431 691 inaequalia,
1456 622 1505 677 sed
1524 625 1604 695 paria
1627 632 1677 680 aut
1702 626 1825 698 imparia

69 683 139 738 ciale
150 683 919 755 debemusaguosceie,quantocontrariumnihilesse.
975 696 1187 762 nuncupantur.
1206 691 1313 747 Caetera
1326 707 1394 746 iero
1407 709 1472 763 quie
1486 694 1520 747 ad
1533 700 1674 766 quantum
1688 712 1752 751 non
1761 713 1824 767 pei·

68 753 236 835 lipiphaniae
251 753 339 822 enirn,
356 754 414 836 sive
437 770 584 837 gramma,
595 757 660 837 ¹sive
680 757 793 814 duobus
805 759 918 826 cubitis,
974 761 1077 827 tinent,
1094 761 1200 819 similia
1210 761 1265 816 sibi
1281 761 1477 833 potiusquam
1490 765 1612 846 aequalia
1623 767 1822 823 nominamus:

68 841 127 879 sive
153 825 245 879 tribus
272 830 450 880 cantianam
474 831 517 880 est
539 828 622 883 nihil.
649 829 708 883 Nisi
731 830 805 886 forte
824 847 921 886 errore
975 836 1006 885 ut
1022 832 1119 887 albuin
1142 833 1206 888 albo
1231 832 1335 900 simile,
1357 839 1484 889 autnon
1507 836 1600 889 simile
1617 836 1737 892 dicatur.
1765 839 1824 893 Hoc

69 895 194 968 quodam
210 897 334 951 multum
349 901 377 951 et
389 897 525 968 exiguum
540 903 676 969 putemus
691 916 752 955 esse
766 901 919 969 contraria,
974 902 1052 957 enim
1066 904 1185 961 verbnm
1205 903 1367 973 specialiter
1385 903 1421 959 iis
1436 922 1503 978 quae
1517 906 1547 960 iii
1562 912 1671 978 quanto
1686 911 1762 975 sunt,
1779 907 1822 963 vi·

68 968 322 1022 non‘adiertentes
336 966 397 1022 haec
410 967 441 1022 iii
460 984 558 1027 eorum
574 985 727 1026 numerum
741 987 806 1043 quae
819 972 854 1027 ad
869 972 920 1027 ali·
973 973 1057 1028 detur
1072 974 1203 1029 inlixum.

68 1037 138 1110 quid
158 1037 291 1092 dicuntur
311 1038 414 1093 debere
430 1040 586 1095 transferri.
603 1041 679 1096 Nihil
699 1042 777 1097 enim
796 1043 920 1099 multum
974 1045 1087 1100 CAPUT
1098 1046 1142 1102 iit.
1158 1074 1192 1086 -
1206 1045 1254 1101 Ad
1270 1045 1386 1118 aliquid.
1403 1045 1450 1103 Ad
1463 1047 1572 1117 aliquid
1587 1044 1696 1119 quando
1709 1048 1821 1104 dicitur.

68 1109 113 1164 iel
137 1109 273 1190 exiguum
292 1108 405 1171 dicitur,
422 1108 477 1164 nisi
499 1111 583 1167 alteri
603 1112 690 1167 fuerit
712 1119 918 1185 comparatum.
1327 1118 1467 1187 Opposita.

68 1179 140 1235 Cum
154 1196 231 1235 anim
245 1179 365 1235 dicimus
380 1185 507 1236 montem
521 1183 650 1251 brevem
663 1185 845 1254 grandiorem
860 1201 919 1240 esse
1008 1185 1222 1256 categoriarum
1231 1188 1315 1243 tertia
1325 1196 1367 1243 est
1376 1204 1441 1259 quie
1452 1188 1539 1243 latine
1550 1188 1585 1243 ad
1595 1189 1714 1262 aliquid,
1730 1205 1822 1261 graece

68 1253 202 1332 attenim,
223 1250 269 1305 cui
294 1255 475 1333 comparatus
502 1258 554 1321 est,
579 1253 748 1309 indicamus.
777 1256 826 1311 Vel
854 1271 919 1311 cum
973 1263 1031 1328 πρός
1042 1280 1066 1312 τι
1079 1261 1220 1312 censetur.
1242 1259 1274 1312 Et
1288 1259 1406 1330 quidem
1432 1261 1506 1314 banc
1526 1259 1641 1314 tertiam
1659 1276 1720 1316 non
1741 1261 1820 1330 ordo,

67 1321 190 1377 dicimus
205 1322 314 1393 grande
328 1322 404 1377 milii
426 1338 568 1394 granum;
585 1326 798 1397 comparatione
813 1327 857 1380 sui
872 1343 920 1398 ge·
973 1327 1021 1381 sed
1049 1332 1184 1382 tractatus
1209 1329 1361 1384 necessitas
1384 1330 1466 1384 iecit:
1497 1346 1563 1384 nain
1588 1335 1652 1401 post
1681 1336 1822 1402 quantum

68 1392 145 1447 neris
175 1392 206 1447 in
230 1409 287 1464 quo
311 1393 426 1448 brevius
447 1394 559 1467 aliquid
585 1396 741 1466 invenitur,
765 1397 835 1451 illud
856 1412 919 1452 esse
973 1398 1056 1468 quale
1081 1398 1264 1469 sequebatur.
1295 1401 1400 1454 Varum
1426 1400 1564 1470 quoniam
1580 1401 1610 1455 in
1629 1401 1686 1456 iine
1709 1403 1821 1473 quanti,

67 1433 207 1534 granciins
222 1472 425 1521 monstramus.
441 1467 480 1520 Ac
501 1471 651 1537 propterea
665 1468 852 1522 manifestum
865 1472 917 1535 est,
972 1469 1104 1539 quiedam
1119 1469 1248 1539 ejusdem
1259 1470 1372 1540 generis
1388 1472 1421 1525 ad
1437 1470 1545 1541 aliquid
1557 1472 1726 1527 videbantur
1738 1489 1822 1544 posse

67 1535 192 1590 multum
215 1541 244 1590 et
266 1535 413 1606 exignum,
438 1536 547 1606 grande
568 1542 597 1591 et
619 1538 713 1605 breis,
734 1554 799 1594 cuin
821 1538 918 1610 aliquo
973 1539 1137 1605 transierri;
1157 1540 1231 1594 bano
1248 1541 1433 1622 categoriam,
1454 1557 1519 1612 quae
1535 1547 1634 1613 quarta
1651 1542 1752 1610 fuerat,
1771 1560 1822 1598 ne·

67 1609 232 1676 comparata
255 1606 299 1661 sui
318 1607 488 1662 vocabulum
507 1608 643 1679 reperire.
661 1610 718 1664 Nec
731 1609 761 1663 in
785 1611 840 1665 boo
858 1611 918 1665 solo
972 1610 1094 1664 cessario
1119 1609 1232 1664 tertiam
1251 1612 1341 1666 voluit
1364 1612 1508 1679 ordinare,
1530 1617 1562 1666 ιιι
1581 1612 1713 1667 discussis
1737 1619 1822 1685 atque

65 1683 153 1741 errat,
170 1677 220 1748 qui
243 1680 325 1748 putat
347 1679 472 1732 multum
488 1689 516 1733 et
537 1678 672 1760 exiguum
687 1683 794 1750 quanto
814 1679 918 1736 debere
972 1679 1136 1735 monstratis
1160 1681 1304 1749 omnibus,
1330 1698 1394 1753 qua
1418 1682 1521 1755 cuique
1549 1683 1743 1751 convenirent,
1765 1684 1823 1740 ire·

65 1747 222 1828 conjungi,
237 1763 337 1827 icium
358 1747 444 1803 etiarn
466 1747 491 1801 si
510 1749 653 1804 existimet
676 1766 736 1805 esse
759 1751 917 1818 contraria3
970 1767 1063 1876 fluens
1078 1755 1140 1805 orta
1154 1751 1283 1806 confusio
1300 1753 1467 1808 solveretur.
1490 1754 1592 1824 Incipit
1615 1759 1711 1808 autem
1732 1770 1823 1811 none

64 1818 143 1889 quod
162 1818 225 1873 ficii
244 1823 360 1889 penitus
379 1834 438 1872 non
456 1822 562 1887 potest.
584 1820 656 1874 Nam
672 1819 697 1874 si
714 1820 775 1875 haec
791 1821 918 1892 quodam
990 1820 1185 1877 elinitionibus
1200 1822 1257 1876 suis
1267 1823 1440 1890 Aristoteles,
1452 1825 1502 1878 sed
1516 1823 1551 1878 ab
1564 1840 1665 1878 eorum
1678 1824 1821 1892 terminis,

65 1904 163 1943 errore
175 1888 288 1958 decepti
301 1887 445 1943 contraria
459 1888 587 1952 dicimus,
596 1889 647 1944 fiet
658 1894 690 1944 ut
703 1890 734 1944 iii
744 1907 803 1946 una
816 1908 847 1947 re
859 1908 917 1948 uno
1012 1892 1021 1945 i
1036 1897 1101 1947 ante
1116 1908 1145 1947 se
1161 1892 1196 1947 ad
1216 1893 1326 1964 aliquid
1349 1910 1400 1965 per
1421 1909 1499 1947 eram
1516 1895 1635 1949 delinire
1658 1894 1820 1952 voluerunt.

64 1962 152 2029 atque
172 1959 274 2040 eodem
296 1963 426 2040 tempore
445 1960 588 2014 contraria
607 1959 759 2016 videantur
779 1962 915 2019 incidere.
984 1969 1013 2018 ta
1026 1967 1123 2018 tamen
1133 1964 1194 2018 liaec
1207 1963 1344 2019 debemus
1359 1910 1469 2031 caiisa,
1483 1965 1565 2036 quasi
1580 1965 1712 2020 tractatui
1727 1982 1821 2022 neces

66 2030 128 2085 Una
140 2045 217 2084 eniin
231 2046 286 2096 res,
300 2033 328 2084 et
342 2046 434 2100 maior
448 2045 465 2083 a
478 2030 600 2095 minore,
617 2036 645 2087 et
659 2031 753 2086 brevis
767 2049 784 2087 a
796 2033 916 2104 majore,
970 2034 1053 2089 saria.
1069 2038 1168 2088 Astute
1183 2033 1260 2089 enim
1277 2040 1305 2090 et
1319 2035 1369 2090 dat
1389 2035 1446 2090 illis
1460 2035 1598 2091 auxilium
1619 2036 1819 2108 philosophus,

65 2116 123 2155 nno
143 2105 229 2171 atque
253 2100 354 2155 eodem
377 2106 505 2172 tempore
528 2102 634 2172 poterit
654 2103 799 2159 nominari
814 2119 822 2158 ε
842 2105 917 2176 quod
970 2109 998 2160 et
1012 2104 1154 2160 medelam
1169 2106 1243 2160 male
1257 2104 1359 2186 positis
1373 2106 1505 2161 terminis
1519 2106 1632 2188 quaerit,
1647 2111 1746 2178 postea
1760 2123 1820 2163 suat

64 2170 128 2226 lieri
143 2187 196 2226 nee
210 2187 308 2226 rerum
322 2175 425 2226 natura
439 2172 556 2243 patitur,
570 2189 623 2227 nec
638 2172 710 2228 ratio
724 2174 786 2245 ipsa
799 2176 917 2245 permit·
970 2176 1130 2248 prolatione
1149 2180 1299 2232 sententia
1319 2177 1428 2245 omnia,
1444 2193 1509 2248 qnae
1529 2177 1686 2249 improprie
1702 2177 1821 2234 definita

64 2241 110 2298 tit.
125 2243 165 2297 Ac
179 2247 331 2313 propterca
346 2258 447 2298 eorum
463 2244 628 2314 repellenda
642 2245 783 2299 sententia
797 2250 848 2311 est,
866 2246 917 2317 qui
970 2251 1046 2313 sunt,
1068 2247 1235 2318 repulsurus
1257 2256 1313 2319 aspi
1325 2257 1368 2303 τοῦ
1382 2254 1441 2319 πρός
1452 2272 1485 2304 τι.
1509 2248 1553 2302 Ad
1566 2248 1675 2319 aliquid
1689 2264 1758 2320 argo
1772 2265 1820 2304 oa·

64 2313 127 2368 haeo
140 2315 260 2369 credunt
274 2330 335 2369 esse
347 2313 500 2369 contraria.
512 2314 569 2369 Nec
581 2315 672 2386 magis
686 2315 716 2369 in
731 2319 839 2387 quanto
851 2332 916 2371 con·
970 2317 1110 2386 tegorium
1131 2333 1266 2373 vocamus
1289 2334 1364 2386 eam,
1388 2335 1453 2389 quie
1468 2318 1498 2372 id
1518 2318 1596 2389 quod
1610 2324 1653 2374 est
1667 2319 1771 2374 dicitur
1785 2336 1821 2375 ex

65 2383 207 2451 trarictas,
226 2401 314 2456 quam
333 2384 363 2439 in
383 2384 489 2440 circulo
512 2385 655 2441 conrideii
676 2390 779 2456 potest.
801 2388 916 2442 Veteres
970 2387 1070 2454 altero,
1087 2388 1147 2442 sine
1169 2390 1250 2458 cujus
1265 2388 1398 2443 societate
1421 2405 1482 2443 essa
1505 2405 1565 2443 non
1579 2390 1678 2460 possit,
1692 2393 1721 2445 et
1739 2389 1821 2445 cu'us

10 2511 14 2520 ,
65 2456 144 2512 enim
159 2471 245 2537 supra
260 2461 289 2510 et
300 2455 374 2510 iufra
388 2460 507 2526 propter
517 2456 581 2511 coeli
595 2460 735 2528 teiraeque
751 2456 916 2512 distantiam
969 2459 1010 2512 iis
1024 2458 1118 2513 omnis
1138 2474 1172 2513 ex
1192 2458 1310 2513 alterius
1325 2459 1524 2530 conjunctione
1542 2459 1705 2516 descendit:
1721 2464 1754 2515 ut
1766 2406 1821 2515 iiu-

64 2531 208 2582 contraria
222 2524 276 2582 sibi
291 2542 351 2580 esse
374 2526 517 2589 dixerunt,
536 2526 729 2598 undequaque
744 2543 858 2583 versum
877 2544 917 2582 as·
969 2530 1050 2599 plum
1069 2528 1165 2599 simpli
1186 2529 1291 2584 dicitur
1311 2529 1444 2600 duplum,
1467 2530 1560 2601 maius
1577 2530 1696 2586 minoris
1716 2529 1821 2586 dicitnr

64 2603 191 2652 serentes
206 2603 313 2652 terram
334 2596 432 2651 subter
454 2612 525 2664 esse,
541 2598 645 2653 coelum
664 2614 759 2669 super.
782 2599 916 2654 Contem·
969 2600 1073 2670 majus,
1096 2599 1189 2654 simile
1211 2598 1299 2654 simili
1319 2599 1423 2654 dieitur
1438 2600 1540 2654 simile.
1563 2601 1658 2656 Claret
1677 2600 1766 2672 igitur
1785 2602 1822 2658 ad

64 2668 207 2739 plantibns
230 2669 307 2723 enim
332 2668 414 2722 nobis
436 2671 569 2723 naturam
599 2684 706 2737 rerum,
735 2673 821 2733 terra,
850 2686 915 2741 quae
969 2669 1078 2742 aliquid
1101 2685 1159 2723 non
1178 2686 1230 2723 sua
1245 2669 1283 2736 vi,
1299 2670 1348 2724 sed
1362 2669 1480 2725 alterius
1500 2669 1701 2740 conjunctione
1724 2673 1821 2727 oonsi-

63 2739 175 2794 videtui
188 2739 218 2794 iii
234 2739 339 2805 medio,
356 2738 463 2820 ubique
478 2738 578 2793 subtus
593 2744 635 2794 est
651 2755 658 2793 ε
675 2755 742 2793 nam
757 2744 785 2794 et
799 2740 914 2809 antipa·
969 2745 1054 2795 stare.
1070 2738 1177 2794 Eodem
1192 2740 1277 2794 modo
1293 2740 1457 2810 accipienda
1468 2745 1535 2794 sunt
1548 2745 1652 2795 caeteia
1664 2757 1729 2812 qnia
1742 2742 1819 2812 ejus·

64 2808 113 2863 des
126 2810 226 2879 nostri,
236 2810 287 2881 qui
301 2809 385 2864 nobis
399 2810 534 2864 dicuutur
549 2809 638 2889 figere
653 2809 771 2864 adversa
784 2811 913 2882 vestigia,
970 2811 1036 2865 dem
1047 2809 1199 2880 categoria
1209 2826 1269 2864 esse
1280 2815 1447 2877 noscuntur,
1460 2815 1491 2863 ut
1503 2814 1545 2865 est
1557 2810 1681 2877 habitus,
1696 2810 1819 2882 affectio,

63 2881 167 2936 coelum
182 2898 267 2951 super
281 2897 310 2936 se
334 2881 450 2936 babent.
468 2880 585 2934 fflaieti
609 2879 665 2934 itur
678 2895 792 2951 semper
806 2886 914 2936 terrem
969 2879 1127 2952 disciplina,
1161 2881 1275 2951 positio,
1311 2897 1421 2935 sensns.
1455 2881 1520 2936 Haeo
1547 2880 1725 2947 Aristoteles,
1758 2889 1815 2950 ιξιν,

63 2951 95 3006 in
105 2951 289 3007 interioribus
301 2950 495 3006 constitutam.
508 2895 616 3005 Deiniie
626 2950 677 3005 illa
690 2966 832 3077 quoquae
845 2953 915 3033 phy·
968 2960 1081 3017 διάθεσιν,
1104 2958 1251 3021 ἐπιστήμην,
1273 2959 1349 3020 θέσιν,
1369 2959 1489 3020 αἴσθησιν,
1513 2951 1681 3007 nominavit.
1702 2953 1735 3008 Et
1757 2953 1820 3008 baeo

65 3021 131 3077 sicis
154 3023 289 3094 iungitur
314 3022 399 3090 ratio,
418 3020 493 3094 quod
519 3027 672 3092 propterea
698 3037 732 3076 ex
775 3022 915 3078 iversitate
969 3023 1230 3095 namquependent
1245 3022 1671 3094 exaltero.Siquidemhabitus
1699 3023 1818 3093 alicujus

63 3093 192 3148 locorum
214 3099 290 3148 terra
303 3094 375 3148 coelo
394 3092 536 3148 contraria
551 3097 602 3160 est,
618 3091 646 3147 id
662 3096 704 3147 est
717 3092 789 3147 illud
802 3108 916 3164 semper
969 3095 1011 3150 rei
1035 3093 1150 3149 babitus
1176 3093 1290 3154 dicitur,
1315 3098 1343 3148 et
1369 3094 1479 3149 allectio
1506 3093 1625 3164 alicujus
1647 3093 1680 3148 ad
1709 3093 1817 3175 aliquid

63 3176 188 3230 sursum,
212 3165 273 3219 haec
295 3164 439 3229 deorsum,
465 3163 542 3234 quod
569 3162 676 3233 omnia,
700 3179 764 3235 quae
780 3164 915 3289 ⁴pondere
970 3165 1091 3232 effectio,
1106 3168 1134 3219 et
1147 3164 1265 3219 seientia
1279 3169 1306 3218 et
1324 3164 1427 3236 positio
1443 3170 1470 3219 et
1484 3180 1584 3218 sensus
1605 3163 1692 3218 simili
1706 3167 1818 3220 ratioiio

64 3235 249 3305 gravissunt,
261 3234 617 3289 naturaliterierunturad
630 3238 778 3302 teriam;a
812 3236 915 3290 coelum
969 3240 1135 3292 noscuntur.
1152 3236 1214 3290 Non
1229 3251 1280 3290 nos
1294 3241 1390 3291 autam
1411 3236 1568 3307 perturbet,
1591 3235 1669 3308 quod
1685 3235 1816 3307 quiedam

64 3322 132 3360 vero
156 3306 242 3361 levari
264 3321 377 3360 necesso
399 3310 448 3370 est,
472 3321 537 3377 quie
560 3305 692 3360 videntur
717 3321 778 3360 esse
799 3306 913 3362 leviora.
969 3308 1056 3363 hu'us
1083 3306 1233 3377 categoria
1259 3322 1319 3360 esse
1347 3311 1511 3375 narrantur,
1539 3321 1604 3377 quae
1630 3311 1659 3360 et
1708 3305 1818 3362 ualitati

64 3377 136 3432 Hinc
163 3377 252 3448 igitur
280 3378 384 3432 coelum
416 3381 579 3446 terramque
605 3376 745 3456 contraria
772 3375 827 3431 sibi
854 3393 914 3432 esse
968 3325 1103 3434 alienior
1120 3394 1180 3432 esse
1201 3377 1362 3448 conjuncta.
1389 3377 1508 3432 Habitus
1522 3377 1599 3431 enim
1614 3380 1642 3431 et
1664 3323 1775 3432 affectio
1790 3381 1819 3432 et

63 3448 213 3516 dixerunt3
238 3448 315 3519 quod
337 3447 411 3502 banc
434 3447 577 3514 deorsum,
602 3447 675 3502 illud
696 3463 761 3503 iero
784 3448 915 3519 superius
968 3448 1087 3504 scientia
1102 3453 1245 3503 etcaetera
1260 3465 1325 3520 quaa
1346 3464 1411 3503 cum
1427 3448 1471 3502 his
1492 3447 1568 3503 dicta
1590 3451 1667 3516 sunt,
1688 3447 1819 3518 qualitati

64 3518 201 3574 naturalis
224 3517 376 3573 necessitas
398 3517 552 3573 collocavit.
570 3519 607 3573 Ex
624 3519 677 3573 bae
695 3518 784 3589 igitur
805 3518 915 3574 ratione
969 3519 1102 3576 ridentur
1123 3519 1246 3574 maxime
1265 3519 1426 3573 convenire.
1446 3518 1500 3574 Sed
1519 3517 1709 3573 differentiam
1731 3517 1817 3573 debe·

65 3589 177 3645 videtur
187 3589 397 3644 contrariomm
412 3589 543 3644 omnium
554 3588 683 3644 delinitio
693 3589 857 3644 constituta.
869 3589 916 3645 ui-
968 3607 1033 3646 mus
1048 3590 1204 3656 advertere,
1216 3605 1273 3670 qua
1291 3589 1336 3645 hae
1347 3589 1410 3645 duee
1419 3588 1579 3660 categoria,
1591 3587 1620 3643 id
1630 3592 1673 3643 est
1683 3587 1818 3670 qualitas,

62 3665 168 3716 cuntur
182 3660 260 3716 enim
274 3660 323 3715 illa
336 3676 396 3715 esse
409 3659 563 3728 contraria,
576 3676 641 3732 qnae
654 3676 720 3714 cnm
735 3659 792 3715 sint
807 3676 840 3715 ex
855 3676 914 3716 uuo
969 3666 997 3716 et
1020 3661 1056 3716 ad
1080 3659 1198 3732 aliquid,
1217 3674 1275 3714 sive
1298 3666 1357 3730 πρός
1372 3683 1396 3714 τι
1413 3668 1455 3714 sat
1473 3665 1581 3726 murcie,
1604 3675 1621 3714 a
1644 3675 1673 3714 se
1694 3658 1817 3715 invicem

63 3732 164 3787 eodem
186 3748 222 3787 ue
243 3747 358 3803 genere,
374 3731 465 3786 multo
483 3735 581 3786 tamen
596 3747 614 3785 a
627 3747 657 3785 se
673 3730 764 3802 spatio
779 3746 915 3802 separari·
968 3735 1147 3804 separantur.
1163 3729 1279 3795 Quoties
1296 3730 1373 3784 enim
1389 3729 1506 3785 scientia
1521 3728 1674 3801 cujuslibet
1688 3729 1731 3785 rei
1752 3745 1817 3801 quai

62 3807 119 3857 tur.
132 3748 185 3859 Sei
196 3804 257 3858 haec
267 3801 317 3874 qui
327 3807 466 3866 asserunt,
477 3802 584 3857 habent
596 3802 742 3857 advertere
754 3802 791 3857 ed
805 3802 915 3874 aliquid
968 3803 1006 3858 sit
1018 3800 1134 3882 scibilis,
1151 3800 1269 3857 scientia
1290 3799 1405 3881 dicitur,
1421 3804 1450 3855 et
1474 3817 1573 3856 sensns
1597 3799 1644 3882 rei¹
1653 3800 1724 3871 ejus.
1751 3814 1817 3872 quse

63 3873 147 3929 dictis
157 3874 251 3947 potius
259 3873 362 3929 debere
375 3873 520 3945 conjungi.
531 3873 679 3945 Siquidem
689 3889 775 3945 supra
787 3873 843 3929 dici
855 3889 915 3928 non
968 3874 1006 3929 sit
1019 3872 1171 3939 sensibilis,
1184 3888 1283 3927 sensns
1297 3871 1415 3939 dieitur;
1428 3874 1497 3926 tunc
1508 3871 1544 3926 ad
1557 3870 1667 3943 aliquid
1679 3870 1817 3927 debemus

62 3949 165 4016 potest,
181 3945 237 4000 nisi
252 3949 280 3999 et
296 3945 369 4000 inira
384 3944 472 4000 luerit
495 3944 686 4016 designatum.
707 3944 788 4009 Quod
802 3944 826 3999 si
840 3945 916 4000 calu·
968 3944 1114 4016 accipere:
1132 3949 1161 3999 at
1174 3959 1241 3999 cum
1252 3942 1370 3998 scientia
1380 3941 1585 4014 antdisciplina
1596 3958 1657 3997 nou
1669 3942 1713 3998 rei
1725 3942 1818 4013 enjus-

63 4016 169 4070 mniaii
190 4015 443 4086 quibusdamlibet,
464 4031 552 4087 supra
574 4020 603 4070 et
624 4015 700 4070 inira
719 4016 750 4070 in
770 4016 915 4086 categoria
967 4017 1049 4085 libat,
1064 4015 1114 4070 sed
1128 4013 1380 4080 homiuisdicitui,
1419 4013 1565 4069 uilitatem
1580 4013 1819 4084 debemusagiio·

63 4087 162 4158 magis,
181 4103 245 4158 quae
260 4086 440 4152 ubidicitur,
456 4086 547 4140 videri
600 4090 654 4140 test
670 4101 677 4140 :
692 4101 758 4140 cum
772 4086 849 4141 euim
864 4103 914 4140 su·
968 4102 1055 4142 scere.
1081 4087 1147 4140 liceo
1165 4088 1209 4139 est
1229 4084 1345 4139 interim
1371 4084 1399 4138 di
1423 4084 1541 4152 eientia,
1568 4084 1636 4138 licet
1656 4084 1680 4139 si
1702 4084 1817 4155 proprio

62 4174 115 4227 pra
129 4163 156 4213 et
168 4157 244 4212 inira
258 4157 391 4227 dicimus,
403 4156 454 4212 ubi
468 4102 716 4228 atiquiiogeraiur.
733 4156 910 4227 agnoscitur.
968 4157 1039 4212 lianc
1061 4155 1246 4227 categoriam,
1271 4171 1336 4236 qoae
1359 4154 1394 4209 ad
1416 4153 1525 4235 aliquid
1547 4153 1660 4220 dicitur,
1682 4154 1817 4235 uolumus

61 4229 115 4284 Sed
131 4231 202 4297 haec,
220 4232 250 4283 ut
267 4229 404 4297 diximus,
419 4227 609 4299 garrientium
625 4231 692 4280 sunt
707 4243 714 4281 ε
736 4243 789 4280 nos
802 4241 870 4281 vero
884 4227 915 4282 iii
967 4226 1098 4290 delinire,
1115 4231 1146 4280 ut
1161 4242 1177 4279 a
1191 4230 1300 4280 caeteris
1310 4232 1457 4296 separetur
1472 4224 1514 4295 (iii
1529 4240 1629 4278 omnes
1643 4239 1720 4279 emm
1735 4224 1817 4279 vide-

63 4305 171 4371 quanto
184 4299 296 4355 admitti
311 4299 486 4353 contrarium
502 4298 617 4353 credere
632 4312 690 4351 non
702 4297 848 4353 debemus.
861 4298 916 4353 Ad·
968 4303 1016 4353 tur
1030 4298 1184 4365 incurrere)
1197 4315 1205 4361 3
1220 4295 1276 4351 alio
1292 4296 1378 4351 modo
1393 4312 1457 4350 eam
1475 4294 1595 4350 delinire
1617 4293 1763 4359 debemus,
1779 4310 1817 4351 ne

63 4375 172 4426 vertere
192 4371 302 4425 interea
321 4370 387 4424 lieet
406 4369 492 4439 buJ'us
508 4368 655 4424 occasione
674 4372 820 4433 tractatus,
836 4368 914 4423 aliud
968 4384 1081 4439 semper
1100 4382 1205 4438 parum
1227 4365 1471 4421 considerantibus
1492 4381 1571 4420 error
1596 4364 1713 4419 oriatur.
1738 4366 1818 4420 Tunc

63 4457 123 4496 esse
142 4457 229 4511 super·
247 4448 276 4495 et
296 4441 393 4496 subter
411 4439 556 4506 naturale;
574 4439 651 4494 aliud
666 4454 732 4493 vero
750 4439 916 4510 quodcirca
969 4455 1037 4510 eigo
1050 4443 1076 4493 et
1096 4454 1162 4492 veie
1177 4441 1206 4492 et
1223 4437 1337 4510 proprie
1353 4437 1387 4491 ad
1410 4435 1519 4508 aliquid
1542 4434 1655 4516 dicitur,
1674 4451 1740 4491 cum
1763 4437 1817 4491 sub

63 4527 126 4565 nos.
147 4511 282 4567 Naturale
305 4511 383 4566 enim
406 4527 465 4566 non
490 4513 583 4581 potest
604 4509 762 4576 immutari,
785 4514 914 4565 nostruin
969 4527 1027 4566 uno
1041 4513 1106 4564 ortu
1120 4513 1205 4582 atque
1220 4524 1331 4573 occasu,
1346 4512 1375 4561 et
1390 4507 1418 4562 id
1435 4507 1514 4578 quod
1524 4506 1667 4577 jungitur,
1683 4510 1712 4561 et
1725 4505 1755 4562 id
1770 4507 1816 4562 cui

63 4585 158 4636 autem
172 4581 346 4653 migratione
361 4581 513 4637 bominum
528 4584 721 4635 commutatur
736 4597 742 4636 :
757 4585 789 4635 ut
811 4580 835 4635 si
871 4581 914 4636 uis
967 4576 1818 4659 jungitur,inienitur:utputaseriusetdomiriusmtium·

63 4667 127 4705 cuni
143 4653 174 4706 iii
195 4652 380 4707 inferioribus
399 4652 496 4720 luerit,
512 4652 549 4706 ad
563 4651 710 4776 superiora
733 4598 914 4719 consceniat,
970 4668 1026 4724 que
1040 4651 1084 4707 iel
1098 4651 1183 4706 simul
1194 4655 1247 4719 est,
1262 4649 1306 4703 vel
1318 4648 1403 4730 simul
1419 4664 1476 4729 iioii
1491 4652 1543 4703 est.
1559 4648 1670 4703 Etenim
1684 4663 1750 4703 cum
1763 4648 1817 4703 do·

63 4725 112 4775 aut
139 4739 155 4777 e
184 4722 381 4794 superioribus
406 4722 474 4776 velit
501 4722 537 4777 ad
563 4723 592 4777 iii
606 4722 700 4778 eriora
725 4722 915 4791 descendere;
969 4723 1081 4779 minum
1093 4722 1208 4787 dixeris,
1218 4735 1377 4775 necessario
1392 4723 1493 4774 existet
1504 4722 1533 4773 et
1544 4734 1657 4786 servus;
1673 4734 1738 4773 cuin
1752 4735 1817 4775 vero

63 4793 162 4847 oiunia
175 4793 227 4858 illi,
245 4809 309 4863 quie
328 4798 394 4849 ante
409 4793 523 4848 luerent
543 4797 765 4860 commutantur,
780 4808 845 4848 oum
862 4795 916 4849 de·
969 4795 1118 4850 dominum
1128 4790 1238 4857 tuleris,
1250 4806 1407 4845 necservus
1417 4794 1542 4861 apparet.
1554 4788 1818 4860 Similiterduplum

63 4864 219 4930 scandenti,
232 4863 366 4918 interiora
382 4880 446 4936 quas
460 4864 583 4929 luerent,
595 4864 914 4936 superioiaceinantur.
969 4869 998 4919 et
1017 4865 1163 4937 simplum,
1185 4862 1354 4917 alterutrum
1377 4877 1407 4916 se
1429 4862 1472 4915 vel
1490 4859 1638 4932 perimunt
1658 4860 1703 4914 iel
1722 4864 1816 4914 osten·

63 4934 136 4989 lllud
160 4951 275 5006 quoque
299 4940 407 5006 quanto
436 4934 522 4999 inest,
546 4935 578 4990 in
603 4935 682 4990 omni
707 4934 835 5006 quidem,
858 4951 942 4990 non1
968 4936 1059 4991 dunt:
1080 4937 1236 5005 apparente
1251 4932 1329 4987 enim
1343 4932 1441 5003 duplo,
1456 4931 1748 5001 nascitnrsimpluni;
1764 4929 1819 4985 du-

62 5010 159 5059 tamen
175 5005 206 5060 iii
230 5007 300 5072 solo,
317 5012 349 5061 nt
363 5023 421 5061 non
436 5006 555 5078 recipiat
568 5007 659 5076 magis
674 5011 702 5061 et
717 5007 821 5072 minus,
837 5007 915 5078 qnod
991 5008 1016 5062 to
1030 5009 1179 5078 pereunte,
1198 5019 1252 5058 neo
1266 5002 1522 5084 simplumqpoterit
1557 5016 1714 5057 ermanare.
1731 4999 1818 5082 Simi3

63 5093 154 5147 graece
169 5076 276 5131 dictum
292 5081 333 5133 est
348 5084 443 5147 μᾶλλον
458 5087 499 5133 sat
511 5083 595 5145 ἦττον.
610 5078 743 5148 Bipedale
758 5077 916 5133 enimcum
969 5024 1092 5147 fiterque
1106 5075 1131 5130 si
1155 5074 1291 5146 simplum
1314 5090 1373 5129 non
1393 5079 1437 5140 sit,
1459 5090 1511 5130 neo
1545 5074 1644 5144 npluni
1668 5075 1728 5137 est;
1750 5076 1780 5126 at
1794 5087 1820 5125 si

63 5148 196 5212 dicimus,
212 5163 270 5202 nori
286 5165 437 5218 possumus
451 5149 530 5203 aliud
550 5148 679 5220 bipedale
699 5147 790 5219 magis
804 5149 846 5202 iel
862 5148 916 5204 mi·
970 5148 1106 5228 simplum
1121 5145 1216 5213 luerit,
1232 5150 1260 5200 et
1274 5146 1394 5218 duplum
1407 5144 1566 5200 necessario
1582 5140 1739 5222 apparebit.
1750 5141 1818 5222 Spe-

64 5235 118 5274 nus
131 5219 234 5273 dicere.
250 5218 340 5273 Simili
356 5220 432 5273 enim
448 5220 533 5275 modo
547 5219 678 5290 bipedale
693 5219 850 5274 secundum
862 5223 915 5287 est,
969 5219 1079 5275 cialiter
1092 5223 1188 5272 tamen
1204 5232 1236 5271 ac
1250 5232 1280 5270 re
1301 5215 1429 5285 ulariter,
1449 5221 1480 5271 ut
1493 5217 1554 5271 baee
1568 5219 1711 5284 categoria
1725 5229 1820 5266 mani·

63 5290 308 5361 quemadmodum
322 5290 493 5360 etprimum.
506 5291 585 5355 Quod
597 5291 619 5345 si
631 5290 708 5344 atiud
720 5290 777 5344 alio
793 5290 916 5364 amplius
969 5289 1068 5346 festius
1080 5288 1272 5369 dignoscatur,
1281 5233 1358 5368 irae·
1368 5288 1412 5368 via
1425 5290 1480 5367 est,
1497 5301 1554 5366 qua
1568 5283 1705 5339 debemus
1719 5282 1820 5338 adver·

63 5362 160 5424 fuerit,
171 5362 231 5432 jain
246 5375 305 5415 non
315 5360 463 5432 bipedalis,
476 5363 525 5417 sed
540 5361 657 5417 alterius
672 5377 813 5416 mensurae
827 5361 917 5416 susci-
970 5364 1040 5429 tere,
1051 5375 1110 5414 iioii
1121 5363 1196 5414 recte
1207 5359 1263 5413 dici
1277 5359 1312 5413 ad
1322 5357 1440 5429 aliquid,
1452 5373 1507 5412 nisi
1522 5371 1588 5411 cuin
1598 5363 1747 5436 saltarios
1761 5363 1820 5426 πρὸς

64 5433 107 5503 pit
129 5448 245 5487 nomen.
263 5433 320 5486 Nec
334 5449 472 5487 numerus
487 5432 579 5503 magis
593 5436 644 5486 aut
666 5433 763 5486 minus
784 5433 914 5499 sustinet,
970 5436 1286 5501 καιιιαπονάναφιρεται,
1301 5430 1353 5485 hoo
1364 5433 1407 5483 ost
1419 5427 1563 5498 singulare
1574 5426 1610 5480 ad
1620 5426 1765 5506 singulare
1778 5443 1820 5506 re·

64 5503 207 5575 siquidem
224 5509 279 5558 tres
293 5503 385 5574 magis
400 5511 449 5558 aut
463 5503 559 5558 minus
570 5510 627 5558 tres
640 5504 790 5558 nominare
802 5503 917 5558 demen-
970 5503 1070 5558 fertur.
1085 5501 1115 5558 Si
1134 5501 1251 5572 quidem
1275 5517 1341 5556 cuin
1358 5499 1479 5555 dicimus
1499 5497 1630 5568 duplum,
1651 5512 1712 5552 sine
1732 5495 1820 5578 dubio

65 5574 105 5629 tia
119 5580 170 5630 est.
188 5576 221 5630 Et
234 5579 348 5656 tempus
363 5591 422 5629 non
436 5579 529 5645 potest
543 5590 605 5629 esse
619 5578 747 5655 tempore
762 5574 853 5646 magis
868 5578 918 5629 aut
971 5589 1030 5629 non
1042 5572 1227 5656 generaliter,
1244 5572 1295 5628 sed
1308 5570 1470 5650 specialiter
1481 5569 1536 5624 hoc
1550 5569 1672 5639 duplum
1686 5567 1819 5631 dicimus,

67 5644 172 5700 minus,
188 5646 282 5700 Clarct
296 5647 385 5717 igitur
406 5645 451 5700 bis
466 5645 601 5717 expositis
618 5661 709 5717 magis
732 5649 761 5700 et
776 5644 870 5700 minus
886 5645 917 5699 in
971 5646 1000 5699 at
1013 5645 1100 5714 bupns
1121 5644 1216 5715 simpli
1235 5643 1355 5714 duplum
1372 5640 1504 5696 dicimus.
1524 5643 1564 5719 Ao
1583 5643 1735 5721 propiciea
1753 5644 1822 5720 tunc

66 5721 179 5787 quanio„
188 5717 310 5773 inveniri
325 5733 384 5774 non
399 5733 491 5789 posse.
509 5716 661 5788 Proprium
681 5732 747 5772 iero
762 5715 873 5790 quanti,
889 5720 918 5771 et
972 5731 1038 5772 vere
1060 5715 1096 5772 ad
1115 5715 1223 5788 aliquid
1244 5711 1387 5785 categoria
1400 5715 1452 5780 est,
1473 5715 1595 5784 quoties,
1618 5710 1698 5767 verbi
1718 5713 1821 5782 gratia,
