3884 6112
60 215 115 265 957

60 334 206 406 respicere
215 333 349 405 patriam,
363 334 449 389 etiem
459 334 522 392 sine
533 335 758 409 disputationum
768 347 911 397 concerta·

61 424 145 479 tione
159 423 328 495 potuissent.

244 513 356 568 CAPUT
371 514 423 567 llll.
440 543 474 554 -
485 516 623 571 Conclusio
637 519 734 585 operis.

101 602 146 656 43.
170 602 227 655 lloc
253 600 324 655 mihi
354 600 389 655 de
410 602 585 657 Academicis
611 604 728 659 interim
755 607 914 677 probabili-

62 692 120 756 ter,
143 694 176 744 ut
202 690 294 761 potui,
323 690 459 761 persuasi.
485 690 566 755 Quod
592 692 615 745 si
639 692 743 748 falsum
763 702 817 766 est,
841 696 914 750 nihil

62 779 173 845 adme,
189 778 235 833 cui
256 779 324 832 satis
344 784 387 834 est
404 778 463 848 jam
475 795 533 835 nou
548 781 691 848 arbitrari,
708 798 766 837 uon
780 800 863 855 posse
879 784 913 839 ab

62 867 183 921 homine
196 866 318 920 inveniri
333 867 491 922 veritatem.
507 868 641 941 Quisquis
653 876 750 926 autem
764 876 846 943 putat
860 873 915 928 hoc

63 956 186 1010 sensisse
205 955 400 1025 Academicos,
423 956 518 1026 ipsum
544 957 710 1014 Ciceronem
735 960 841 1016 audiat.
867 963 914 1018 Ait

63 1045 142 1098 enim
158 1043 213 1099 illis
228 1060 338 1099 morem
352 1045 440 1099 fuisse
456 1046 801 1104 occultandisententiam
821 1067 913 1119 snam,

63 1149 190 1188 neceam
201 1133 334 1205 cuiquam
349 1133 404 1187 nisi
418 1134 469 1204 qui
481 1151 577 1189 secum
590 1135 625 1190 ad
635 1141 811 1194 senectutem
822 1155 913 1211 usque

62 1221 181 1277 vixisset
196 1219 217 1288 ¹,
246 1222 357 1292 aperire
379 1238 540 1278 consuesse.
569 1223 638 1288 Quae
664 1225 701 1279 sit
725 1230 822 1282 autem
848 1227 912 1295 ista,

64 1312 141 1365 Deus
150 1309 270 1376 viderit;
286 1326 349 1365 eam
365 1314 461 1365 tamen
474 1310 598 1366 arbitror
609 1314 733 1368 Platonis
747 1314 844 1370 fuisse.
859 1316 915 1371 Sed

63 1399 236 1454 utbreviter
249 1398 394 1470 accipiatis
408 1415 494 1468 omne
509 1401 691 1472 propositum
708 1419 820 1471 meum3
837 1421 913 1475 quo-

63 1503 122 1559 quo
136 1487 223 1542 modo
236 1503 266 1542 se
280 1487 520 1542 habeathumaua
533 1490 681 1560 sapientia,
697 1507 760 1546 eam
774 1508 818 1546 me
832 1493 914 1547 video

64 1577 195 1631 noudum
209 1576 381 1648 percepisse.
402 1576 458 1632 Sed
472 1593 537 1631 cum
553 1577 734 1650 trigesimum
751 1585 779 1636 et
797 1581 914 1636 tertium

64 1665 157 1720 aetatis
181 1681 291 1720 annum
314 1681 398 1736 agam
419 1668 467 1737 (a),
484 1683 543 1721 uon
565 1683 611 1722 me
625 1669 749 1724 arbitror
763 1671 915 1742 desperare

63 1754 170 1809 debere
194 1770 256 1809 eam
277 1770 324 1808 me
347 1755 520 1826 quandoque
535 1756 715 1829 adepturum.
739 1759 915 1830 Contemptis

63 1847 163 1897 tamen
177 1843 286 1898 caeteris
307 1844 440 1898 omnibus
455 1860 520 1915 quae
545 1846 621 1900 bona
644 1848 780 1902 mortales
802 1852 913 1920 putant,

63 1931 133 1986 huic
147 1932 352 2003 investigandae
362 1933 499 1987 inservire
508 1933 655 2004 proposui.
666 1938 689 1989 A
703 1952 760 2008 quo
772 1952 819 1991 me
828 1953 915 2008 nego·

64 2021 107 2075 tio
122 2021 258 2092 qnoniam
273 2021 399 2077 rationes
417 2021 652 2078 Academicorum
671 2040 729 2079 non
744 2025 845 2080 leviter
857 2026 915 2097 {de-

66 2109 222 2178 terrebant,
238 2110 314 2177 satis,
336 2114 369 2165 ut
388 2111 522 2178 arbitror,
539 2115 638 2167 contra
652 2128 698 2167 eas
711 2117 772 2168 tota
787 2114 914 2186 disputa-

64 2197 145 2253 tione
161 2198 289 2254 munitus
306 2214 380 2253 sum.
404 2198 480 2254 Nulli
495 2203 593 2254 autem
607 2201 727 2255 dubium
741 2207 784 2258 est
798 2203 914 2274 gemino

491 211 691 271 ADMONITIO
711 215 759 271 DE
778 215 953 284 SEQUENTI
974 219 1087 277 LIBRO
1107 220 1155 275 DE
1175 218 1296 276 nahra
1314 219 1412 277 VITA.
1770 229 1821 282 958

1002 343 1047 398 tl.
1063 341 1112 396 llic
1123 345 1276 413 postquam
1286 341 1427 397 sermonis
1437 342 1526 399 finem
1537 359 1583 399 me
1596 345 1695 401 iecisse
1706 362 1823 418 aspexe-

969 429 1370 502 runt,quamquamjam[erat
1380 446 1447 497 nox,
1458 432 1694 503 etaliquidetiam
1705 435 1821 491 lucerna

969 518 1048 573 illata
1062 519 1201 589 scriptum
1214 523 1292 588 erat;
1308 523 1406 574 tamen
1422 519 1465 574 illi
1479 520 1671 576 adolescentes
1688 523 1820 577 intentis·

969 608 1040 663 sime
1063 608 1275 679 exspectabant,
1297 612 1396 663 utrum
1420 609 1539 680 Alypius
1563 611 1609 664 vel
1631 610 1698 665 aliie
1722 611 1768 666 die
1791 627 1820 664 se

969 712 1175 768 responsurum
1189 712 1249 751 esse
1268 697 1460 767 promitteret.
1475 698 1547 752 Tum
1562 698 1630 753 ille:
1652 699 1730 754 Nihil
1749 699 1822 753 mihi

969 784 1132 857 aliqnando,
1148 784 1251 855 inquit,
1269 789 1329 838 tam
1353 800 1387 839 ex
1410 786 1550 840 sententia
1565 786 1729 856 provenisse
1743 787 1823 841 altir-

968 888 1047 928 mare
1062 877 1178 944 paratus
1193 888 1267 935 sum,
1281 889 1368 944 quum
1383 875 1460 945 quod
1473 874 1611 929 hodierna
1628 875 1820 945 disputatione

969 959 1082 1015 discedo
1098 965 1259 1032 superatus.
1277 961 1333 1015 Nec
1348 962 1432 1016 istam
1447 978 1542 1017 meam
1558 967 1670 1017 tantum
1683 968 1753 1034 puto
1771 964 1820 1018 de·

969 1044 1037 1100 bere
1047 1061 1107 1102 esse
1118 1047 1259 1103 letitiam.
1271 1048 1494 1105 Communicabo
1508 1067 1576 1122 ergo
1587 1067 1650 1106 eam
1661 1052 1820 1118 vobiscum,

969 1138 1176 1190 concertatores
1191 1136 1258 1203 mci,
1274 1137 1317 1191 vel
1335 1137 1446 1208 judices
1461 1138 1561 1194 nostri.
1579 1139 1819 1211 Quandoquidem

968 1220 1022 1276 isto
1043 1237 1072 1277 se
1087 1228 1170 1293 pacto
1188 1239 1203 1277 a
1218 1223 1276 1277 suis
1292 1225 1413 1293 posteris
1428 1225 1512 1292 vinci,
1528 1226 1582 1297 ipsi
1598 1226 1684 1280 etiam
1700 1227 1820 1282 fortasse

968 1309 1131 1364 Academici
1152 1311 1390 1381 optarunt.de
1409 1313 1486 1368 enim
1508 1315 1592 1368 nobis
1612 1316 1666 1369 hoc
1680 1315 1820 1371 sermonis

969 1398 1066 1468 lepore
1078 1397 1244 1468 iucundius,
1270 1399 1340 1469 quid
1361 1401 1567 1455 sententiarum
1590 1403 1730 1473 gravitate
1752 1420 1820 1474 per-

967 1486 1095 1557 pensius,
1109 1486 1180 1559 quid
1196 1487 1395 1543 benevolentia
1411 1490 1584 1567 promptius,
1600 1490 1669 1561 quid
1692 1491 1822 1546 doctrina

969 1574 1090 1645 peritius
1113 1575 1205 1631 videri
1219 1581 1270 1632 aut
1285 1577 1414 1632 exhiberi
1429 1581 1550 1649 posset‘l
1573 1580 1692 1633 Prorsus
1711 1595 1819 1650 nequa-

970 1679 1057 1734 quam
1067 1663 1153 1734 digne
1164 1663 1300 1719 admirari
1312 1682 1438 1737 possum,
1451 1667 1527 1739 quod
1542 1671 1600 1721 tam
1610 1667 1701 1722 facete
1712 1684 1820 1738 aspere,

969 1755 1028 1806 tam
1050 1752 1164 1808 fortiter
1179 1753 1338 1825 desperata,
1365 1759 1422 1810 tam
1441 1756 1588 1811 moderate
1605 1756 1744 1824 convicta,
1762 1761 1821 1811 tam

970 1840 1095 1896 dilucide
1116 1842 1238 1896 obscura
1251 1846 1369 1897 tractata
1382 1849 1459 1899 sunt.
1474 1844 1567 1909 Quare
1579 1845 1654 1916 jam,
1669 1843 1738 1898 socii
1750 1844 1818 1911 mei,

969 1928 1209 1999 exspectationem
1232 1934 1366 1999 vestram,
1389 1948 1446 2003 qna
1467 1949 1514 1986 me
1536 1933 1572 1987 ad
1588 1932 1821 2003 respondendum

968 2018 1176 2089 provocabatis,
1192 2019 1313 2075 certiore
1324 2037 1374 2091 spe
1388 2037 1503 2076 mecum
1516 2021 1553 2076 ad
1570 2021 1739 2077 discendum
1752 2038 1822 2077 con·

969 2106 1079 2162 vertite.
1106 2107 1249 2163 Habemus
1273 2109 1375 2164 ducem
1401 2109 1450 2181 qui
1472 2126 1526 2164 nos
1549 2110 1579 2164 in
1608 2111 1671 2181 ipsa
1694 2110 1821 2166 veritatis

970 2210 1085 2262 areana,
1100 2196 1159 2251 Deo
1171 2197 1233 2268 Jam
1247 2201 1434 2265 monstrante,
1450 2199 1600 2269 perducat.

65 2289 253 2359 ponderenos
267 2286 378 2359 impelli
392 2288 427 2342 ad
442 2287 622 2357 discendum,
637 2291 814 2345 auctoritatis
828 2282 915 2363 atque
1004 2285 1048 2338 45·
1066 2283 1116 2338 Hie
1129 2300 1193 2356 ⁰302
1209 2300 1275 2341 eum
1295 2285 1338 2340 5¹¹1
1352 2286 1462 2358 {puerili
1477 2287 1603 2358 <diffidam
1618 2287 1722 2355 studit),
1744 2289 1821 2360 ΨΜ

65 2375 196 2432 rationis,
212 2376 278 2431 Mihi
294 2384 391 2431 autem
413 2381 523 2432 certum
538 2382 581 2433 est
605 2395 748 2449 nusquam
767 2395 916 2450 prorsum
969 2370 1088 2442 Alypius
1110 2387 1300 2443 responsurus
1319 2391 1379 2428 non
1398 2374 1557 2443 videbatur,
1580 2374 1663 2445 quasi
1677 2376 1822 2431 fraudatos

66 2464 172 2520 Christi
187 2465 353 2520 auctoritate
369 2465 530 2520 discedere:
554 2482 613 2522 non
636 2467 714 2522 enim
734 2468 846 2539 reperio
866 2485 914 2522 va·
970 2462 1051 2517 vultu
1071 2478 1100 2516 se
1123 2463 1330 2518 ostenderunt:
1355 2464 1500 2533 Invidetis,
1531 2465 1650 2537 inquam
1681 2464 1821 2532 arridens,

66 2554 228 2613 lentiorem.
252 2555 332 2620 Quod
353 2559 449 2609 autem
469 2554 654 2611 subtilissima
677 2555 788 2611 ratione
815 2573 914 2624 perse·
969 2550 1101 2605 laudibus
1124 2551 1220 2606 meis?
1244 2551 1298 2606 Sed
1323 2553 1460 2622 quoniam
1485 2554 1520 2609 de
1546 2554 1641 2626 Alypii
1665 2553 1820 2609 constantia

65 2643 215 2715 quendum
228 2648 288 2711 est;
305 2644 346 2698 ita
360 2643 437 2698 euim
449 2644 511 2715 jam
525 2660 589 2698 sum
606 2644 732 2711 allectus,
747 2650 779 2700 ut
794 2646 863 2717 quid
878 2646 915 2701 sit
966 2638 1027 2709 jam
1048 2654 1164 2695 securus
1178 2640 1252 2694 nihil
1269 2656 1335 2695 eum
1360 2641 1448 2696 timeo
1462 2658 1468 2708 ;
1493 2646 1525 2695 ut
1539 2657 1589 2695 vos
1610 2657 1726 2712 quoque
1749 2638 1822 2694 mihi

63 2745 175 2797 verum,
192 2746 249 2785 non
271 2731 413 2786 credendo
436 2732 536 2793 solum,
557 2731 607 2786 sed
626 2732 713 2787 etiam
727 2731 914 2802 intelligendo
969 2727 1076 2798 gratias
1089 2729 1193 2799 agatis,
1206 2728 1317 2784 instruo
1333 2745 1383 2784 vos
1397 2729 1531 2784 adversus
1544 2729 1629 2783 illum
1646 2728 1696 2800 qui
1710 2732 1821 2783 tantam

63 2820 282 2891 apprehendere
293 2819 476 2891 impatienter
484 2820 657 2889 desiderem
670 2821 746 2891 apud
756 2820 914 2876 Platonicos
968 2814 1159 2870 intentionem
1188 2820 1289 2870 vestre
1317 2815 1535 2886 exspectationis
1564 2815 1695 2871 offendit.
1724 2816 1822 2886 Legite

63 2923 113 2965 me
126 2908 243 2964 interim
258 2909 335 2980 quod
350 2908 437 2963 sacris
460 2909 564 2964 nostris
584 2925 644 2965 nou
659 2914 802 2980 repugnet
815 2925 913 2981 repar·
968 2902 1167 2970 Academicos;
1182 2907 1211 2958 et
1220 2919 1285 2959 cum
1295 2904 1337 2960 ihi
1346 2905 1482 2959 victorem
1494 2903 1573 2975 (quid
1586 2904 1663 2958 enim
1674 2902 1820 2972 facilius‘l)

62 3002 161 3053 turum
178 3013 238 3052 esse
252 2996 374 3052 confido.
968 2990 1089 3046 istarum
1105 3007 1249 3062 nugarum
1269 2993 1339 3064 (Lib.
1356 2994 1367 3048 l
1383 2996 1502 3059 Retroet,
1520 3008 1581 3062 cop.
1600 2996 1625 3059 l,
1642 3008 1671 3047 a.
1688 2992 1725 3062 tt,
1741 2992 1822 3047 Cice-

99 3084 163 3134 ¹sic
174 3085 252 3148 juxta
269 3086 391 3139 treantes,
406 3085 570 3150 [Vixisseatt
968 3093 1069 3133 ronam
1081 3077 1259 3150 inveneritis,
1274 3084 1392 3151 cogatur
1405 3079 1457 3135 iste
1473 3080 1582 3134 avobis
1596 3079 1673 3135 hune
1688 3083 1820 3135 nostrum

98 3147 252 3218 (ammtffl
268 3148 353 3220 ΜΨ
371 3148 646 3236 ⁸ss⁰b⁸²tfit10⁸iffl¹¹l¹3
667 3149 783 3222 “munh
806 3150 913 3220 quimd⁰
969 3182 1132 3222 sermenem
1151 3171 1250 3222 centra
1274 3168 1324 3222 illa
1345 3168 1450 3223 invicta
1468 3167 1630 3223 defendere.
1657 3169 1735 3223 Hanc
1754 3168 1820 3237 tibi,

63 3222 168 3272 apicem
180 3209 304 3259 ultimum
320 3211 474 3272 imponebat
484 3211 546 3260 huic
556 3224 628 3274 operi
639 3247 645 3258 .
660 3223 752 3260 verum
763 3211 790 3261 vd
800 3213 914 3262 scribere

64 3274 182 3334 eoepsmt
201 3272 320 3321 nondum
339 3272 428 3335 elapso
448 3273 533 3323 aucis
553 3287 608 3322 sum
629 3286 700 3322 anno
720 3273 854 3337 trigesimo
876 3287 914 3323 30.
968 3255 1063 3326 Alypi,
1077 3255 1180 3312 duram
1193 3257 1355 3312 mercedem
1370 3272 1422 3328 pro
1434 3256 1818 3312 mealalsalauderestitno.

64 3332 172 3391 0³111d03
184 3334 563 3444 quassd⁰fluid0fflissch0⁸tum
573 3335 606 3384 ab
615 3334 673 3445 18⁸0
681 3335 798 3386 suitam
807 3349 873 3407 01)ss?
882 3336 914 3387 de
970 3343 1020 3398 llic
1032 3360 1098 3399 cum
1112 3346 1284 3414 arrisissent,
1298 3346 1387 3401 finem
1401 3350 1488 3401 tantae
1505 3345 1703 3413 conflictionis,
1722 3349 1818 3401 utrum

65 3395 301 3507 hildilid,
317 3396 914 3523 ltttttitttsttlvittisuittis:
968 3432 1165 3489 firmissimam
1180 3435 1286 3502 nescio,
1303 3435 1459 3491 modestius
1476 3439 1572 3489 tamen
1590 3438 1619 3489 et
1634 3433 1817 3504 cuiusquam

66 3535 82 3565 α
97 3519 234 3569 occasione
245 3521 296 3570 diei
308 3521 404 3570 natalis
414 3521 464 3579 sui,
475 3538 489 3568 a
498 3521 550 3632 qui
564 3523 592 3592 in
609 3523 638 3571 13
651 3522 803 3571 novembris
817 3521 915 3571 incide-
970 3536 1152 3590 speraveram
1165 3521 1298 3579 fecimus.

65 3581 122 3641 bat,
133 3586 162 3631 ut
176 3585 286 3632 testatur
300 3583 346 3632 tib.
360 3583 485 3632 debeam
522 3584 567 3644 ita,
578 3597 607 3633 111
620 3583 784 3647 praelatione.

740 3753 1146 3860 ADMONITIO

552 3895 605 3962 DE
629 3896 825 3975 SEQUENTI
849 3896 967 3964 LIBRO
990 3897 1044 3963 DE
1067 3896 1200 3963 BEATA
1223 3896 1331 3976 VITA,

102 4020 209 4074 Damus
220 4016 266 4074 hie
280 4016 335 4088 loci
350 4017 455 4074 librum
469 4018 504 4073 dc
519 4019 603 4073 Beata
618 4020 689 4087 Vit'a,
705 4019 753 4091 qui
770 4035 855 4091 opere
867 4023 967 4074 contra
975 4019 1160 4075 Academicos
1169 4020 1230 4092 jam
1245 4020 1379 4075 inchoato
1394 4023 1480 4091 atque
1495 4017 1613 4075 interim
1628 4018 1744 4074 dimisso
1759 4034 1822 4073 sus·

63 4111 175 4179 ceptus,
194 4112 222 4163 et
240 4107 405 4162 continuata
417 4123 469 4178 per
483 4111 539 4162 tres
554 4107 614 4162 dies
629 4108 821 4179 disputatione
836 4107 914 4178 apud
927 4107 1089 4164 cassiacum
1105 4109 1248 4181 perfectus
1263 4113 1314 4163 est.
1333 4109 1404 4163 Cum
1418 4123 1485 4162 vero
1500 4107 1561 4178 ejus
1576 4105 1679 4160 edendi
1696 4108 1822 4160 occasio·

64 4211 134 4252 nem
150 4195 279 4250 natalitio
292 4194 401 4251 suedie
415 4195 509 4250 idibus
523 4196 685 4251 novembris
696 4200 844 4251 recurrent
860 4199 925 4268 (quo
940 4194 1071 4251 videlicet
1085 4197 1130 4252 dis
1144 4198 1173 4252 in
1190 4213 1297 4252 anuum
1311 4196 1372 4268 ipse
1387 4213 1446 4251 suae
1461 4195 1552 4251 aetuhs
1566 4193 1747 4264 trigesimum
1762 4197 1821 4247 ter-

64 4285 140 4341 tium
152 4284 400 4356 progrediebatur)
415 4289 529 4338 nactum
549 4300 578 4338 se
594 4284 669 4339 dicat
679 4283 864 4355 Augustinus,
881 4288 1012 4339 constare
1026 4285 1144 4340 omnino
1160 4285 1246 4340 debet
1261 4302 1333 4356 epus
1351 4289 1516 4356 utrumque,
1534 4299 1599 4337 cum
1614 4282 1669 4336 hoc
1683 4281 1717 4336 de
1732 4282 1819 4336 Beata

65 4372 142 4442 Vita,
157 4376 218 4427 tum
228 4372 300 4428 illud
315 4377 414 4427 contra
424 4371 606 4427 Academicos
620 4372 799 4428 elaboratum
814 4371 901 4428 fuisse
916 4377 1037 4428 exeunte
1053 4373 1245 4430 Christianae
1260 4373 1459 4430 trecentesimo
1472 4370 1646 4443 octogesimo
1663 4375 1750 4432 sexto,
1770 4369 1821 4442 qui

66 4461 159 4535 ipsius
174 4461 359 4517 conversione
371 4459 492 4531 insignis
504 4459 568 4515 luit.

104 4551 186 4606 Hisce
199 4566 286 4622 porro
308 4550 343 4605 de
363 4550 447 4605 Beata
467 4549 529 4604 Vita
551 4547 803 4620 disputationibus,
818 4564 889 4620 quas
911 4548 1006 4604 festivi
1026 4565 1059 4604 ac
1076 4551 1211 4607 solemnis
1232 4552 1323 4607 instar
1341 4550 1421 4623 epuli
1437 4546 1599 4618 exhibebat,
1616 4547 1714 4603 adesse
1729 4546 1821 4603 voluit

68 4639 244 4695 convictores
259 4654 326 4692 suos
338 4654 449 4707 omnes,
464 4642 550 4709 atque
564 4637 594 4692 in
609 4637 710 4709 primis
723 4637 883 4692 blonnicam
897 4641 1019 4693 matrem
1035 4655 1128 4708 suam,
1144 4656 1210 4712 quae
1221 4641 1426 4697 sententiarum
1442 4651 1558 4693 suarum
1574 4636 1713 4708 gravitate
1728 4653 1760 4692 ac
1775 4654 1821 4692 sa-

67 4728 177 4801 pientia
194 4731 350 4799 praesentes
366 4727 397 4782 in
416 4725 635 4781 admirationem
650 4726 757 4799 rapuit,
775 4726 951 4782 exclamante
970 4727 1057 4784 etiam
1071 4730 1249 4802 Augustino:
1265 4733 1356 4801 ipsam
1368 4742 1493 4798 prorsus,
1509 4730 1605 4796 mator,
1622 4743 1711 4783 arcem
1726 4728 1818 4799 pbilo-

67 4819 170 4888 soptia
184 4820 303 4872 tenuisti.

104 4905 212 4961 Dicavit
230 4889 336 4961 librum
354 4905 430 4960 hunc
447 4905 604 4972 Theodoro,
627 4905 708 4977 cujus
722 4903 930 4960 consuetudine
946 4906 1024 4976 apud
1043 4907 1231 4963 Mediolanum
1246 4905 1353 4979 potitus
1368 4909 1440 4974 erat,
1459 4904 1502 4959 uti
1518 4904 1584 4960 setis
1604 4921 1636 4960 ex
1651 4905 1820 4978 praefatione

65 4994 247 5066 intelligitur.
270 4996 297 5049 Is
312 5010 378 5050 vero
397 4994 443 5049 cui
460 4993 563 5049 Manlio
577 5010 743 5065 praenomen
757 4993 844 5049 fuisse
867 4994 898 5049 in
916 4992 1127 5050 Retractatione
1141 4991 1257 5056 indicat,
1272 5005 1331 5044 uon
1345 4988 1457 5044 videtur
1473 5004 1533 5043 esse
1549 4988 1622 5044 alius
1637 4989 1672 5043 ab
1690 5005 1723 5044 eo
1737 4988 1820 5058 cujus

65 5083 201 5140 meminit
215 5084 246 5138 iu
261 5083 311 5139 lib.
330 5085 362 5139 18
378 5083 413 5138 de
428 5082 545 5138 Civitate
560 5082 621 5148 Dei,
638 5099 662 5137 c.
685 5084 737 5137 34:
761 5082 811 5154 qui
832 5081 964 5140 videlicet
977 5082 1157 5138 consulatum
1179 5079 1265 5151 gessit
1279 5095 1354 5134 anuo
1369 5077 1473 5134 Christi
1487 5081 1550 5147 399,
1566 5083 1595 5134 et
1613 5077 1669 5132 alia
1683 5078 1820 5149 praeclara

67 5188 190 5230 munera
204 5173 256 5228 sub
276 5172 394 5227 diversis
409 5170 631 5242 imperatoribus
646 5170 759 5243 egregie
777 5170 913 5226 sustinuit
926 5189 934 5240 ;
951 5173 1026 5228 unde
1045 5172 1128 5227 illum
1143 5168 1315 5227 Claudianus
1331 5167 1504 5240 panegyrico
1518 5167 1549 5222 in
1561 5167 1623 5239 ejus
1636 5165 1817 5221 consulatum

66 5263 146 5319 edito
161 5262 287 5317 carmine
302 5261 461 5333 plurimum
474 5260 667 5315 commendat.

121 5348 199 5416 Vide
211 5349 334 5416 librum
350 5360 381 5432 t,
397 5372 469 5439 cap.
486 5359 519 5432 Ξ,
537 5351 824 5415 detractationem
838 5347 900 5415 col.
918 5356 994 5431 588,
1012 5346 1166 5429 avertis,
1187 5351 1325 5419 Librum
1341 5350 1381 5417 de
1396 5349 1509 5429 Beata,
1526 5365 1630 5442 nsque
1643 5340 1690 5410 ud
1701 5339 1816 5433 verba,

67 5460 296 5544 Philosophiae
316 5466 464 5544 portum.
557 5457 600 5523 M.
