3884 6112
84 273 118 323 Π
590 315 592 320 ,
757 269 941 327 Paararto
961 267 1168 325 GENERALIS.
1809 275 1842 328 {8

119 390 163 445 Ab
176 390 245 444 binc
258 389 403 463 incipiunt
414 391 506 463 Opera
519 391 669 464 polemica,
686 408 809 465 quorum
823 393 930 466 primas
944 396 1044 448 tenent
1059 391 1089 446 iu
1101 395 1180 446 tomo
1196 391 1316 463 septimo
1332 391 1397 447 libri
1412 392 1513 465 viginti
1528 394 1584 449 duo
1600 394 1634 450 de
1650 395 1769 453 civitate
1781 397 1840 464 liei,

80 484 184 533 contra
198 480 339 552 Paganos.
874 474 883 484 ’

118 578 224 633 Tomos
248 582 375 643 octavus,
399 577 548 650 praemisso
571 578 601 634 in
624 578 719 635 fronte
738 579 813 635 libro
835 580 869 635 de
892 579 1063 647 lleresibus,
1079 578 1191 634 exhibet
1205 595 1292 651 opera
1309 579 1448 652 polemico
1462 580 1596 635 adversus
1609 580 1733 648 ledeos,
1749 581 1836 638 llani·

80 665 188 731 cheos,
205 664 448 735 Priscillianistas,
464 670 492 721 et
504 667 624 722 Arianos
640 684 646 722 :
662 667 766 739 quibus
778 668 929 739 Opusculis
943 668 1073 740 adiuncti
1087 673 1154 723 sunt
1168 667 1233 723 libri
1245 668 1409 740 quindecim
1425 668 1459 724 de
1472 668 1624 724 Trinitate.

118 763 224 817 Tomns
238 779 331 818 nouus
345 763 473 818 continet
486 764 578 836 Opera
589 765 729 837 polemica
745 768 846 821 contra
865 758 1032 823 nonanstas.

119 859 249 931 lienique
257 864 352 914 tomus
361 859 489 915 decimus
503 860 595 932 Opera
608 860 709 917 itidem
723 861 865 934 polemica
875 867 972 918 contra
983 863 1150 934 Pelagianos
1161 880 1168 917 ε
1180 863 1284 935 quibus
1294 864 1405 935 scriptis
1415 863 1630 936 subjunguntur
1639 864 1719 920 varia
1729 880 1833 920 monn·

82 953 192 1015 menta,
208 965 274 1021 quae
287 949 324 1003 ad
339 964 372 1004 ea
385 949 552 1005 illustranda
566 954 687 1020 possunt
700 950 871 1006 conducere.
891 951 1030 1006 Hactenus
1044 950 1079 1004 de
1094 949 1204 1005 ordine.

118 1056 180 1110 lam
196 1072 263 1111 vero
277 1056 454 1112 illustrandis
468 1057 640 1112 sanctissimi
655 1057 745 1114 Patris
760 1057 894 1130 operibus
918 1056 1102 1112 prefationes
1124 1056 1244 1127 singulis
1257 1057 1342 1110 tomis
1356 1057 1532 1127 praemittere
1545 1058 1735 1112 necessarium
1752 1057 1837 1114 duxi·

82 1162 157 1209 runs,
175 1144 204 1200 in
220 1145 325 1216 quibus
339 1162 384 1201 res
396 1146 492 1216 potius
503 1146 664 1215 historicas,
673 1163 760 1217 qnam
771 1145 947 1217 dogmaticus
957 1145 1097 1217 explicare
1108 1144 1280 1210 studuimus,
1291 1145 1491 1216 adjuvandam
1501 1145 1638 1200 lectorum
1649 1145 1832 1202 industriam.

79 1234 122 1287 Ad
139 1235 202 1288 baec
217 1233 361 1304 plerisque
376 1235 521 1305 opusculis
532 1234 751 1290 admonitiones
765 1234 940 1307 praefiximus
950 1235 986 1289 ad
1001 1235 1200 1306 explicandum
1216 1251 1314 1290 eornm
1328 1242 1538 1306 argumentum.
1558 1236 1676 1306 Insuper
1692 1235 1839 1291 breviores

79 1322 204 1378 subinde
220 1324 327 1377 notulae
348 1323 379 1378 in
398 1324 527 1396 margine
542 1323 670 1379 inferiori
683 1341 701 1379 e
715 1325 798 1380 nobis
819 1322 967 1397 apposite,
986 1323 1089 1395 quibus
1104 1323 1147 1378 vel
1167 1323 1308 1379 variantes
1323 1323 1456 1379 lectiones
1471 1323 1643 1393 indicentur,
1658 1325 1702 1379 vel
1718 1323 1837 1379 obscura

77 1410 150 1478 loca,
169 1412 292 1466 maxime
305 1411 428 1466 aliorum
443 1413 569 1468 locorum
584 1413 807 1485 comparatione,
824 1413 1023 1485 explanantur.

114 1508 147 1562 ln
164 1508 208 1562 his
223 1509 356 1564 omnibus
370 1510 399 1564 id
414 1510 470 1565 alte
484 1509 568 1566 nobis
582 1510 680 1566 animo
694 1511 814 1567 infixum
829 1511 963 1577 initote
978 1508 1140 1582 prepositis
1150 1508 1254 1564 nostris
1264 1508 1449 1579 inculcatum,
1461 1514 1491 1565 ut
1501 1510 1627 1581 partium
1639 1509 1733 1566 studia
1748 1509 1777 1564 in
1794 1525 1841 1564 ex·

77 1596 213 1666 plicanda
226 1597 379 1667 Augustini
395 1597 524 1653 doctrina
538 1598 637 1654 sedulo
652 1615 827 1655 caveremus.
842 1599 910 1664 Quae
926 1615 972 1654 res
982 1599 1013 1654 in
1023 1615 1108 1653 causa
1122 1599 1184 1666 luit,
1196 1602 1229 1653 ut
1239 1615 1255 1653 a
1264 1597 1465 1670 prolixioribus
1476 1599 1694 1655 commentariis
1705 1604 1734 1655 et
1743 1598 1841 1654 obser·

76 1685 251 1754 rationibus,
264 1686 499 1755 abstinuerimus,
516 1692 549 1742 nt
564 1704 600 1742 ne
616 1688 752 1760 cuiqnam
761 1688 805 1743 vel
816 1687 971 1743 minimum
983 1686 1146 1743 offendiculi
1159 1687 1365 1758 praeberemus,
1376 1687 1462 1742 ullive
1472 1688 1678 1744 catholicorum
1692 1687 1842 1759 theologo‘

78 1791 144 1829 rum
160 1774 311 1829 sententie
327 1776 596 1847 prejudicaremus.

114 1873 221 1926 l'erum
237 1872 421 1944 quantumvis
434 1873 463 1929 id
481 1874 685 1943 curaverimus,
700 1874 917 1946 curandumque
932 1872 1131 1929 mandaverint
1147 1871 1297 1942 Praepositi
1307 1871 1412 1940 nostri;
1429 1872 1545 1928 difficile
1561 1877 1658 1928 tamen
1674 1871 1737 1938 fnit,
1755 1874 1786 1926 ut
1803 1887 1838 1927 ne

80 1959 148 2030 quid
159 1961 192 2014 in
202 1965 260 2014 tam
271 1965 349 2015 vasto
360 1977 445 2033 opere
456 1962 540 2017 uobis
550 1962 664 2018 incente
674 1979 732 2018 non
743 1964 920 2033 subreperet,
936 1963 989 2027 vel,
1006 1965 1039 2016 ut
1049 1965 1115 2016 srrut
1127 1961 1294 2017 mortalium
1304 1960 1395 2016 animi
1406 1961 1482 2017 varie
1498 1962 1601 2027 allecti,
1618 1977 1655 2016 ne
1670 1959 1741 2034 quid
1755 1976 1838 2016 secus

80 2063 167 2118 qnam
185 2048 413 2118 intenderemus,
431 2050 461 2105 in
478 2051 639 2123 sequiorem
655 2057 766 2123 partem
782 2067 842 2107 non
856 2050 1019 2123 acciperent
1033 2051 1177 2106 nonnulli.
1193 2053 1226 2107 Et
1238 2068 1267 2106 re
1280 2051 1398 2124 quidem
1415 2051 1477 2122 ipsa
1490 2052 1528 2107 sic
1543 2051 1655 2106 accidit.

115 2148 185 2201 Nam
203 2147 257 2201 etsi
272 2147 403 2220 plerique
417 2163 517 2203 omnes
531 2154 658 2205 nostram
673 2149 830 2205 editionem
851 2152 1023 2215 accuratam,
1048 2149 1240 2215 commodam,
1257 2150 1383 2221 satisque
1400 2150 1582 2217 illustratam,
1600 2147 1727 2219 denique
1741 2148 1837 2218 Augu·

80 2235 211 2290 stiniane
225 2236 364 2292 doctrinm
381 2237 498 2293 omuino
515 2244 737 2294 consentaneam
752 2255 812 2293 esse
839 2237 1012 2304 censuerint,
1028 2253 1150 2309 eamque
1174 2236 1218 2290 his
1237 2237 1404 2293 nominibus
1419 2237 1555 2309 suflrngio
1570 2252 1622 2291 suo
1637 2233 1838 2305 comprobave-

79 2324 150 2390 rint,
167 2323 349 2380 insurrexere
364 2329 460 2381 emen
475 2332 583 2395 contra,
596 2331 663 2398 post
678 2327 776 2382 decem
792 2327 850 2382 iere
867 2344 959 2383 annos
973 2327 1009 2382 ab
1025 2326 1101 2382 edito
1116 2326 1218 2381 ultimo
1233 2330 1322 2393 tomo,
1339 2327 1476 2398 anonymi
1489 2327 1607 2398 quidam
1629 2340 1771 2393 censores,
1786 2322 1837 2394 qui

78 2412 192 2468 furtivis
207 2412 320 2484 scriptis
333 2414 407 2469 banc
423 2415 590 2483 editionem,
607 2419 635 2470 et
648 2419 759 2471 tantum
774 2431 833 2470 non
847 2415 935 2471 fidem
950 2420 1080 2470 nostram
1094 2420 1254 2486 suspectam
1270 2415 1388 2471 reddere
1404 2416 1499 2472 moliti
1513 2422 1587 2473 sunt.

112 2510 261 2581 Ejusmodi
274 2511 487 2583 scriptiunculis
502 2512 534 2568 in
548 2513 652 2584 vulgus
666 2513 781 2584 sparsis,
798 2529 951 2569 commune
965 2513 1151 2585 prudentium
1168 2513 1227 2568 fere
1242 2513 1373 2568 omnium
1385 2514 1533 2570 consilium
1551 2516 1614 2583 fuit,
1629 2522 1661 2572 ut
1678 2518 1797 2573 leviores
1808 2517 1838 2574 id

77 2616 171 2669 genus
186 2600 300 2654 libellos
314 2616 534 2672 aspernaremur
549 2619 556 2656 :
571 2601 678 2673 quippe
689 2617 748 2656 non
761 2601 871 2670 decere,
883 2606 917 2657 nt
929 2617 995 2657 curn
1007 2602 1092 2657 larris
1104 2605 1132 2656 et
1144 2601 1254 2656 umbris
1268 2602 1452 2671 luctaremur,
1464 2619 1499 2657 ue
1512 2605 1710 2675 respondendo
1724 2605 1838 2677 pondus

78 2693 105 2743 et
120 2689 322 2744 auctoritatem
335 2689 449 2745 furtivis
471 2690 528 2745 illis
543 2690 645 2746 libellis
660 2690 853 2762 preberemus
874 2706 882 2745 ι
902 2706 956 2746 nec
977 2691 1107 2747 Ecclesiae
1119 2706 1219 2762 pacem
1233 2690 1316 2746 editis
1330 2692 1406 2746 ultro
1422 2691 1560 2763 citroque,
1578 2696 1608 2748 ut
1621 2694 1663 2761 fit,
1679 2694 1838 2766 scriptioni·

77 2777 132 2832 bns
144 2777 394 2847 perturbaremns.
414 2778 471 2832 lloc
481 2777 632 2833 consilium
647 2777 778 2833 unanimi
790 2794 907 2833 assensu
920 2780 1141 2851 comprobavere
1155 2779 1304 2850 Praepositi
1315 2779 1405 2835 nostri
1421 2797 1428 2834 :
1443 2780 1521 2851 quod
1535 2785 1631 2837 tanen
1647 2782 1766 2838 minime
1781 2782 1837 2839 im·

74 2865 186 2936 pedivit
202 2866 369 2937 quominus,
385 2866 441 2921 illis
455 2866 635 2935 inconsultis,
658 2867 776 2939 quidam
800 2883 816 2922 e
836 2867 940 2922 nostris
954 2883 1057 2922 novam
1074 2868 1164 2923 sancti
1179 2867 1333 2940 Augustini
1356 2867 1513 2923 editionem
1528 2869 1736 2926 defendendam
1755 2874 1837 2926 tuen·
1854 2862 1857 2871 ’

77 2955 203 3026 dumque
229 2971 282 3026 pro
297 2954 374 3011 virili
388 2957 564 3029 susceperint
580 2973 586 3012 :
604 2974 638 3012 ex
655 2957 760 3029 quibus
774 2973 860 3026 unus,
874 2955 1001 3029 quitum
1015 2956 1113 3011 Rome
1126 2957 1301 3025 versabatur,
1319 2956 1405 3027 hujus
1419 2955 1550 3011 editionis
1563 2957 1707 3013 Vindicius
1718 2958 1749 3014 in
1759 2959 1837 3015 alma

77 3044 165 3112 Urbe,
179 3045 232 3099 sub
247 3045 415 3101 auctoritate
431 3046 503 3101 sacri
520 3046 622 3102 Palatii
636 3046 774 3118 blagistri,
791 3044 928 3101 Romanis
942 3044 1167 3115 approbantibus
1179 3045 1314 3117 vulgavit.

112 3143 176 3197 lam
187 3159 221 3197 eo
233 3158 279 3197 res
293 3143 458 3211 devenerat,
470 3149 502 3198 ut
513 3143 626 3200 furtive
635 3143 693 3198 ille
703 3147 892 3215 utrarumque
903 3141 1030 3213 partium
1040 3141 1219 3197 velitatione«
1230 3142 1258 3197 in
1269 3146 1401 3213 apertum
1413 3142 1471 3198 fere
1484 3143 1590 3199 bellum
1604 3147 1834 3218 prorumperent,

76 3247 142 3287 cum
157 3231 307 3304 Praepositi
320 3233 422 3300 nostri,
439 3236 550 3289 mutato
565 3233 681 3288 demum
696 3248 749 3304 pro
764 3231 807 3287 rei
821 3236 895 3287 statu
909 3231 1039 3294 consilio,
1055 3230 1186 3286 eamdem
1201 3230 1358 3287 editionem
1374 3232 1532 3303 approbata
1546 3234 1581 3289 ab
1596 3250 1626 3288 se
1638 3234 1754 3305 publica
1765 3233 1835 3290 scri·

76 3319 188 3391 ptionc,
203 3321 440 3393 congregationis
454 3327 560 3377 nostre
572 3320 702 3387 nomine,
717 3321 851 3377 adversus
866 3320 987 3375 latentes
1002 3319 1181 3374 adversarios
1194 3320 1290 3389 palam
1306 3320 1550 3391 propugnandam
1564 3328 1746 3378 censuerunt.
1761 3323 1836 3378 lam·

77 3424 133 3480 que
146 3410 358 3481 propemodum
380 3410 489 3478 allecta,
509 3409 642 3482 typisque
669 3413 767 3482 parata
788 3412 849 3463 erat
864 3408 925 3462 hec
939 3407 1064 3478 scriptio,
1080 3423 1145 3478 quae
1160 3411 1189 3461 et
1204 3407 1372 3475 editionem,
1389 3414 1417 3463 et
1433 3409 1519 3464 lideru
1536 3414 1661 3466 nostram
1677 3411 1712 3466 ab
1734 3410 1835 3483 iniqua

77 3497 239 3569 suspicione
249 3503 279 3553 et
292 3499 502 3566 criminatione,
514 3494 628 3555 temetsi
642 3498 746 3572 privati
760 3497 876 3569 quidam
891 3513 907 3550 e
922 3495 1026 3551 nostris
1040 3494 1070 3550 id
1082 3496 1143 3567 jam
1156 3495 1222 3550 satis
1237 3496 1439 3567 prestiterunt,
1454 3497 1573 3553 omnino
1589 3498 1755 3555 vindicaret.

111 3596 217 3650 Verum
242 3595 310 3652 dum
333 3595 363 3651 id
379 3596 594 3664 meditaremur,
610 3596 654 3651 his
672 3595 776 3668 jurgiis
795 3593 955 3650 intercessit
969 3593 1103 3649 Ludovici
1118 3592 1212 3664 ldagni
1226 3593 1391 3661 auctoritas,
1406 3593 1466 3666 qui,
1482 3599 1513 3650 ut
1530 3596 1660 3651 Ecclesia
1675 3596 1739 3669 paci
1754 3596 1789 3651 ab
1804 3612 1835 3653 se

76 3683 237 3738 conciliate
257 3684 399 3740 indefessa
419 3684 612 3741 sollicitudine
629 3700 742 3756 semper
765 3682 904 3756 invigilat,
919 3681 1050 3754 gliscenti
1064 3681 1095 3736 in
1110 3681 1171 3737 dies
1192 3681 1374 3753 dissensioni,
1392 3682 1532 3755 imperato
1553 3684 1683 3756 utrisque
1706 3684 1835 3757 partibus

75 3771 205 3840 silentio,
221 3773 339 3829 modum
354 3773 493 3845 imposuit
518 3790 526 3828 ι
549 3773 647 3846 sicque
662 3773 734 3828 tarrti
756 3771 896 3842 Principis
911 3771 1080 3826 anctoritate
1094 3786 1224 3843 repressa
1239 3775 1281 3826 est
1295 3773 1398 3828 ardens
1413 3773 1461 3827 illa
1475 3774 1630 3842 contentio,
1644 3790 1709 3847 que
1725 3774 1834 3846 sopitos

71 3859 248 3930 jamdudum
262 3859 343 3932 ignes
357 3859 515 3916 excitatura
523 3860 686 3917 videbatur.
703 3862 781 3915 llanc
791 3865 889 3915 autem
897 3859 1106 3932 redintegrare,
1117 3875 1183 3915 cnm
1198 3860 1283 3932 louge
1292 3861 1371 3916 abest
1385 3878 1402 3914 a
1416 3860 1544 3917 moribus
1553 3862 1668 3934 nostris,
1682 3867 1745 3918 tum
1760 3867 1836 3919 vetat

74 3951 105 4003 in
120 3948 226 4019 primis
241 3964 354 4004 summa
368 3953 466 4004 nostra
480 3964 550 4021 erga
563 3950 682 4021 Regem,
699 3948 837 4021 regiaque
848 3949 929 4020 jussa
948 3947 1157 4018 obtemperatio
1177 3964 1184 4003 :
1201 3948 1267 4003 dein
1283 3949 1412 4004 Ecclesiae
1427 3950 1505 4021 pacis
1516 3951 1644 4007 studium
1661 3952 1717 4007 alte
1730 3950 1835 4007 anienis

74 4039 198 4094 insitum
213 4039 318 4094 nostris
334 4055 341 4094 :
356 4038 482 4111 denique
496 4038 620 4094 charitas
633 4038 769 4093 adversus
784 4054 896 4106 omnes,
909 4053 981 4111 quos
993 4035 1168 4092 turbulentis
1179 4035 1320 4108 ejusmodi
1331 4038 1587 4095 concertationibus
1597 4040 1741 4096 offendere
1751 4038 1835 4096 nobis

76 4127 180 4198 religio
193 4127 288 4185 fuerit.

114 4225 279 4297 Suppressis
294 4224 402 4298 itaque,
416 4225 533 4296 que-ad
545 4227 674 4280 nostram
685 4229 849 4298 nostreque
860 4223 991 4280 editionis
1005 4222 1202 4280 defensionem
1216 4224 1362 4279 adornate
1375 4229 1467 4293 erant,
1482 4225 1782 4294 commentationibus,
1798 4226 1835 4283 ad

78 4314 194 4384 objecta
205 4314 434 4371 adversariorum
449 4314 624 4386 respondere
639 4313 862 4386 supersedimus,
882 4329 918 4368 ne
932 4310 1134 4384 respondendo
1147 4326 1234 4366 novas
1249 4312 1496 4368 contramandate
1511 4312 1591 4385 regia
1604 4310 1669 4367 lites
1683 4328 1778 4368 serare
1791 4312 1834 4381 vif

77 4404 228 4459 deremar.

116 4498 1834 4573 l'erumneforteadversariornminiquecriminationespiorumquorumdametbencvolornmetiamvirorumanimis
1917 4542 1920 4547 .

76 4591 220 4665 quosdam
243 4592 391 4663 scrupulos
417 4589 662 4663 ingeneraverint;
687 4590 741 4644 hos
766 4587 865 4661 paucis
884 4585 977 4642 verbis
998 4603 1098 4641 curare
1120 4586 1151 4643 in
1172 4588 1302 4644 animum
1318 4588 1493 4654 induximus,
1509 4587 1575 4656 rati,
1593 4587 1622 4643 id
1637 4603 1731 4660 neque
1748 4587 1834 4661 regie

74 4679 213 4752 jussioni,
234 4695 326 4751 neque
352 4679 483 4736 Ecclesiae
505 4677 570 4750 paci
584 4677 769 4740 contrarium,
785 4677 842 4731 imo
856 4675 972 4746 utrique
987 4675 1106 4731 omuino
1131 4681 1356 4732 consentaneum
1372 4676 1441 4731 fore.
1459 4677 1518 4731 Etsi
1533 4675 1611 4732 enim
1630 4675 1702 4732 nihil
1717 4693 1774 4731 non
1788 4692 1833 4732 ce·

77 4768 195 4832 tholicc,
210 4771 286 4822 certe
300 4767 372 4822 nibil
389 4783 449 4822 non
462 4765 601 4821 catholico
615 4764 711 4821 animo
726 4783 743 4820 a
756 4763 840 4820 nobis
864 4764 971 4819 dictum
985 4763 1040 4831 sit;
1060 4764 1204 4819 malumus
1218 4770 1314 4820 tamen
1331 4765 1399 4821 dare
1414 4765 1522 4838 aliquid
1537 4770 1643 4821 tenere
1658 4781 1691 4819 ac
1704 4764 1760 4838 pie
1774 4765 1835 4821 illo·

76 4873 145 4913 rum
160 4857 236 4910 circa
250 4856 338 4911 tidem
358 4856 512 4923 affectioni,
527 4871 614 4927 quam
635 4853 759 4925 superbo
773 4852 998 4908 fastidiosorum
1012 4854 1162 4926 scrupulos
1184 4855 1377 4911 dissimulare.
1395 4855 1526 4911 Aliorum
1550 4871 1628 4924 vero,
1644 4855 1733 4927 siqui
1751 4857 1836 4911 crunt

77 4948 129 5019 qni
153 4945 334 5001 contentioso
356 4945 454 5000 animo
470 4943 545 5000 rixas
559 4943 654 5000 denuo
671 4942 866 5013 redintegrare
880 4945 1012 5013 pergent,
1030 4941 1107 4998 dicas
1122 4947 1151 4997 et
1166 4942 1361 4998 cavillationes
1373 4943 1508 5015 deinceps
1521 4944 1789 5015 praetermittemus,
1807 4946 1836 4998 et

76 5051 131 5106 pro
151 5032 242 5087 nihilo
258 5032 436 5089 habebimus.

114 5134 148 5187 ln
163 5132 265 5204 primis
281 5131 366 5187 toties
380 5133 502 5204 repetita
516 5148 533 5186 a
547 5131 631 5186 nobis
643 5130 777 5187 omnibus
792 5135 821 5187 et
835 5127 956 5199 singulis
969 5128 1121 5200 professio,
1131 5146 1187 5202 qna
1197 5129 1455 5186 constitutionibus
1470 5146 1649 5186 summorum
1663 5127 1834 5184 Pontificum

80 5221 241 5275 iunocentii
265 5222 285 5275 ll
309 5226 339 5276 et
352 5219 506 5277 Alexandri
519 5220 566 5276 Vll
580 5236 632 5276 nos
647 5220 755 5276 sincere
770 5224 798 5275 et
813 5236 845 5275 ex
861 5218 957 5274 animo
973 5218 1119 5274 adherere
1135 5218 1248 5290 publice
1262 5220 1411 5275 contestati
1424 5236 1534 5289 sumus,
1550 5222 1678 5274 nostram
1694 5217 1771 5271 circa
1787 5216 1829 5272 la·
1889 5286 1896 5293 .

79 5326 175 5364 mosas
202 5310 330 5382 quinque
345 5309 558 5381 Propositiones
574 5309 660 5365 iidem
678 5309 713 5365 ab
729 5308 809 5365 omni
821 5323 937 5381 prorsus
952 5305 1113 5378 suspicione
1129 5305 1214 5361 debet
1229 5306 1362 5362 eximere.
1379 5306 1408 5362 Si
1422 5308 1500 5362 enim
1514 5311 1557 5362 tot
1571 5304 1749 5377 argumentis
1763 5304 1837 5360 fulta

80 5400 154 5455 fides
169 5399 201 5454 in
216 5404 279 5454 tuto
294 5415 351 5454 uon
365 5402 416 5464 est,
435 5398 515 5454 nulla
528 5399 582 5455 erit
594 5415 612 5454 a
624 5398 786 5471 suspicione
799 5395 954 5466 immunis;
971 5399 1001 5450 et
1013 5394 1038 5449 si
1053 5394 1098 5450 cni
1114 5411 1173 5451 non
1185 5395 1308 5452 sufficiat
1322 5400 1382 5451 tam
1396 5395 1506 5451 sincera
1519 5393 1670 5467 professio,
1687 5392 1767 5450 nulla
1781 5392 1837 5449 alia

80 5487 267 5561 quantumvis
283 5487 390 5559 jurata,
405 5487 588 5560 quantumvis
604 5487 772 5561 explicatior
790 5487 947 5543 sufficeret.
965 5485 1021 5539 llas
1035 5484 1142 5557 quippe
1155 5486 1378 5542 constitutiones
1393 5488 1423 5539 et
1435 5501 1468 5540 ex
1485 5483 1587 5557 primis
1601 5499 1667 5539 cum
1685 5483 1782 5540 debita
1795 5498 1838 5539 re·

81 5577 210 5633 verentia
232 5581 261 5632 et
276 5577 464 5633 submissione
479 5582 652 5649 exceperunt
671 5577 703 5634 in
717 5577 840 5633 comitiis
856 5574 914 5631 suis
934 5574 1117 5646 generalibus
1132 5575 1281 5647 prepositi
1296 5575 1397 5642 nostri,
1412 5589 1518 5646 easque
1534 5572 1569 5629 ab
1586 5573 1721 5631 omnibus
1736 5576 1765 5629 et
1779 5570 1836 5626 sin·

82 5666 168 5739 gulis,
184 5667 237 5739 qni
253 5666 284 5724 in
293 5671 400 5723 cetum
414 5669 543 5723 nostrum
556 5665 728 5725 admittendi
741 5670 847 5734 essent,
861 5662 1002 5722 subscribi
1020 5669 1228 5736 preceperunt.
