3884 6112
134 252 187 307 803
745 244 1014 301 ttlnrnssmn'ttlt
1034 246 1061 299 S.
1083 242 1287 302 AUGUS'lel.
1852 242 1890 297 till

135 388 223 444 quam
238 385 374 440 responsa
388 368 518 441 quaesivit
533 369 719 435 umbrarum3
740 370 837 422 omnia
848 368 986 440 sacrilega
1041 370 1160 439 x1.30);
1177 372 1206 423 et
1218 382 1284 424 rare
1298 366 1338 423 sic
1352 371 1422 435 erat,
1439 370 1468 423 at
1475 364 1649 424 nesciebam
1666 363 1831 437 quandoid
1845 366 1894 421 sub

135 463 312 514 sacramenta
335 459 507 513 detestans
528 460 566 525 te,
591 456 710 510 Domine
737 458 810 511 fleus
824 473 917 526 meus,
939 456 985 513 cni
1040 456 1082 512 ire
1097 457 1270 514 metuebam.
1286 456 1340 512 Sed
1356 455 1507 529 numquid,
1524 454 1669 520 bomine,
1684 452 1737 526 qni
1753 452 1835 507 solus
1846 453 1895 511 sina

135 549 276 603 humilem
291 548 458 601 famulatum
474 544 671 615 acsimplicem
684 544 784 613 debeo,
796 546 911 616 quantis
924 562 985 600 me·
1040 545 1128 617 typho
1142 544 1308 614 dominaris,
1324 546 1393 617 qnia
1402 546 1479 601 solas
1493 560 1582 600 verns
1594 542 1842 615 Dominusesqni
1853 558 1898 599 uas

135 652 201 691 aum
221 635 440 707 suggestionum
457 632 718 687 machinationibus
733 633 793 704 agit
807 633 938 688 inimica·
955 638 985 685 nt.
1040 635 1128 690 babes
1141 634 1292 690 dominam
1304 651 1311 702 ;
1323 634 1465 706 uumqnid
1474 635 1530 690 hoc
1539 647 1670 706 qunque
1684 630 1812 687 tertium
1821 635 1898 687 teate

137 726 250 795 siguum
274 722 390 794 aliquod
414 721 537 790 petam?
556 720 612 775 Sed
634 721 751 776 obsecro
767 726 795 776 te
810 737 863 792 per
877 723 986 792 flegem
1040 723 1127 779 tionis
1142 741 1233 796 genam
1252 723 1371 779 cessavit
1388 741 1405 780 a
1418 739 1465 779 me
1473 720 1495 791 ¹,
1521 726 1574 779 aut
1589 736 1713 777 cassam
1728 719 1761 776 iu
1775 719 1831 775 hae
1851 724 1900 777 tola

137 817 276 874 nostrum.
304 816 333 864 at
357 808 481 880 patriam
499 809 657 864 Jerusalem
679 809 848 882 simplicem,
868 816 985 879 castam,
1040 810 1097 865 vita
1111 813 1226 882 potest?

135 906 168 956 ut
180 898 422 973 quemadmodum
435 914 452 951 a
466 913 513 952 me
528 897 613 968 louge
631 903 675 952 est
692 898 747 953 ista
770 900 930 966 consensio,
946 899 986 954 ita
1075 902 1118 955 59.
1133 898 1240 954 Timeri
1254 902 1283 953 et
1297 898 1388 954 amari
1401 899 1474 954 valle
1490 898 1526 954 ab
1540 896 1738 964 hominibus,
1764 912 1828 951 nou
1845 912 1901 968 prc-

134 989 170 1044 sit
182 1003 295 1058 semper
309 987 393 1057 longa
406 989 491 1058 atqua
507 986 632 1056 longius.
648 987 703 1041 Pro
718 987 809 1042 salute
823 993 917 1043 antam
933 1004 984 1042 cu·
1039 991 1104 1057 pter
1117 986 1206 1054 alind,
1229 987 1279 1042 sed
1303 991 1337 1042 nt
1358 986 1425 1043 inde
1450 987 1486 1043 sit
1503 986 1666 1059 gaudium,
1693 984 1778 1058 quod
1793 1000 1851 1040 uon
1868 990 1903 1043 at

130 1078 267 1148 jusqnam
279 1090 346 1129 curn
360 1080 387 1130 te
398 1091 477 1146 rogo,
494 1075 698 1130 aliusmultum
710 1075 844 1131 differens
859 1075 925 1131 linis
943 1082 986 1132 est
1039 1075 1178 1147 gaudium
1194 1079 1214 1143 ¹,
1230 1075 1336 1131 misera
1350 1076 1407 1130 vita
1420 1080 1473 1146 est,
1488 1080 1518 1131 et
1530 1076 1611 1132 faeda
1621 1073 1785 1147 jactantia.
1798 1073 1900 1130 lliuefil

134 1163 301 1220 intentionis
318 1180 404 1231 mean
419 1169 447 1219 et
463 1168 489 1218 te
504 1163 656 1218 facientem
673 1163 749 1234 quod
764 1165 815 1230 vis,
834 1164 883 1220 das
903 1165 983 1229 milri.
1041 1165 1083 1219 rel
1099 1164 1221 1219 niaxime
1235 1180 1295 1219 nou
1308 1180 1405 1220 amare
1418 1169 1458 1229 ta,
1474 1180 1527 1220 nec
1541 1168 1620 1218 caste
1644 1163 1759 1219 timere
1773 1167 1813 1217 te.
1831 1164 1897 1219 lde·-

135 1257 163 1307 et
177 1253 256 1307 dabis
273 1254 395 1307 libenter
408 1253 500 1323 sequi.

168 1341 480 1398 satannianorum
504 1358 591 1413 quarn
617 1342 716 1397 multis
742 1342 941 1397 minutissimis
956 1346 985 1396 et

131 1429 396 1500 contemptibilibus
413 1428 497 1483 rebus
507 1429 656 1482 curiositas
670 1429 801 1500 quotidie
815 1435 912 1484 nostra
927 1434 985 1482 ten-

133 1523 211 1574 tatur
223 1519 243 1583 ¹,
257 1522 284 1572 ct
300 1533 387 1588 quarn
402 1533 478 1586 sape
494 1516 634 1581 labamur,
652 1517 715 1588 quis
725 1520 897 1572 enutrierat?
912 1518 985 1581 Ouo·

132 1609 185 1662 ties
200 1611 349 1661 narrantes
361 1605 467 1671 inania,
484 1603 578 1674 primo
588 1605 671 1675 quasi
687 1606 983 1661 tolerarnnsneollen·

133 1695 381 1757 demusinliruras,
396 1692 499 1747 deinde
509 1693 646 1763 paulatim
662 1693 785 1749 libenter
795 1695 985 1749 advertimus?

133 1782 239 1837 Canem
253 1785 416 1836 currentem
432 1784 496 1849 post
510 1780 637 1849 leporem
648 1780 709 1851 jarn
724 1798 782 1835 uon
797 1786 902 1854 specto,
918 1797 983 1836 cunr

133 1869 162 1923 iu
176 1870 249 1924 circo
265 1868 314 1923 lit:
331 1873 360 1922 at
372 1884 439 1922 vero
454 1867 482 1922 in
499 1884 579 1939 agro,
596 1868 620 1923 si
630 1884 697 1923 casu
712 1873 867 1939 transeam,
882 1870 985 1925 avertit

133 1975 179 2013 me
193 1957 319 2012 fortassis
333 1968 361 2010 et
375 1957 410 2010 ab
425 1956 522 2027 aliqua
537 1972 642 2027 magna
652 1957 836 2028 cogitatione,
850 1964 937 2030 atque
948 1958 982 2013 ad

133 2061 162 2100 se
175 2043 315 2099 convertit
330 2044 377 2097 illa
390 2045 520 2109 venatio,
541 2060 601 2098 uon
616 2044 730 2099 deviare
745 2061 850 2114 cogens
865 2061 983 2114 corpore

128 2134 265 2206 jumenti,
282 2133 330 2187 sed
344 2131 437 2186 cordis
451 2132 648 2188 inclinatione.
664 2134 698 2188 Et
706 2133 761 2188 nisi
772 2134 833 2205 jam
851 2134 923 2189 mihi
937 2134 983 2189 de-

134 2224 290 2276 monstrata
299 2219 464 2274 infirmitate
479 2219 616 2287 mea,cito
630 2220 795 2288 admoneas,
807 2224 856 2275 ant
870 2236 903 2275 ex
921 2221 983 2292 ipsa

132 2310 241 2364 visione
255 2324 308 2380 per
322 2308 449 2379 aliquam
462 2308 721 2364 considerationem
736 2309 766 2364 in
780 2314 807 2364 te
823 2326 980 2381 assurgere,

133 2402 182 2454 aut
201 2401 294 2452 totum
309 2401 492 2451 contemnere
506 2401 591 2467 atque
602 2396 734 2461 transire,
750 2413 839 2451 rantis
849 2397 980 2453 hebesco.

132 2487 207 2553 Quid
222 2502 288 2540 eum
303 2500 348 2539 me
370 2484 446 2539 dorni
461 2484 607 2539 sedentem
622 2485 713 2539 stellio
730 2502 840 2541 muscas
854 2491 982 2557 captans,

133 2576 177 2630 vel
191 2590 297 2630 aranea
309 2573 416 2628 retibus
430 2573 488 2628 suis
502 2573 643 2628 irruentes
659 2574 819 2645 implicans,
838 2592 913 2647 sarpa
935 2575 980 2630 iu·

133 2669 244 2720 tentum
253 2662 319 2717 facit
328 2668 342 2716 ¹?
358 2664 431 2716 Num
444 2661 833 2733 quiaparrasnutauimalia,
849 2664 914 2720 ideo
924 2680 981 2719 non

133 2769 178 2807 res
193 2751 294 2806 eadem
314 2750 440 2819 geritur?
454 2750 616 2820 l'ergoiude
630 2751 846 2807 adtendendum
857 2755 896 2819 te,
907 2768 982 2806 crea·

132 2847 222 2896 torem
239 2839 391 2894 mirificum
411 2843 496 2910 atque
511 2839 704 2894 ordinatorem
727 2856 823 2895 rerum
838 2840 980 2907 omnium,

132 2930 180 2985 sed
196 2945 253 2984 uon
268 2928 336 2983 inde
350 2927 477 2982 iutcutns
492 2943 552 2983 assa
566 2926 684 2998 incipio.
700 2928 785 2984 atiud
797 2933 839 2983 est
854 2929 908 2984 cito
923 2945 981 2983 sur·

1040 1268 1096 1323 que
1111 1257 1141 1309 tn
1158 1252 1287 1325 superbis
1302 1253 1418 1319 resistis,
1429 1252 1590 1309 humilibus
1605 1250 1776 1307 autemdas
1788 1251 1896 1321 gratian
1933 1264 1935 1273 ·

1040 1344 1119 1411 rjPetr.
1137 1358 1162 1407 v,
1180 1345 1223 1412 5);
1242 1346 1271 1396 et
1297 1341 1411 1397 intonas
1426 1356 1513 1413 super
1540 1340 1729 1396 ambitiones
1754 1340 1862 1406 manli,
1875 1350 1895 1397 et
1933 1372 1935 1393 .

1039 1436 1223 1486 contremunt
1233 1431 1417 1486 fundamenta
1431 1429 1587 1485 montium.
1604 1431 1716 1502 ltaque
1731 1430 1829 1497 nobis,
1840 1446 1895 1502 qne

1040 1520 1117 1575 niam
1132 1524 1249 1592 propter
1264 1520 1397 1591 quaedam
1411 1519 1546 1574 humente
1561 1517 1720 1574 societatis
1735 1518 1834 1575 officia
1853 1536 1893 1575 ue

1039 1608 1193 1664 cessarium
1215 1612 1256 1663 est
1279 1608 1369 1663 amari
1396 1612 1424 1663 et
1444 1607 1540 1663 limari
1556 1607 1593 1662 ab
1615 1606 1807 1668 homiuibus.
1823 1606 1894 1663 instat

1040 1697 1218 1753 adversarius
1232 1695 1623 1759 vernbeatitndinisuostrae,
1632 1696 1754 1768 ubique
1769 1712 1893 1769 spargens

1039 1785 1069 1840 in
1080 1785 1199 1858 laqueis,
1214 1787 1400 1857 Eugc,euge:
1419 1789 1451 1839 ut
1468 1784 1535 1840 dum
1553 1784 1640 1840 avide
1657 1785 1891 1857 colligimus,⁸in·

1038 1880 1119 1930 caute
1134 1874 1291 1946 capiamur,
1308 1879 1336 1929 et
1356 1890 1372 1927 a
1392 1873 1511 1928 veritate
1533 1876 1586 1929 tna
1600 1874 1753 1945 gaudium
1775 1880 1891 1930 nostrum

1039 1963 1226 2035 deponamus,
1252 1967 1338 2034 atque
1362 1963 1393 2017 iu
1418 1962 1570 2018 homiuum
1596 1962 1719 2018 fallacia
1740 1978 1890 2035 ponamus:

1038 2052 1180 2123 libeatque
1196 2068 1247 2106 nos
1262 2052 1352 2106 amari
1376 2050 1523 2118 attimari,
1545 2066 1606 2107 uon
1632 2056 1764 2124 propter
1787 2056 1825 2120 te,
1850 2052 1890 2108 sed

1037 2155 1090 2212 pro
1103 2144 1131 2195 te
1142 2159 1150 2206 ;
1163 2144 1248 2211 atque
1263 2141 1317 2195 isto
1331 2140 1416 2195 modo
1428 2139 1472 2195 sui
1486 2139 1594 2195 similes
1615 2140 1712 2197 factos
1739 2157 1838 2198 secum
1849 2142 1891 2197 lu·

1037 2227 1112 2295 beat,
1128 2243 1187 2282 non
1209 2228 1243 2283 ad
1270 2228 1452 2285 concordiam
1470 2228 1631 2295 charitatis,
1648 2230 1702 2285 sed
1718 2230 1760 2285 ad
1783 2246 1890 2287 consar-

1037 2317 1110 2372 tium
1125 2317 1269 2388 supplicii,
1285 2317 1336 2390 qui
1349 2318 1549 2373 statuitsedem
1562 2334 1774 2390 suampoueue
1783 2320 1892 2392 inaqui

1036 2405 1113 2472 lone,
1130 2411 1161 2460 ut
1174 2412 1201 2460 te
1227 2422 1360 2478 perversa
1387 2410 1416 2461 et
1437 2406 1556 2462 distorta
1570 2407 1617 2462 ria
1647 2406 1786 2463 imitanti
1797 2413 1810 2445 ⁸
1822 2410 1890 2479 (leni.

1036 2510 1092 2560 xrs,
1108 2496 1215 2563 lta-lt),
1224 2495 1368 2550 tenebrosi
1379 2495 1532 2568 frigidique
1541 2495 1700 2552 servirent.
1718 2498 1781 2552 Nos
1793 2500 1890 2563 autem

1037 2583 1168 2650 Domine,
1184 2584 1306 2655 pusillus
1317 2599 1385 2655 grex
1395 2589 1461 2639 trtns
1471 2599 1534 2639 ecca
1547 2600 1651 2640 sumus
1663 2584 1752 2655 (Luc.
1763 2602 1824 2656 xrrr,
1835 2588 1889 2657 it),

1036 2675 1068 2727 tu
1080 2688 1133 2726 nos
1145 2672 1271 2743 posside.
1290 2673 1438 2728 Praeteude
1449 2673 1507 2728 alas
1520 2677 1594 2739 tuas,
1612 2677 1644 2728 et
1667 2673 1821 2746 fugiamus
1845 2674 1890 2731 sal

1036 2777 1096 2815 eas.
1116 2761 1211 2816 Gloria
1226 2765 1320 2816 nostra
1333 2767 1365 2817 tu
1379 2766 1439 2816 esto
1450 2765 1582 2834 ;propter
1595 2765 1625 2816 te
1635 2777 1792 2834 amemur,
1805 2768 1892 2819 etser-

1035 2849 1104 2905 bnm
1119 2854 1201 2905 tuum
1216 2849 1352 2905 timeatur
1365 2851 1394 2905 ia
1410 2851 1504 2906 nobis.
1521 2850 1577 2914 Qui
1588 2849 1709 2907 laudari
1724 2854 1791 2908 vult
1802 2853 1838 2909 ab
1848 2852 1890 2909 bo·

1035 2936 1162 2992 minibus
1173 2938 1352 3009 vituperante
1367 2943 1404 3001 te,
1418 2954 1476 2993 non
1490 2937 1664 2994 defendetur
1672 2939 1714 2995 ab
1731 2940 1889 2997 homiuibus

132 3034 211 3091 gere,
225 3016 313 3072 alliud
326 3020 368 3071 ast
382 3032 440 3070 nou
455 3016 565 3071 eadere.
583 3017 616 3071 Et
629 3017 733 3071 talibus
747 3017 803 3073 rita
818 3034 881 3072 mea
895 3018 980 3089 plena
1032 3026 1179 3099 judicante
1193 3031 1232 3093 te,
1247 3042 1299 3082 nec
1318 3025 1456 3098 eripiatur
1468 3026 1624 3082 damnante
1639 3031 1679 3082 te.
1699 3029 1780 3086 Cum
1803 3034 1887 3087 subm

132 3112 182 3173 est,
199 3112 228 3161 ct
242 3122 299 3161 una
312 3121 376 3176 spes
392 3120 457 3159 mea
476 3120 582 3176 magua
606 3106 686 3161 valde
709 3105 904 3161 misericordia
920 3111 979 3161 tua.

1035 3126 1096 3166 nou
1111 3116 1241 3182 peccator
1254 3112 1388 3167 laudatur
1401 3111 1431 3165 in
1444 3111 1593 3167 desideriis
1614 3113 1731 3170 animae
1748 3132 1821 3183 snae,
1842 3130 1886 3170 aar

131 3195 292 3253 cumcuim
307 3192 503 3264 hujuscemodi
518 3209 615 3247 rerum
625 3195 858 3264 conceptaculum
870 3194 981 3249 ²litcor
1035 3200 1085 3271 qni
1100 3198 1199 3272 iniqua
1209 3200 1285 3271 gerit
1295 3199 1473 3255 benedicitur
1492 3200 1579 3270 (Psnl.
1594 3216 1624 3269 1,
1638 3202 1677 3269 3),
1692 3204 1748 3259 sed
1764 3204 1886 3260 laudatur

131 3290 270 3350 nostrum,
287 3286 314 3337 et
327 3286 421 3354 portat
435 3285 445 3316 ⁸
461 3282 585 3351 copiosae
603 3282 737 3336 vanitatis
752 3286 886 3337 catervas.
914 3283 980 3338 lrinc
1035 3289 1122 3344 bomo
1138 3292 1255 3361 propter
1267 3290 1384 3361 aliquod
1398 3290 1505 3345 donum
1521 3290 1599 3361 qnod
1614 3290 1729 3346 dedisti
1745 3293 1794 3359 ei,
1807 3292 1885 3349 atille

131 3373 313 3429 atorationes
328 3374 433 3426 nostrae
453 3386 528 3440 saepe
547 3369 797 3440 interrumpuntur
810 3375 896 3442 atque
920 3375 980 3426 tur·
1034 3378 1100 3450 plus
1119 3378 1223 3448 gaudet
1238 3377 1291 3433 sibi
1307 3378 1417 3434 laudari
1431 3394 1471 3446 se,
1487 3394 1574 3450 qnam
1587 3378 1690 3450 ipsum
1711 3381 1824 3437 donum
1842 3381 1884 3436 ba·

131 3463 242 3526 bantur,
260 3465 288 3515 et
301 3464 366 3515 aute
378 3463 560 3530 conspectum
578 3464 660 3513 tuum
676 3459 744 3514 dum
761 3460 796 3514 ad
818 3475 901 3514 αυτοῦ
917 3466 979 3515 tuas
1035 3467 1101 3521 bere
1116 3468 1192 3522 nude
1208 3467 1358 3522 landatur:
1374 3467 1460 3522 etiam
1475 3467 1528 3521 iste
1543 3472 1571 3522 te
1586 3468 1782 3539 vituperante
1794 3470 1883 3525 lauda·

131 3567 228 3606 vocem
248 3550 340 3605 cordis
368 3548 554 3613 intendimus,
581 3548 677 3603 nescio
704 3548 779 3603 unde
803 3549 980 3604 irruentibus
1034 3555 1259 3621 tur;etmelior
1281 3554 1341 3625 jam
1367 3554 1415 3609 ille
1439 3553 1639 3624 qnilaudavit,
1657 3572 1754 3627 quam
1770 3558 1823 3613 iste
1842 3556 1882 3628 qui

132 3638 289 3709 nugatoriis
304 3636 525 3708 cogitationibus
540 3652 585 3691 res
597 3641 676 3691 tauta
692 3636 865 3708 praeciditur.

434 3743 547 3796 CAPUT
560 3743 673 3797 xxxvl.

186 3833 218 3884 Ut
227 3845 254 3883 sa
268 3829 346 3883 liniet
357 3829 393 3883 ud
404 3832 513 3884 tertium
524 3833 680 3884 tentationis
696 3846 789 3898 genas,
806 3831 878 3900 quod
888 3838 927 3887 est

484 3917 623 3985 supertes.

167 4009 210 4060 58.
228 4005 373 4076 Numquid
385 4004 470 4060 etiarn
485 4005 539 4060 lroc
554 4005 629 4059 inter
643 4007 853 4061 contemnenda
863 4008 980 4080 deputa·

132 4096 236 4162 bimus,
253 4100 303 4150 aut
316 4094 423 4166 aliquid
440 4111 491 4149 uos
504 4094 622 4150 reducet
636 4096 666 4150 in
681 4110 772 4166 spem,
788 4096 844 4150 uisi
858 4102 918 4151 tota
930 4098 981 4152 mi·

130 4186 283 4241 sericordia
297 4190 347 4240 tua
362 4189 382 4249 ⁴,
404 4183 541 4256 qnoniam
564 4185 673 4257 cupisti
688 4190 800 4240 mutare
816 4188 893 4240 nos?
907 4190 935 4240 et
948 4191 978 4241 tu

130 4276 184 4330 scis
198 4279 304 4348 quanta
319 4291 352 4328 ex
367 4279 447 4345 parte
462 4274 735 4346 mutaveris‚quime
749 4274 882 4346 primitus
897 4292 979 4330 sanas

129 4380 146 4418 a
160 4363 277 4418 libidine
295 4360 459 4416 vindicandi
474 4375 530 4427 me,
551 4365 583 4414 ut
597 4360 738 4432 propitius
759 4360 810 4416 flas
829 4361 916 4416 etiarn
928 4378 980 4417 cae·

129 4452 197 4507 teris
212 4451 345 4506 omnibus
360 4449 550 4521 inquitatibus
565 4449 647 4515 meis,
663 4453 690 4504 et
705 4465 786 4504 sanes
801 4466 900 4505 omnes
918 4452 979 4506 lan·

130 4555 231 4609 guores
243 4556 333 4608 meos,
348 4544 377 4594 et
391 4539 515 4594 redimas
530 4537 565 4591 de
578 4538 760 4608 corruptione
774 4539 862 4593 vitam
874 4556 977 4608 meam,

129 4631 157 4681 et
166 4643 283 4681 corones
297 4644 344 4682 me
352 4629 383 4682 in
395 4626 577 4683 miseratione
593 4629 622 4681 et
632 4626 838 4693 misericordia,
849 4632 878 4682 et
892 4627 979 4683 saties

130 4714 251 4769 inbonis
267 4714 440 4770 desiderium
455 4732 552 4770 mcum
569 4715 653 4783 (Psoi.
669 4731 714 4791 ςιι,
731 4717 788 4784 dd)
802 4735 809 4782 ;
825 4716 874 4787 qui
886 4714 980 4771 5ιοιιι·

130 4801 257 4874 pressisti
272 4819 287 4855 a
302 4802 404 4857 timore
418 4808 467 4858 tuo
483 4803 647 4875 superbiam
656 4819 762 4873 meam,
778 4808 806 4861 et
816 4805 978 4860 mansuefe-

129 4892 192 4946 cisti
200 4892 270 4963 Jugo
285 4894 333 4945 tuo
349 4892 485 4947 cervicem
501 4909 605 4948 nlenm.
622 4894 655 4949 lit
669 4909 745 4947 nnnc
759 4897 841 4963 porto
856 4891 937 4960 illud,
952 4898 980 4948 et

131 4983 192 5036 lene
208 4984 250 5034 est
263 4977 345 5044 milri,
361 4981 497 5050 quoniam
510 4982 548 5035 sic
558 4981 715 5052 promisisti
726 4985 756 5036 et
766 4980 857 5035 fecisti
868 4981 976 5051 [blattlt.

161 5127 168 5160 ¹
185 5123 318 5179 Tenlelur,
329 5119 407 5182 juxta
421 5120 930 5173 blericumttlltss.etltondcunrlblss.
944 5123 976 5172 lll.

160 5186 261 5234 *turta
274 5182 583 5244 lloud..recaptacutunr.
599 5185 633 5234 lt.

160 5248 224 5299 ³stt
237 5259 282 5297 oar
295 5248 426 5317 nostrum,
438 5246 461 5293 el
473 5247 721 5311 pertet,etc.‚jurta
736 5247 821 5299 ltoud.
837 5261 869 5298 ex
884 5251 897 5296 5
915 5248 976 5297 illas.

129 5306 551 5425 appqpqprpbqqruqqtreaqqqm
566 5368 620 5420 atsi
631 5374 697 5422 nota
715 5370 903 5426 misericordae
919 5373 976 5424 tna.

129 5431 209 5490 allas.
219 5435 274 5484 alst
287 5435 351 5484 tota.

160 5496 257 5557 ³(tntn,
271 5495 348 5559 juata
362 5494 461 5547 Somrn.
477 5497 504 5545 et
518 5491 603 5543 ltond.
619 5506 650 5543 ex
664 5497 678 5543 9
694 5495 754 5545 bles.
767 5497 802 5547 lt.

1034 3644 1165 3699 laudatus
1176 3647 1227 3700 est.
1245 3643 1287 3699 llli
1300 3643 1377 3698 enim
1392 3643 1499 3714 placuit
1510 3642 1541 3696 in
1556 3642 1679 3699 homine
1694 3645 1812 3701 donum
1823 3644 1880 3705 Dei:

1034 3733 1100 3787 lrnic
1114 3734 1239 3805 amplius
1252 3732 1362 3804 placuit
1375 3732 1483 3786 donum
1498 3731 1625 3786 bominis
1639 3748 1735 3805 qnam
1752 3736 1812 3791 Dei.

1334 3839 1446 3894 cartu
1460 3840 1584 3895 ffllt'll.

1231 3930 1264 3983 t't
1277 3932 1397 3983 mouetur
1411 3926 1538 3983 inanibus
1554 3927 1697 3984 bumaria.

1070 4038 1114 4091 ue.
1130 4036 1284 4091 lentamur
1298 4033 1342 4089 bis
1361 4033 1567 4090 tentationibus
1581 4035 1728 4106 qnotidie,
1758 4037 1880 4101 uomina

1035 4123 1096 4179 sine
1110 4123 1266 4180 cessatione
1279 4128 1434 4179 tentamur.
1449 4122 1734 4188 Quotidiauaforuax
1743 4131 1840 4182 nostra
1846 4130 1882 4180 est

1034 4213 1160 4268 humana
1175 4213 1283 4285 lingna.
1301 4211 1519 4285 lmperasnobis
1534 4216 1562 4266 et
1572 4212 1603 4266 in
1614 4212 1787 4285 bocgeuera
1800 4214 1881 4271 eonti-

1035 4302 1181 4357 nentiam:
1198 4301 1235 4356 da
1247 4301 1427 4374 quodjubas,
1443 4304 1472 4355 et
1488 4300 1558 4371 juba
1576 4301 1656 4372 quod
1670 4301 1726 4358 vis.
1750 4304 1789 4359 Tu
1815 4302 1881 4359 nosti

1034 4390 1069 4457 de
1083 4390 1136 4446 hac
1151 4406 1181 4445 re
1196 4391 1231 4445 ad
1247 4394 1274 4445 te
1288 4388 1428 4461 gemitum
1441 4388 1534 4445 cordis
1549 4389 1617 4455 mai,
1634 4394 1662 4444 et
1677 4391 1805 4447 flumina
1821 4408 1881 4447 oco·

1034 4479 1128 4535 lorum
1147 4494 1286 4534 meorum.
1302 4479 1399 4550 Neque
1413 4477 1491 4533 euim
1504 4477 1586 4532 facila
1601 4478 1707 4549 colligo
1726 4496 1816 4552 quarn
1834 4480 1882 4535 dm

1034 4567 1069 4621 ab
1083 4567 1137 4622 ista
1151 4572 1231 4640 poste
1252 4566 1426 4635 mundatior,
1455 4571 1484 4622 et
1506 4566 1631 4622 multum
1659 4568 1752 4624 timeo
1779 4569 1883 4625 occulta

1033 4672 1098 4711 mea
1122 4658 1206 4726 (Paul.
1231 4673 1309 4725 xrrrr,
1328 4656 1381 4728 tu),
1398 4672 1463 4728 qnae
1477 4658 1585 4709 uerunt
1596 4655 1673 4710 oculi
1688 4657 1745 4723 tui,
1764 4659 1824 4713 mei
1837 4673 1878 4712 an·

1033 4749 1172 4799 temnou.
1187 4747 1234 4799 Est
1248 4745 1325 4800 enim
1348 4744 1565 4816 qualiscumque
1588 4743 1619 4799 iu
1644 4744 1710 4799 aliis
1732 4746 1883 4817 generibus

1033 4833 1224 4888 tentationum
1239 4833 1311 4889 milri
1324 4833 1441 4888 facultas
1453 4832 1618 4905 explorandi
1628 4848 1690 4902 me;
1707 4833 1738 4889 in
1748 4835 1804 4890 hoc
1813 4848 1882 4906 pene

1033 4923 1113 4978 nulla
1128 4928 1180 4980 est.
1195 4925 1265 4978 Nam
1281 4928 1309 4978 et
1321 4941 1338 4978 a
1351 4922 1546 4993 voluptatibus
1562 4921 1667 4988 carnis,
1683 4927 1714 4978 et
1735 4939 1754 4978 a
1766 4921 1881 4978 curion-

1033 5015 1089 5066 tate
1105 5029 1313 5083 supervacanea
1328 5010 1528 5084 cognoscendi,
1544 5010 1626 5066 video
1641 5015 1787 5082 quantum
1809 5026 1882 5067 asse·

1033 5104 1115 5154 cutus
1130 5101 1184 5156 sim
1205 5117 1288 5173 posse
1307 5101 1452 5157 refrenare
1466 5099 1597 5157 animum
1618 5116 1731 5165 meum,
1755 5116 1823 5157 cum
1844 5099 1882 5156 eis

1064 5245 1072 5277 ¹
1089 5243 1206 5294 cassatae
1220 5257 1237 5293 a
1251 5257 1303 5302 nte,
1313 5243 1391 5307 Juxta
1401 5243 1477 5293 biart.
1489 5256 1550 5293 cnm
1567 5246 1581 5291 o
1596 5242 1659 5292 blss.
1677 5244 1714 5293 bl.

1197 5306 1421 5418 suillas·
1434 5302 1881 5428 {intersecans-u

1031 5379 1882 5504 affingit-‘legimus3¹11ltaarosiitem‘tutiuntisplffiaqnenibe

1033 5499 1077 5545 tur
1088 5493 1225 5554 lmttnnrtt,
1240 5497 1286 5542 ant
1299 5493 1414 5544 tvnttutt:
1429 5504 1518 5542 mauris
1531 5492 1608 5555 bene,
1619 5494 1651 5542 ut
1665 5492 1836 5544 arbitramur.
