3884 6112
146 288 197 344 335
734 283 820 340 VITA
846 281 874 337 S.
903 277 1096 337 AUGUSTINI
1125 281 1295 339 EPlSCOPl.
1852 279 1902 334 331

144 409 291 483 provacari
312 409 470 479 oportebat,
499 410 664 464 redeamus:
687 424 753 463 eum
776 422 839 462 eam
868 407 994 460 curasset
1046 406 1279 474 oliisreqantibus
1287 400 1789 474 liaeus,quorumnontomeidebatur
1802 402 1836 455 in
1858 402 1902 455 iro

145 499 290 556 Possidius
313 499 486 554 Calarnensis
510 499 659 571 episcopus
682 496 813 568 Crispino
840 491 994 566 significari
1046 509 1097 549 sue
1110 511 1206 550 curare
1216 494 1438 565 deprecationem,
1450 508 1531 561 quam
1541 493 1571 546 in
1580 493 1703 559 facinore
1717 492 1902 545 testimonium

145 588 358 645 Donatistarum
369 588 583 659 ejusdemurbis
597 587 739 658 episcopo,
756 584 844 656 quiet
858 583 993 653 antiquus
1045 584 1197 651 formidare
1205 583 1315 655 (Contra
1330 584 1512 649 cresconium,
1526 580 1576 634 lib.
1591 583 1617 647 3,
1631 596 1663 636 n.
1682 581 1737 649 50).
1754 579 1901 634 Possidius

84 671 94 684 ⁰
145 684 215 746 erat,
231 684 258 734 et
273 678 348 749 apud
367 695 433 732 sues
447 694 551 750 magne
567 676 597 730 in
612 690 731 729 numero
751 669 994 737 habebatur;hio
1046 672 1366 743 ipseeumdemzcasum
1395 669 1524 741 perinde,
1549 667 1729 740 quasialteri
1747 667 1900 734 evenisset,

144 767 354 840 compellationi
361 766 486 838 reposuit
501 782 540 832 se,
551 764 619 836 quid
631 760 761 834 responsi
773 760 900 816 dandum
908 763 992 828 esset,
1046 762 1181 828 referens,
1198 760 1265 816 satis
1283 761 1370 816 habet
1394 759 1499 826 dicere,
1524 757 1694 824 Donatistas,
1713 756 1761 811 ubi
1772 755 1856 810 illum
1871 755 1900 810 in

144 858 272 912 visurum
285 873 350 910 curn
360 855 486 925 collegis.
503 853 576 909 Satis
585 854 671 923 lengo
686 855 899 922 posttempere,
916 865 992 903 auno
1045 849 1149 905 itinere
1162 849 1253 906 adorti
1264 853 1368 916 essent,
1379 849 1512 920 jumenta
1528 852 1608 902 eires
1621 846 1713 918 ipsius
1734 844 1898 916 diripuisse,

141 942 201 1012 jam
216 939 320 995 Christi
335 937 620 1009 quadringentesimo
645 942 760 1008 quarto,
778 936 856 991 idem
871 934 994 1005 repetita
1047 955 1158 994 necnon
1180 939 1275 1010 ipsum
1289 937 1403 1009 injuriis
1424 943 1452 993 et
1472 937 1549 992 caede
1570 935 1739 1007 gravissima
1762 933 1895 1002 aifecmse,

144 1027 332 1084 conventione
345 1026 552 1097 interpellatus,
566 1026 642 1080 istud
653 1027 730 1098 apud
741 1030 810 1081 Aeta
824 1039 993 1096 responsum

142 1117 239 1174 dedit:
257 1116 364 1171 «Verba
382 1117 439 1171 uiri
451 1117 599 1185 peccatoris
609 1131 641 1170 ne
664 1117 802 1170 timueris»
823 1114 843 1183 (1
867 1113 990 1168 blochet.

143 1224 173 1273 11,
190 1207 246 1276 62).
262 1206 296 1259 Et
310 1205 434 1261 lterum:
455 1207 487 1259 ln
510 1220 589 1259 eures
614 1203 795 1275 imprudentis
823 1218 887 1257 eous
909 1201 992 1271 quid-

143 1295 360 1365 mendicaris,
376 1310 418 1360 ne,
434 1309 494 1348 cum
511 1293 641 1354 audierit,
658 1293 776 1346 irrideat
794 1295 914 1346 sensatos
931 1305 992 1345 ser-

143 1397 232 1439 mones
248 1387 306 1437 tues
328 1404 339 1432 ι
365 1383 547 1452 (11111111,
572 1381 608 1452 o).
625 1383 770 1443 Postremo,
790 1380 860 1434 benc
880 1394 991 1448 respen-

143 1474 244 1527 sionem
254 1486 341 1526 meam
353 1470 540 1540 patriarchati
559 1485 678 1524 sermone
693 1470 806 1538 definio:
829 1468 993 1524 Recedonte

143 1577 185 1617 me
199 1563 289 1631 impii,
309 1562 369 1615 uias
382 1575 472 1615 eorum
489 1575 567 1614 nesse
595 1559 655 1614 1111
680 1559 788 1628 (Contra
813 1557 992 1622 Crescentem,

144 1652 193 1706 tib.
214 1653 240 1716 3,
254 1665 285 1704 u.
304 1652 360 1719 50).
382 1651 420 1704 Ea
435 1647 558 1718 Crispini
568 1646 716 1717 responsio
732 1645 822 1700 doctis
837 1642 994 1698 elindeclis

144 1739 234 1794 risum
249 1737 356 1793 mevit:
373 1737 479 1809 quippe
500 1735 550 1807 qul
569 1752 598 1790 se
612 1736 697 1790 verba
721 1732 876 1805 peccatoris
900 1730 993 1787 uenti-

144 1846 232 1901 quam
245 1828 347 1882 timere
357 1828 495 1898 jactaret;
512 1841 577 1880 cuni
593 1830 690 1879 tamen
709 1823 735 1878 ei
749 1822 921 1894 respondere
936 1837 993 1876 non

143 1917 270 1972 auderet.
287 1915 359 1970 Satis
375 1913 493 1986 quidem
507 1912 775 1980 eratfmanilestum,
792 1911 843 1982 qui
863 1909 917 1965 sibi
934 1908 993 1963 vel·

142 2006 271 2074 lettfnec
286 2006 404 2059 deerant
419 2002 469 2074 qui
497 2002 735 2063 demonstrarent,
768 2015 856 2071 quam
883 1998 994 2053 inutilis

144 2095 276 2151 essetista
285 2092 443 2164 responsio,
453 2107 598 2162 quamque
610 2093 728 2161 prepter
746 2089 899 2142 verborum
913 2104 992 2141 acer·

144 2183 273 2249 bitatem,
285 2181 339 2252 ipsi
355 2178 540 2249 respondenti
555 2176 748 2248 nexia;atque
757 2175 916 2231 hincsimul
928 2176 992 2230 uni-

145 2269 232 2324 versis
241 2268 363 2340 Crispini
371 2267 498 2339 episcopi
513 2266 686 2335 doctissima,
702 2264 819 2336 utapud
832 2263 993 2319 Donatistis

142 2358 311 2425 habebatur,
328 2356 474 2412 annositas
490 2360 587 2410 contra
601 2359 694 2410 stante
714 2352 813 2425 juveni
834 2369 866 2408 ac
889 2353 991 2420 tirone,

144 2448 237 2520 qualis
250 2446 394 2502 Possidius
406 2450 475 2512 erat,
492 2444 565 2499 nihil
580 2444 729 2499 adversum
743 2443 893 2498 veritatem
910 2458 993 2513 pesse

144 2537 326 2610 probabatur.

180 2629 206 2681 2.
220 2627 399 2697 Quapropter
420 2623 534 2696 quaudo
553 2623 606 2678 hac
625 2639 685 2677 nen
702 2620 844 2688 successit,
871 2620 925 2675 alia
948 2620 994 2676 riu

145 2715 371 2788 aggrediendum
387 2713 456 2768 fuit:
470 2714 532 2768 haee
546 2728 612 2767 vero
625 2712 685 2765 visa
700 2715 743 2765 est
755 2710 885 2765 omnium
904 2709 992 2780 petis-

144 2805 225 2861 sima.
234 2803 361 2875 Contigit
370 2802 467 2875 paucis
481 2806 547 2873 post
560 2800 670 2866 diebus,
680 2805 714 2854 ut
723 2798 865 2854 Possidius
879 2799 993 2855 Calama

143 2895 177 2949 ad
191 2893 373 2949 invisendum
392 2891 423 2946 in
438 2907 490 2946 sua
503 2889 618 2945 diaecesi
638 2888 851 2959 l‘igulinensem
870 2887 993 2942 luridum

143 2983 373 3052 proficisceretur
386 2997 420 3035 eo
435 2979 568 3045 consilio,
595 2984 629 3033 ut
647 2977 817 3043 Catholicos,
838 2976 888 3048 qui
909 2975 993 3048 pauci

142 3071 201 3124 illic
216 3074 307 3132 erant,
318 3069 509 3132 confirmaret,
524 3067 595 3121 alies
609 3071 705 3121 autem
713 3067 748 3120 ad
760 3066 990 3136 amplexandam,

143 3159 167 3211 si
189 3158 304 3224 vellent,
329 3157 469 3211 unitatem
495 3155 702 3221 cohortaretur,
718 3171 750 3208 ac
766 3155 889 3224 denique
916 3152 992 3224 pacis

144 3245 314 3312 doctrinam,
331 3261 418 3316 quam
436 3246 466 3298 in
496 3243 649 3313 Augustini
672 3242 844 3296 monasterio
863 3247 892 3296 et
906 3243 992 3311 clere,

143 3335 220 3391 unde
244 3333 339 3388 iuerat
364 3333 398 3388 ad
426 3332 622 3402 episcopatum
647 3335 819 3401 assumptus,
846 3330 990 3396 didicerat,

143 3423 276 3478 erunibus
291 3422 416 3477 haderet
435 3421 594 3491 (Possidius,
616 3422 646 3473 in
668 3422 733 3475 Vita
753 3419 882 3486 Auaust,
898 3434 922 3472 c.
940 3422 990 3487 l2;

142 3515 242 3572 Contra
260 3513 437 3577 Crescentem,
461 3510 508 3565 lib.
526 3496 590 3571 3,n.
616 3512 666 3576 50;
688 3511 779 3578 Epist.
811 3511 870 3574 105,
898 3524 927 3563 n.
953 3511 989 3573 4).

142 3604 214 3657 Tunr
225 3616 290 3656 vere
303 3600 469 3655 Donastistae
484 3597 679 3668 alioCrispino
696 3596 822 3668 episcopi
846 3596 992 3651 Calarneu·

142 3692 181 3746 sis
195 3690 371 3762 presbytero,
388 3693 473 3758 atque
496 3688 567 3757 ejus,
591 3691 625 3741 ut
638 3685 789 3750 ferebatur,
818 3686 989 3757 propinquo,

143 3781 259 3835 ductore
280 3777 339 3831 vias
354 3777 456 3830 armati
474 3776 620 3829 latronum
639 3791 720 3829 more
743 3774 882 3841 obsidere,
906 3781 991 3846 atque

141 3866 261 3923 iusidias
276 3881 392 3936 ponere.
405 3866 438 3918 ln
454 3881 500 3918 eas
513 3866 573 3934 jam
587 3880 660 3935 pene
678 3863 818 3917 inciderat
838 3865 989 3932 Possidius,

141 3971 207 4009 eum
221 3953 307 4024 hujus
320 3952 363 4007 rei
378 3951 482 4005 certior
491 3950 581 4005 laetus
595 3951 651 4004 alio
663 3950 787 4011 divertit,
800 3966 887 4022 seque
901 3951 930 4005 in
948 3952 990 4006 le-

140 4059 207 4097 cum
222 4042 337 4097 nomine
352 4041 479 4095 Livetum
491 4040 614 4111 recepit;
631 4039 680 4095 ubi
694 4039 832 4095 nimirum
857 4041 905 4095 ille
927 4041 989 4097 Cri-

139 4133 239 4203 spinus
255 4131 326 4186 nihil
341 4129 468 4194 auderet,
486 4131 529 4183 vel
543 4145 600 4183 nou
615 4129 794 4199 praevaleret,
814 4130 858 4183 vel
882 4129 990 4201 siquid

140 4223 228 4277 etiam
251 4220 374 4289 iecisset,
394 4234 497 4289 negare
520 4234 578 4272 non
598 4222 694 4289 posset
734 4221 802 4273 Tum
823 4218 941 4285 domum,
961 4221 990 4272 in

141 4329 195 4381 quo
210 4327 270 4367 earm
283 4313 340 4366 suis
361 4324 389 4364 se
409 4307 549 4364 Possidius
570 4309 728 4370 incluserat,
752 4309 839 4376 sepire
865 4311 988 4376 armetis,

141 4397 280 4464 lapidibus
304 4396 527 4459 circumtundere,
555 4396 657 4450 ambire
682 4399 809 4465 tiammo,
835 4398 941 4452 editum
957 4413 990 4452 ea

140 4486 303 4553 omniparis
317 4487 417 4540 metiri.
439 4487 505 4550 erae
518 4500 579 4539 vero
593 4485 691 4539 odunt
705 4487 877 4540 incolentium
894 4487 988 4541 mulii·

140 4572 215 4633 tude,
230 4589 329 4627 memor
339 4575 457 4642 periculi
470 4576 524 4639 sui,
543 4575 569 4627 si
591 4576 621 4628 in
634 4589 662 4628 ee
684 4575 738 4629 ioco
758 4578 990 4641 1111111111-

140 4663 196 4713 tum
208 4659 316 4725 facinus
330 4662 493 4729 impleretur,
514 4662 620 4730 purtim
642 4661 719 4715 illam
739 4661 934 4730 deprecebatur
958 4666 989 4716 ut

137 4752 271 4817 parceret,
282 4763 360 4816 quem
370 4749 516 4804 resistenda
534 4765 588 4804 nen
598 4749 719 4811 audebat,
729 4749 871 4818 offendere,
886 4753 990 4821 partim

138 4851 200 4891 uere
217 4838 292 4903 iones
306 4839 460 4906 suppositos
474 4837 676 4905 cestioquebat.
695 4837 813 4892 Eosdem
832 4854 922 4910 usqua
935 4844 989 4893 ter-

137 4925 179 4980 tie
194 4925 383 4996 compresslt;
400 4926 521 4996 quodni
544 4925 666 4994 iecisset,
682 4927 825 4982 Possidius
848 4944 905 4982 una
923 4945 989 4984 cum

138 5015 224 5070 demo
239 5017 268 5068 et
277 5012 396 5082 reliquis
412 5013 442 5067 in
455 5029 488 5068 ea
497 5013 614 5068 inclusis
624 5014 705 5070 vivus
720 5015 886 5069 combustus
904 5018 986 5070 esset.

1047 1028 1208 1098 (Possidius,
1225 1030 1254 1082 iu
1271 1029 1335 1084 Vita
1347 1028 1477 1095 August,
1493 1042 1516 1080 e.
1534 1026 1586 1094 tn).

1082 1119 1108 1172 3.
1128 1119 1189 1172 ilaec
1202 1121 1389 1186 posteaquam,
1409 1114 1505 1186 pergit
1523 1113 1711 1185 Augustinus,
1733 1117 1802 1168 nota
1824 1113 1895 1179 soom

1046 1207 1154 1261 suntin
1168 1206 1267 1276 oppido
1282 1206 1444 1272 Colommsi,
1459 1203 1667 1274 exspectabatur
1681 1203 1829 1272 Crispinus
1840 1202 1895 1272 epi·

1047 1308 1143 1364 seepus
1156 1292 1242 1348 uester
1257 1292 1427 1360 (Donahstas
1442 1292 1609 1364 alloquitur)
1625 1289 1853 1360 quemadmodum
1866 1293 1893 1345 in

1046 1394 1125 1436 suum
1134 1381 1321 1451 presbyterum
1330 1381 1492 1437 uiridieerct.
1508 1380 1630 1435 Accessit
1639 1381 1723 1435 etiam
1735 1381 1893 1450 protestatio

1045 1470 1257 1540 municipalibus
1270 1471 1352 1537 uestis
1366 1484 1508 1539 expresse:
1519 1468 1597 1538 cajus
1606 1469 1648 1523 uel
1662 1469 1771 1536 timore,
1786 1468 1828 1523 uel
1844 1483 1892 1538 pu-

1048 1560 1122 1626 dere,
1138 1563 1404 1628 coquetureeereere
1418 1559 1626 1614 ecelesiasticam
1636 1557 1804 1614 uindictam.
1823 1556 1895 1623 eoa

1047 1664 1108 1704 aum
1135 1651 1242 1703 omnine
1263 1652 1451 1712 contemneret,
1474 1651 1619 1716 tantusque
1644 1649 1721 1717 11111
1747 1650 1893 1701 aesta-mam

1048 1738 1189 1804 tumultus,
1205 1741 1237 1792 ut
1250 1739 1361 1792 ueritati
1374 1736 1567 1807 predicanda,
1590 1738 1634 1790 cui
1655 1735 1821 1805 respendere
1846 1750 1893 1790 non

1044 1831 1181 1896 peterent,
1190 1828 1291 1880 itinere
1300 1827 1421 1881 clausuri
1426 1829 1600 1894 putarentur,
1616 1827 1669 1879 inae
1679 1824 1893 1894 euejametian

1048 1920 1219 1971 conarentur
1230 1916 1339 1986 (Corsica
1354 1913 1538 1980 Crescentem,
1554 1913 1601 1968 lib.
1618 1915 1644 1980 3,
1659 1928 1688 1968 n.
1698 1911 1745 1985 51)
1758 1929 1766 1967 :
1783 1912 1893 1968 demum

1047 2021 1084 2059 ne
1111 2003 1272 2058 istiusmodi
1291 2003 1434 2058 violentiae
1460 2002 1537 2075 pacis
1558 2001 1757 2057 ecclesiasticae
1782 2018 1893 2057 cursum

1047 2093 1241 2165 prohiberent,
1264 2092 1393 2147 Eccleslae
1410 2092 1542 2147 defenser
1554 2107 1588 2145 ea
1601 2091 1636 2146 de
1653 2107 1684 2146 re
1698 2091 1892 2162 querimonias

1046 2183 1081 2236 ad
1096 2182 1294 2253 magistratum
1309 2185 1419 2237 servato
1430 2180 1504 2252 juris
1519 2196 1599 2236 more
1616 2179 1720 2236 detulit
1734 2179 1893 2252 (Possidius,

1050 2270 1115 2324 Vita
1141 2272 1271 2338 August,
1293 2286 1316 2325 c.
1341 2275 1395 2339 ln).
1427 2269 1669 2341 impetratumque
1684 2273 1731 2324 ost
1756 2269 1894 2340 (iomana

1047 2358 1246 2412 Proconsulnri
1267 2357 1418 2429 Numidiae)
1433 2363 1466 2413 ut
1486 2358 1635 2429 episcopus
1656 2357 1810 2429 Crispinus
1823 2358 1892 2415 mul·

1046 2449 1121 2499 ctam
1130 2445 1242 2516 legibus
1251 2446 1282 2499 in
1294 2447 1441 2501 haereticos
1450 2444 1793 2512 constitutam,nimirum
1804 2445 1893 2501 decem

1047 2534 1109 2588 auri
1124 2534 1230 2605 pende,
1245 2536 1366 2590 solveret
1380 2535 1476 2606 (Epist.
1496 2538 1556 2602 105,
1579 2550 1607 2589 n.
1625 2536 1658 2602 43
1669 2536 1772 2592 Contra
1793 2536 1893 2592 Cresco·

1046 2625 1131 2691 isium,
1154 2639 1178 2677 n.
1195 2623 1238 2694 til)
1254 2624 1357 2694 Legem
1371 2624 1445 2678 hanc
1460 2622 1636 2678 Theodosius
1651 2623 1715 2693 jam
1739 2623 1811 2678 inde
1824 2639 1841 2678 a
1855 2624 1893 2678 de·

1047 2711 1121 2766 cirne
1137 2713 1260 2783 septimo
1280 2713 1417 2768 kalendas
1428 2713 1497 2784 julii
1511 2712 1579 2767 anni
1595 2712 1794 2768 trecentesimi
1808 2729 1891 2769 nona·

1047 2800 1148 2870 gesimi
1159 2802 1275 2857 secundi
1290 2804 1522 2873 promulgaverat
1534 2802 1564 2856 in
1574 2801 1726 2857 haereticos
1739 2819 1852 2870 omnes,
1864 2806 1892 2857 ul

1047 2889 1096 2960 qui
1111 2890 1187 2961 apud
1203 2907 1250 2945 ees
1265 2890 1307 2945 vel
1323 2891 1486 2946 conferrent
1499 2892 1543 2946 sel
1561 2891 1724 2963 acciperent
1737 2891 1890 2946 clericalem

1047 2977 1227 3049 dignitatem,
1238 2980 1318 3034 denis
1329 2981 1391 3035 auri
1405 2980 1484 3034 libris
1499 2981 1727 3048 mulctarentur;
1740 2984 1773 3036 et
1795 2978 1890 3053 quavis

1046 3068 1119 3138 loca,
1131 3068 1161 3122 in
1175 3085 1240 3141 qum
1261 3069 1378 3124 domino
1393 3069 1510 3141 quidem
1536 3069 1735 3125 consentiente
1764 3069 1889 3124 conveni·

1046 3161 1120 3222 rent,
1137 3157 1205 3211 fisco
1220 3156 1440 3225 addicerentur;
1464 3157 1507 3211 sin
1524 3161 1619 3212 autem
1634 3157 1685 3212 illo
1700 3156 1795 3212 inscio
1808 3155 1888 3213 velin
1932 3186 1934 3211 ι

1046 3243 1116 3298 lecis
1128 3245 1189 3315 jam
1203 3245 1271 3299 llsce
1286 3245 1406 3302 addictis
1419 3245 1450 3301 id
1474 3246 1564 3312 lieret,
1582 3245 1669 3300 denas
1694 3261 1814 3318 quoque
1832 3242 1885 3300 auri
1932 3240 1934 3269 ⁵

1046 3331 1133 3386 libras
1147 3332 1229 3387 fundi
1241 3333 1409 3388 conductori
1423 3333 1584 3403 imperabat
1609 3333 1719 3403 (Codice
1746 3334 1843 3390 Theod.
1855 3333 1884 3388 de

1048 3421 1290 3493 timidarum-l).
1308 3423 1442 3494 Ejusdem
1457 3422 1528 3494 legis
1549 3422 1683 3478 meminit
1706 3424 1819 3494 passim
1840 3424 1887 3478 Au·

1047 3507 1177 3578 gostinus
1206 3510 1314 3579 (Contra
1340 3511 1430 3580 Epist.
1454 3513 1638 3580 Parmenioni,
1656 3510 1704 3566 lib.
1729 3514 1756 3579 l,
1777 3528 1809 3568 n.
1834 3509 1884 3580 lt):

1045 3601 1250 3668 preterquam
1265 3599 1328 3653 alias
1342 3616 1402 3654 non
1412 3615 1510 3671 paucae
1525 3599 1729 3671 suppetebant,
1741 3615 1778 3655 ex
1795 3598 1885 3672 quibus

1048 3685 1176 3741 Ecclesiae
1191 3701 1256 3741 cunr
1275 3686 1417 3762 haereticis
1435 3705 1520 3760 agere
1539 3687 1653 3744 licebat.
1668 3690 1777 3744 Verum
1797 3703 1884 3761 quam·

1045 3775 1150 3828 trrmvis
1165 3776 1293 3847 aequitati
1308 3777 1501 3832 consentirent
1513 3777 1582 3846 illae,
1597 3781 1677 3832 tanta
1691 3777 1788 3834 inerat
1801 3777 1884 3834 Catho
1931 3799 1934 3804 ·

1045 3862 1105 3916 licis
1120 3865 1318 3931 mansuetudo,
1343 3869 1373 3920 ut
1387 3882 1434 3920 eas
1451 3865 1641 3937 negligerent,
1656 3882 1689 3921 ac
1713 3866 1847 3933 dormire,
1864 3863 1882 3918 si

1044 3950 1179 4007 fasestitu
1187 3953 1277 4025 loqui,
1287 3953 1422 4021 sinentes,
1436 3971 1535 4009 aarum
1546 3954 1689 4027 imperata
1701 3955 1768 4011 sveri
1778 3954 1883 4010 mininie

1043 4041 1328 4113 postularent(Epist.
1340 4044 1384 4111 88,
1400 4059 1429 4098 n.
1444 4048 1477 4113 73
1491 4045 1591 4100 Contra
1602 4045 1786 4113 cresconium,
1803 4044 1847 4099 lib.
1861 4044 1883 4108 3,

1043 4144 1070 4184 n.
1088 4130 1145 4201 51).
1165 4131 1303 4186 Nessana
1318 4131 1374 4185 alia
1388 4148 1433 4187 res
1452 4132 1487 4187 ad
1502 4148 1600 4187 earum
1615 4133 1712 4205 legum
1724 4131 1882 4188 recordatio

1044 4234 1109 4272 nem
1123 4219 1257 4274 excitavit
1272 4220 1481 4275 Catholieorum
1495 4222 1616 4288 animes,
1632 4237 1723 4293 quam
1745 4220 1883 4277 necssshas

1044 4309 1232 4378 propulsandi
1263 4325 1334 4380 quas
1363 4309 1612 4366 Circumcelliones
1640 4310 1711 4382 ipsis
1748 4309 1884 4367 violentias

1043 4397 1209 4452 afferebant.
1226 4398 1290 4453 istis
1304 4398 1432 4469 primum
1447 4399 1555 4470 legibus
1571 4400 1615 4454 usi
1626 4399 1747 4455 fuerunt
1760 4396 1885 4456 Catholici

1043 4486 1078 4541 ad
1094 4486 1291 4550 coercendam,
1308 4487 1332 4542 si
1347 4505 1404 4559 qua
1418 4491 1542 4559 possent,
1558 4487 1655 4559 Optati
1674 4487 1837 4544 Gildoniani
1849 4491 1883 4560 ty-

1043 4576 1201 4647 rannydem
1211 4578 1318 4644 (Contra
1331 4579 1427 4632 Littcr.
1441 4578 1579 4636 Petiliam.
1598 4577 1645 4632 ite.
1661 4579 1688 4644 3,
1703 4594 1734 4632 n.
1751 4576 1825 4650 184).
1840 4577 1884 4632 Eas

1043 4664 1128 4718 etiam
1147 4665 1268 4721 subinde
1288 4666 1424 4720 adversus
1439 4665 1602 4736 Crispinum
1616 4665 1789 4737 episcopum
1809 4663 1883 4721 adbi-

1042 4752 1227 4808 bueruntzat
1244 4755 1446 4810 multominus
1467 4758 1500 4809 ut
1519 4755 1554 4809 de
1576 4753 1695 4825 patratis
1717 4753 1883 4810 facinoribus

1042 4846 1205 4911 repeterent
1219 4858 1327 4912 poenas,
1344 4858 1432 4914 quam
1451 4846 1483 4897 11
1497 4843 1668 4897 documenta
1689 4842 1818 4902 lenitatis
1835 4856 1884 4897 sua

1042 4929 1223 4999 praeberent:
1244 4932 1420 5002 planumque
1442 4929 1568 4985 iacerent
1592 4930 1759 4997 Ecclesiam,
1783 4931 1882 4987 nedum

1042 5018 1097 5072 sibi
1111 5019 1211 5086 ullam,
1228 5019 1496 5080 circumcellionum
1510 5019 1610 5090 instar,
1625 5024 1802 5091 potestatem
1815 5033 1886 5077 usur

137 5104 203 5161 Cum
216 5107 310 5159 eutem
324 5103 369 5156 iile
383 5100 552 5174 (Crispinus)
566 5104 652 5158 nihile
665 5106 773 5171 sequius
789 5105 880 5174 captis
901 5105 988 5170 suoi.
1040 5111 1123 5177 paret
1137 5108 1295 5178 tyrannice,
1311 5125 1344 5164 ea
1358 5110 1444 5165 etiam
1456 5110 1532 5164 nolle
1542 5109 1585 5165 uti
1594 5109 1741 5176 facultate,
1757 5126 1846 5182 quam
1857 5106 1885 5163 eh

79 5208 81 5213 ’
136 5194 187 5250 dus
199 5198 283 5263 atque
297 5195 454 5247 irrcaeratus
470 5195 595 5258 instaret,
613 5197 691 5250 cessit
712 5194 863 5264 aliquande
887 5194 987 5250 ictibus
1041 5194 1170 5264 legitima
1186 5198 1354 5252 auctoritate
1370 5198 1422 5253 sibi
1434 5198 1516 5269 juxta
1531 5198 1729 5270 propheticam
1744 5198 1884 5254 veritatem

131 5282 231 5352 janua,
249 5284 452 5350 inpressisset,
470 5284 655 5352 sauciatisque
670 5284 741 5338 eade
756 5285 900 5353 jumentis,
926 5299 986 5351 quae
1040 5283 1196 5341 famulante
1216 5285 1491 5358 accepisset(Coutra
1505 5288 1744 5358 cresconium,tib.
1757 5290 1820 5356 im.
1836 5289 1883 5346 111.

135 5372 165 5425 in
180 5370 411 5439 interioredemus
431 5373 512 5438 perte
528 5376 728 5441 cempuerant3
751 5370 783 5426 de
802 5370 986 5441 superioribus
1039 5373 1148 5428 iudicio
1164 5373 1193 5429 in
1207 5391 1237 5430 ss
1256 5375 1313 5429 lato
1327 5392 1428 5447 parere
1448 5375 1540 5430 noluit
1554 5375 1721 5447 Crispinus:
1748 5377 1829 5432 stetit
1844 5391 1885 5430 ce·

133 5461 287 5530 episcopum
300 5460 489 5530 deposuerunt,
499 5457 649 5527 officientes
662 5461 754 5529 plenis
768 5463 794 5514 et
801 5461 981 5515 contumetiis.
1039 5477 1102 5517 ram
1115 5464 1296 5535 proconsule,
1312 5463 1424 5535 sibique
1439 5463 1549 5519 crimen
1563 5465 1707 5520 haereseos
1721 5465 1886 5538 neutiquam

135 5547 187 5603 Ubi
198 5563 232 5604 no
242 5551 355 5618 eraoius
364 5550 500 5614 sevirent,
518 5550 668 5608 intercessit
679 5550 737 5620 ipse
746 5549 899 5620 01111111,
914 5549 987 5606 uelut
1040 5551 1149 5609 haerere
1163 5551 1311 5611 contendit
1330 5552 1491 5625 (Possidius,
1505 5555 1536 5609 in
1555 5555 1621 5612 Vita
1634 5554 1772 5626 annuat,
1795 5571 1819 5611 c.
1840 5556 1885 5609 ti:
