3884 6112
94 245 145 299 188
191 264 194 268 ·
696 240 783 298 VITA
803 242 829 297 S.
856 241 1050 300 AUGUSTINI
1076 241 1245 299 uersuum.
1793 246 1849 301 881

93 367 168 425 iuter
181 369 283 423 catera
300 365 335 422 de
354 365 408 421 hoe
430 363 587 422 Gaudentio
606 369 793 429 memoratur,
810 381 876 421 eum
896 381 945 437 pa·
1000 369 1062 422 tune
1076 365 1198 434 88188888,
1223 364 1319 436 inquit
1333 368 1444 434 auctor,
1465 381 1524 423 cum
1545 368 1624 421 sociis
1639 363 1785 429 81881818,
1805 371 1852 421 at·

94 460 168 512 trem
181 455 269 512 fuisse
284 453 369 523 Aetii,
385 453 566 510 celeberrimi
584 452 661 509 illius
674 453 754 510 ducis
766 453 944 526 temporibus
999 471 1060 526 que,
1079 461 1109 510 81
1130 470 1157 510 88
1174 454 1382 511 adolescentium
1395 459 1462 511 aetas
1477 458 1621 526 impatiens
1640 458 1855 526 circumquaque

96 544 285 601 Valentiniani
297 543 486 616 imperatoris.
501 544 634 609 Quamvis
646 548 743 600 aulem
755 543 943 613 Augustinus,
998 545 1128 611 uertebat,
1145 544 1209 600 dum
1228 546 1329 600 8881881
1342 545 1451 614 singula
1468 559 1580 615 quaque
1590 560 1643 615 pro
1660 546 1854 614 moestitudine

94 635 204 692 ldacius
213 638 241 690 et
256 636 379 704 Prosper
388 635 571 705 Puganorum
583 634 692 703 templa
701 648 753 703 per
763 631 792 687 id
805 633 943 703 temporis
999 634 1168 702 inspicimus,
1183 635 1283 689 mirum
1296 633 1434 702 quoddam
1448 637 1474 689 et
1488 634 1644 690 incredibile
1656 639 1749 691 nostro
1760 650 1790 692 se
1803 638 1853 691 in-

94 723 188 779 ercisa
206 722 293 779 tuisse
308 726 542 786 commemorent,
560 737 612 776 nec
625 720 733 792 ambigi
755 720 857 792 possit,
873 719 943 793 quin
996 724 1078 789 qessit
1092 723 1224 793 aspectui,
1239 724 1335 778 titulus
1346 725 1427 779 eneis
1439 724 1690 794 grandioribusque
1704 726 1806 781 titteris
1820 727 1852 780 in

93 813 219 885 plurima
230 827 330 883 reapse
343 811 439 867 diruta
452 810 575 877 fuerint3
587 809 684 865 omnia
697 813 795 864 188888
805 808 943 867 demolita
996 811 1169 880 frontispicio
1184 812 1277 882 templi
1291 814 1458 882 conscriptus
1471 828 1478 867 ε
1495 813 1634 868 Aurenses
1647 814 1787 869 Ponnsax
1805 830 1852 868 nr·

93 901 191 969 luisse,
207 900 301 956 dicere
315 915 375 956 uon
389 915 550 970 possumus.
568 899 640 954 llam
655 897 813 966 concilium¹
823 899 942 955 Cartba-
997 913 1111 955 orcavrr.
1127 901 1203 955 11888
1216 901 1330 968 legentes
1346 902 1444 972 popuii
1461 901 1635 957 mirabantur
1646 916 1773 972 presago
1785 906 1850 959 1888

92 989 211 1060 ginense
227 989 321 1044 adhue
332 1004 408 1043 auno
422 987 708 1059 quadringentesimo
724 987 818 1059 primo
834 991 942 1044 statue·
996 989 1097 1057 spirim
1111 992 1183 1056 acta,
1203 1004 1262 1059 qua
1273 992 1402 1059 prescius
1416 992 1466 1045 Dei
1483 990 1549 1046 ordo
1563 995 1634 1047 88818
1646 993 1701 1047 1818
1712 994 1767 1061 ttae
1784 1007 1849 1049 eon·

91 1077 150 1145 bat,
166 1077 330 1132 facultatem
344 1076 455 1149 aliquot
475 1077 583 1148 templu
604 1076 738 1133 dimeudi
759 1076 794 1132 ab
818 1078 943 1148 Impera·
997 1077 1440 1147 8188881188118881181,1188,
1459 1094 1521 1148 cap.
1541 1079 1598 1150 88).
1621 1079 1775 1149 Templum
1795 1077 1851 1144 hee

90 1170 151 1221 tore
165 1182 226 1221 osse
239 1165 439 1238 postulandam
456 1166 561 1235 (Codice
575 1166 675 1225 Canon.
692 1166 795 1235 Attin,
807 1181 868 1222 con.
885 1165 940 1238 81).
995 1169 1094 1237 postea
1108 1167 1168 1222 solo
1188 1171 1333 1239 aquatum
1352 1170 1395 1222 est
1415 1182 1490 1222 anuo
1511 1164 1798 1239 quadringentesimo
1812 1165 1853 1222 si·

91 1257 125 1311 Et
151 1271 186 1310 ex
209 1259 326 1309 auctore
349 1254 415 1309 libri
439 1253 475 1310 de
499 1253 747 1323 Praedietionibus,
774 1255 941 1311 mandatum
996 1253 1105 1326 gesimo
1119 1254 1223 1326 primo.
1240 1257 1339 1328 ltaque
1354 1271 1412 1310 non
1426 1255 1462 1311 de
1475 1255 1584 1326 templo
1599 1253 1802 1323 Caelestis,sed
1816 1253 1851 1309 da

89 1341 169 1398 losio
184 1345 214 1398 et
228 1341 388 1398 Gaudentio
400 1341 435 1398 de
447 1341 581 1397 tollendis
595 1341 700 1413 potius,
716 1358 803 1415 quam
817 1343 942 1401 confrin-
995 1342 1074 1398 idolo
1089 1344 1260 1416 loquebatur
1273 1343 1461 1416 Augustinus,
1476 1360 1541 1400 cum
1556 1344 1643 1415 paulo
1658 1346 1725 1415 post
1736 1347 1850 1415 captam

91 1430 193 1503 gendis
215 1429 309 1498 idolis,
332 1430 431 1487 datum
454 1430 548 1486 luerat
569 1428 617 1503 (118
639 1431 823 1500 Praediction,
838 1433 888 1488 118.
913 1436 939 1501 8,
996 1433 1118 1487 Romam
1140 1432 1269 1488 diceret:
1286 1434 1422 1501 Carthago
1441 1435 1472 1488 in
1494 1434 1600 1487 nominc
1623 1432 1726 1490 Christi
1748 1435 1848 1499 manet,

90 1535 154 1590 cap.
173 1520 230 1592 88).
246 1520 352 1574 Verum
370 1534 436 1574 cum
456 1518 487 1574 in
509 1519 639 1575 Ecclesiae
657 1536 770 1589 manus,
790 1524 823 1577 ut
843 1520 942 1576 verisi·
995 1524 1021 1575 et
1032 1522 1096 1576 otim
1109 1522 1404 1587 88888888081881188
1425 1523 1491 1590 quia
1510 1536 1563 1576 non
1583 1521 1640 1590 1811
1661 1518 1849 1587 8888118881

90 1606 159 1662 mile
175 1610 226 1669 est,
240 1607 435 1676 traderentur,
448 1606 554 1663 mirum
568 1607 658 1663 videri
670 1624 728 1664 non
738 1608 833 1677 debet,
844 1609 866 1664 si
883 1609 942 1680 epi·
996 1611 1130 1664 terrestris
1143 1611 1241 1680 (Serm.
1259 1610 1321 1678 101,
1335 1625 1364 1666 8.
1379 1613 1407 1680 8,
1421 1625 1450 1666 n.
1469 1608 1521 1681 lu).

91 1695 171 1768 scopi
185 1696 309 1768 plurima
328 1695 478 1752 diruerinl.
494 1699 627 1753 Attamen
641 1697 700 1752 sire
719 1698 797 1770 quod
815 1699 940 1770 impera·
1031 1701 1060 1753 6.
1086 1700 1193 1755 1188188
1212 1698 1279 1754 libri
1294 1698 1330 1754 de
1352 1697 1589 1754 praedictionibus
1602 1696 1713 1768 scribit,
1729 1696 1762 1753 in
1776 1712 1845 1770 qua·

90 1784 162 1841 18818
176 1784 347 1856 rescriptum
362 1801 422 1840 non
437 1785 466 1841 id
485 1786 631 1858 conceptis
649 1785 743 1842 serbis
761 1787 938 1860 praeciperet,
996 1786 1061 1842 dam
1075 1789 1147 1844 8888
1161 1787 1338 1844 llauritaniae
1353 1792 1434 1842 eruta
1447 1786 1534 1842 luisse
1548 1785 1675 1859 plurima
1690 1802 1705 1841 e
1721 1787 1846 1843 cavernis

92 1872 150 1929 sire
163 1873 241 1946 quod
251 1873 405 1929 Gentilium
418 1875 543 1946 querelae
553 1874 631 1930 illius
644 1875 773 1931 animum
785 1876 941 1949 permovis-
996 1875 1147 1931 simulacra
1163 1881 1270 1947 881888,
1287 1892 1352 1948 qum
1366 1876 1396 1931 in
1415 1892 1463 1931 aas
1477 1876 1608 1931 88818888
1619 1875 1754 1944 1888881;
1769 1880 1799 1931 81
1811 1877 1844 1932 88

89 1965 169 2029 8881;
199 1977 274 2017 8888
307 1962 507 2018 trecentesimo
536 1963 720 2035 nonagesimo
748 1981 835 2032 nono,
856 1965 940 2022 tertio
995 1963 1069 2019 hanc
1081 1964 1276 2020 inventionem
1290 1968 1379 2020 totam
1395 1964 1550 2032 civitatem,
1565 1964 1643 2036 ipsos
1658 1963 1751 2020 etiam
1767 1963 1843 2020 cleri·

89 2049 226 2106 kalendas
239 2046 418 2122 septembris,
434 2051 512 2106 aliud
526 2052 696 2125 rescriptam
711 2053 788 2110 dedit
801 2054 836 2110 ad
849 2056 940 2127 Apol·
996 2070 1044 2108 cos
1057 2070 1123 2109 reos
1140 2053 1237 2122 luisse,
1256 2054 1301 2110 rel
1322 2052 1443 2126 perjurii
1468 2052 1612 2109 convictos
1635 2053 1685 2125 (118
1708 2053 1841 2117 11888181..

89 2138 221 2195 lodorum
243 2138 346 2195 Africus
368 2143 580 2211 proconsulem,
602 2158 660 2213 quo
686 2142 814 2199 deceruit
834 2145 941 2217 templa
996 2144 1042 2198 111.
1060 2146 1087 2209 3,
1103 2159 1163 2214 cup.
1181 2145 1237 2213 88).
1260 2145 1366 2198 Forsan
1379 2143 1414 2199 88
1434 2141 1553 2198 8881888
1573 2142 1781 2214 jusJ'urandum
1801 2158 1842 2197 ex·

90 2229 176 2284 rebus
191 2227 325 2285 omuibus
340 2228 458 2298 illicitis,
478 2231 534 2285 aris
555 2231 694 2287 nimirum
716 2235 745 2288 et
763 2232 857 2299 idolis,
873 2251 939 2306 spo·
996 2231 1136 2302 igebatur‚
1153 2248 1210 2303 quo
1225 2232 1428 2287 confirmarent
1446 2231 1524 2286 nulla
1542 2231 1631 2286 latere
1651 2228 1841 2301 idola;hujus

90 2317 167 2386 11818,
182 2316 296 2373 intactis
308 2334 425 2390 prorsus
444 2318 583 2386 aediliciis,
599 2336 660 2376 esse
679 2321 869 2394 relinquenda
885 2324 942 2395 (Cb-
996 2324 1092 2375 autam
1115 2319 1235 2375 civitatis
1250 2319 1355 2388 clerici,
1370 2318 1420 2392 qui
1435 2319 1587 2374 simulacra
1608 2316 1717 2374 seirent
1729 2335 1790 2375 esse
1803 2335 1840 2374 re·

90 2407 149 2462 dice
164 2406 261 2463 Theod.
278 2407 311 2462 de
324 2410 402 2477 req,
419 2412 481 2477 818,
495 2409 550 2478 icqe
567 2412 619 2478 18).
996 2409 1109 2465 condita
1121 2409 1192 2465 illud
1202 2409 1371 2465 denuntiare
1382 2424 1440 2464 non
1450 2407 1513 2464 ausi
1526 2411 1602 2464 suut.
1613 2408 1685 2463 Nam
1696 2412 1791 2464 metus
1803 2407 1842 2463 iu·

125 2499 152 2552 li.
170 2495 266 2552 Refert
280 2495 316 2551 ad
331 2495 384 2550 boe
400 2500 514 2566 tempus
534 2497 682 2565 88888188,
700 2497 778 2552 velut
791 2497 940 2569 quidpiam
995 2496 1128 2553 currendi
1148 2496 1178 2551 in
1198 2501 1369 2567 magnatum
1391 2496 1591 2563 offensionem,
1616 2495 1761 2552 alliciebat
1780 2513 1841 2552 nou·

92 2584 294 2660 demandatam
318 2585 396 2640 18818
413 2589 442 2640 81
460 2586 618 2642 Gaudentio
642 2584 822 2658 prouinciam
841 2602 941 2641 conse-
997 2600 1154 2655 nnnquam,
1170 2589 1201 2639 ut
1217 2585 1272 2657 ipsi
1284 2584 1437 2641 Christiani
1453 2585 1483 2640 in
1502 2584 1673 2641 idololatriae
1692 2586 1840 2641 sceleribus

90 2689 181 2746 quens
194 2675 352 2742 1118888188,
373 2675 410 2730 od
426 2690 492 2729 ann.
509 2677 571 2744 888,
590 2691 618 2730 8.
635 2676 692 2747 118),
707 2675 737 2731 id
751 2674 827 2748 quod
843 2679 940 2731 auctor
995 2673 1190 2731 conniverent.
1205 2677 1238 2731 Et
1261 2692 1329 2730 sane
1351 2676 1528 2748 Augustinus
1553 2691 1587 2730 ea
1610 2676 1646 2731 de
1669 2691 1701 2731 re
1724 2674 1840 2747 graviter

89 2760 156 2817 libri
179 2763 214 2817 de
237 2762 472 2819 praedictionibus
494 2763 647 2837 contigisse
660 2764 759 2820 scribit
772 2765 809 2822 de
832 2765 939 2837 templo
995 2764 1153 2834 expostulat
1167 2763 1197 2819 in
1218 2768 1378 2820 memorato
1393 2765 1455 2836 jam
1472 2781 1560 2837 supra
1578 2780 1714 2820 sermone
1732 2766 1767 2820 ad
1785 2765 1840 2836 ple·

89 2851 227 2914 (88188118,
245 2852 371 2908 Honorio
386 2852 557 2925 imperante,
573 2857 639 2910 ante
658 2853 850 2926 principatum
866 2855 938 2910 Con·
995 2852 1071 2918 8881,
1085 2852 1134 2907 881
1148 2855 1302 2909 888881188
1316 2854 1528 2927 frequentantes
1542 2854 1660 2925 templa,
1671 2857 1701 2911 et
1714 2854 1746 2909 18
1760 2853 1841 2909 idolio

89 2938 195 3006 stantii,
209 2941 259 3012 qui
274 2941 310 2996 ab
327 2942 452 2996 Honorio
468 2943 497 2996 iu
512 2941 650 3014 collegam
660 2942 776 3015 imperii
785 2959 860 2998 auno
871 2960 939 3015 qua·
996 2956 1053 2995 888
1065 2957 1131 2996 cum
1146 2942 1841 3015 118888188888888818881818881(88888.81,81,

90 3027 315 3098 dringentssimo
331 3028 478 3100 vigesimo,
495 3034 544 3085 aut
558 3030 843 3103 quadringentesimo
859 3032 939 3103 rige·
994 3046 1040 3085 88.
1056 3035 1084 3101 1,
1098 3033 1134 3102 8).
1151 3032 1181 3089 ld
1196 3033 1269 3088 forte
1283 3037 1350 3104 post
1361 3034 1439 3105 leges
1453 3033 1589 3089 adversus
1603 3032 1797 3089 idololatriam
1809 3032 1841 3087 88

91 3115 163 3170 simo
177 3115 271 3187 primo
285 3121 449 3188 assumptus
468 3122 520 3172 est.
542 3119 580 3172 lle
602 3120 654 3173 888
673 3121 790 3175 Coelesto
807 3119 939 3191 pluribus
996 3120 1120 3175 lionorio
1138 3122 1305 3177 constitutas
1320 3122 1413 3177 adhuc
1428 3121 1528 3189 tiebat;
1545 3121 1664 3193 ipseque
1684 3121 1841 3192 Imperator

89 3202 202 3257 disserit
217 3202 367 3270 88888188,
384 3220 471 3276 quam
489 3209 573 3276 putat
594 3208 723 3261 8888888
738 3224 770 3261 88
788 3208 939 3264 astarthen
993 3204 1071 3261 istud
1081 3207 1224 3280 flagitium
1243 3209 1352 3282 adjuvit
1366 3210 1429 3281 lege
1443 3210 1501 3264 1818
1513 3208 1624 3265 decimo
1639 3209 1727 3264 188118
1741 3209 1841 3265 kalen-

90 3290 274 3346 Sidoniorum
296 3290 391 3347 deum.
414 3293 447 3347 18
465 3292 592 3348 confesso
613 3299 665 3360 est,
686 3310 853 3366 supremum
866 3295 939 3352 illud
994 3294 1043 3348 das
1058 3296 1227 3366 septembris
1237 3296 1306 3351 anni
1320 3295 1515 3352 trecentesimi
1528 3296 1710 3368 nonagesimi
1725 3296 1801 3363 noni,
1813 3295 1841 3351 iu

89 3378 176 3434 tuisse
188 3379 366 3453 Carthaginis
375 3398 494 3446 numen,
507 3381 556 3438 ubi
566 3384 705 3456 templum
715 3385 864 3457 stupendae
874 3402 939 3441 mo·
995 3397 1051 3452 qua
1064 3383 1235 3454 Apollodoro
1245 3383 1347 3439 Atrion
1360 3382 1528 3455 proconsuli
1541 3382 1705 3452 denuntiat,
1716 3384 1794 3439 nolle
1803 3399 1841 3450 se,

89 3467 125 3523 lis
139 3467 180 3523 illi
195 3475 389 3526 constructum
404 3471 665 3529 iueratminoribus
677 3474 797 3530 deorum
808 3475 938 3531 omnium
995 3471 1060 3527 11881
1072 3472 1207 3544 profanos
1221 3473 1294 3528 ritus
1307 3472 1431 3528 ethnicae
1445 3471 1655 3546 superstitionis
1674 3471 1840 3540 inhibuerit,

88 3558 204 3630 templis
227 3560 372 3629 vallatum,
397 3561 505 3618 ambitu
528 3562 651 3619 duorum
678 3563 737 3620 fere
760 3563 938 3635 milliarium,
994 3561 1157 3617 festivitates
1181 3561 1311 3633 publicas
1333 3561 1453 3629 aboleri,
1478 3562 1528 3618 sed
1548 3560 1759 3617 continuandas
1786 3576 1841 3617 esse

88 3647 170 3719 cujus
194 3649 289 3719 platea
314 3650 475 3706 lithostrata
495 3650 660 3723 parimento
685 3670 718 3708 88
740 3653 871 3726 pretiosis
891 3670 938 3710 co·
994 3651 1128 3706 ludorum
1147 3651 1353 3722 solemnitates,
1368 3649 1455 3706 modo
1470 3651 1551 3706 nulla
1569 3650 1777 3720 8888111818,881
1792 3649 1841 3706 alia

88 3735 197 3791 lurnnis
211 3740 239 3792 et
253 3739 394 3794 maenibus
408 3743 470 3796 erat
483 3740 616 3796 decorata
626 3741 674 3814 (118
686 3743 824 3811 Praedict,
840 3743 890 3800 111.
910 3746 936 3810 8,
995 3739 1104 3810 quevis
1116 3740 1293 3796 idololatrian
1302 3739 1467 3812 superstitio
1481 3739 1540 3796 illis
1549 3739 1762 3796 immisceretur
1773 3740 1839 3813 (Cod.

89 3840 150 3894 cop.
174 3826 229 3894 88).
253 3827 314 3881 iam
339 3826 451 3899 pridem
471 3831 613 3900 templum
633 3830 687 3886 boc
712 3831 841 3886 clausum
866 3835 936 3898 erat,
996 3828 1094 3883 Theod.
1110 3829 1143 3883 de
1161 3832 1241 3899 Pap,
1256 3834 1316 3893 818,
1336 3831 1392 3897 lege
1413 3828 1840 3901 17).1taqueeononiumcn·

88 3912 185 3967 188888
200 3912 236 3967 88
249 3929 326 3969 8888
346 3915 544 3972 trecentesimo
559 3918 745 3988 nonagesimo
759 3918 864 3990 primo,
879 3934 937 3990 quo
995 3915 1163 3987 lhaginonse
1179 3916 1380 3972 decimosexto
1394 3915 1611 3989 kalendasjulii
1626 3917 1695 3972 anni
1710 3916 1839 3989 quadrin-

89 3999 219 4071 geminns
232 4001 310 4073 leges
325 4003 526 4074 comperimus,
538 4005 642 4077 quibam
654 4007 830 4077 templorum
844 4007 938 4063 aditus
994 4004 1146 4075 gentesimi
1159 4005 1247 4071 primi
1261 4011 1479 4078 congregatum,
1493 4005 1538 4060 sui
1552 4004 1664 4076 putavit
1677 4005 1838 4071 8888881811,

88 4089 257 4161 prohibetur
271 4090 346 4158 (8881.
369 4092 467 4148 118881.
493 4093 526 4148 de
548 4096 678 4162 Paganis,
700 4100 761 4163 818,
783 4096 836 4166 tege
862 4099 894 4152 10
913 4101 939 4152 81
995 4093 1154 4149 llouorium
1169 4094 1326 4166 deprecari,
1341 4103 1373 4152 ut
1387 4095 1437 4150 illa
1450 4094 1580 4150 convivia
1592 4094 1711 4167 penitus
1725 4096 1837 4167 abroga-

87 4180 144 4248 iege
160 4179 212 4250 11).
230 4181 263 4236 Et
275 4181 320 4236 hae
333 4180 434 4252 primus
449 4187 516 4238 sunt
530 4183 583 4238 hac
594 4184 629 4239 de
643 4200 674 4239 88
689 4185 754 4240 latae
768 4201 786 4240 8
799 4185 937 4257 tempori·
994 4188 1048 4253 ret,
1064 4183 1168 4256 quibus
1184 4182 1338 4239 Christiani
1355 4182 1390 4237 ab
1410 4182 1536 4238 Ethuicis
1551 4183 1690 4238 iuteresse
1704 4184 1836 4256 cogeban-

87 4268 140 4324 bus
153 4268 261 4325 iuliani
275 4274 422 4343 apostatas.
438 4271 508 4327 Cum
523 4272 797 4345 igiturinaceessum
811 4273 858 4331 diu
874 4291 938 4346 per·
994 4276 1055 4339 188;
1083 4273 1160 4344 quod
1183 4272 1307 4344 speciem
1334 4271 1483 4344 cujusdam
1507 4272 1717 4343 persecutionis
1746 4273 1836 4329 adum·

87 4358 248 4426 mansisset,
274 4360 390 4433 spinosa
410 4361 533 4433 virgulta
553 4362 625 4419 illud
643 4363 864 4435 circumseptum
883 4364 939 4419 ob·
994 4360 1105 4428 brabat,
1134 4360 1178 4416 his
1202 4376 1330 4434 persaepe
1351 4364 1449 4416 contra
1471 4360 1621 4433 religionis
1643 4361 1732 4418 decus
1754 4362 1836 4417 mulla

86 4452 204 4502 ruerant
220 4464 227 4503 ι
243 4452 272 4504 81
285 4450 452 4507 Christianis
466 4450 581 4524 ingredi
596 4452 768 4520 volentibus,
782 4458 813 4508 81
826 4452 938 4509 illudio
994 4449 1150 4520 procaciter
1167 4450 1348 4522 patrantibus
1372 4450 1445 4521 (Ced.
1473 4450 1557 4507 Gann.
1578 4451 1684 4519 Afric,
1704 4467 1766 4507 can.
1785 4451 1833 4520 so).

86 4549 171 4590 usum
187 4553 260 4593 verae
274 4538 421 4612 religionis
434 4545 644 4611 consecrarent,
664 4546 817 4614 postquam
840 4544 938 4598 llono·
993 4539 1096 4594 Scribit
1115 4539 1303 4611 Augustinus,
1326 4539 1356 4594 iu
1380 4539 1540 4595 evertendis
1565 4539 1689 4611 templis,
1710 4539 1795 4596 idolis
1812 4542 1835 4592 81

86 4621 147 4678 rius
171 4624 300 4681 Ecclesiis
328 4629 426 4685 omnia
453 4633 562 4702 templa
582 4632 761 4694 contulisset,
791 4648 936 4688 rumorem
993 4629 1064 4685 lucis
1077 4646 1130 4701 pro
1145 4630 1280 4686 facultate
1296 4631 1331 4686 ab
1350 4631 1574 4703 imperatoribus
1587 4646 1730 4698 concessa,
1749 4631 1834 4704 prim·

86 4717 252 4784 sparserunt
262 4715 397 4786 Gentiles,
408 4716 438 4771 in
452 4717 498 4772 bis
510 4717 605 4773 dumis
616 4734 649 4773 uc
663 4719 790 4774 sentibus
800 4719 936 4777 dracones
995 4724 1035 4773 tos
1050 4719 1162 4775 nullum
1176 4719 1279 4775 debere
1291 4736 1324 4775 ex
1339 4736 1440 4775 eorum
1453 4719 1547 4775 ruinis
1560 4720 1746 4778 commodum
1756 4718 1835 4792 perci·

87 4804 117 4856 et
129 4799 242 4873 aspides
252 4802 287 4858 ud
297 4804 398 4875 templi
408 4805 567 4862 custodiam
579 4807 678 4874 latere,
692 4807 742 4879 qui
752 4807 883 4864 auditum
893 4826 938 4865 88·
993 4824 1069 4879 pere,
1081 4825 1118 4865 ne
1126 4809 1161 4864 ad
1176 4809 1347 4866 destruenda
1358 4809 1507 4881 gentilitiae
1519 4809 1731 4882 superstitionis
1746 4823 1835 4867 monu-

86 4905 255 4962 cessumque
268 4891 465 4962 prohiberent.
483 4898 539 4964 (luo
556 4899 645 4966 muqis
661 4898 814 4954 Christiani
830 4900 937 4966 feruore
993 4898 1099 4960 ereata,
1113 4893 1210 4966 potius
1221 4893 1351 4963 avaritia,
1366 4911 1455 4967 quam
1468 4894 1573 4966 pietate
1586 4893 1652 4950 duci
1666 4895 1833 4951 uideantur:

85 4980 215 5047 autumni,
228 4982 409 5048 8818881818
422 4986 512 5039 888118
526 4990 683 5041 amoverunt
696 4987 784 5053 illusi,
800 5002 852 5056 qno
867 4991 936 5042 188-
992 4981 1021 5037 id
1035 4987 1131 5039 lamen
1146 4999 1206 5039 non
1223 4984 1347 5053 obstare,
1368 4983 1438 5056 quin
1461 5000 1495 5039 ea
1514 4987 1704 5040 monumenta
1724 4983 1754 5039 iu
1774 4994 1836 5038 usus

83 5070 161 5140 ptum
178 5085 241 5126 uero
262 5071 361 5126 8818811
381 5074 449 5141 lteqi
470 5077 496 5129 et
513 5076 624 5131 bomirm
646 5079 842 5132 consecrarent.
860 5077 935 5144 11888
991 5088 1158 5128 communes
1171 5077 1201 5128 et
1214 5073 1342 5146 publicos
1362 5072 1501 5143 converti,
1516 5078 1566 5129 881
1587 5073 1693 5129 honori
1711 5073 1772 5130 seri
1790 5066 1836 5127 1181

84 5173 145 5215 8881
158 5165 254 5216 sancta
267 5161 377 5216 Pasahae
387 5163 511 5217 solemnis
525 5169 651 5233 operetur
663 5168 811 5234 sestiaitas,
827 5166 936 5221 88118818
992 5163 1101 5231 possint
1119 5163 1292 5231 consecrari3
1307 5163 1380 5218 sicut
1394 5162 1451 5233 ipsi
1471 5162 1604 5218 homines
1624 5179 1676 5218 sua
1694 5161 1731 5217 ad
1752 5163 1835 5217 lisam

84 5249 142 5304 illic
157 5254 183 5305 et
196 5250 317 5320 untdique
330 5252 404 5305 omni
417 5252 573 5307 ourimitaie
586 5255 668 5308 etiam
682 5255 827 5310 adueniens
841 5255 935 5309 multi·
991 5252 1175 5308 conversione
1189 5253 1220 5309 in
1235 5253 1296 5326 eJus
1314 5253 1422 5324 templa
1443 5256 1659 5308 commutantur
1678 5254 1777 5324 (Epist.
1793 5250 1834 5316 11,

87 5337 161 5404 tudo,
173 5339 343 5396 smerdotum
357 5341 502 5395 multorum
514 5346 594 5411 poter
607 5345 633 5397 81
644 5342 734 5412 dignae
744 5344 876 5399 memoriae
890 5358 935 5399 no·
990 5357 1018 5396 n.
1036 5340 1073 5411 8).

86 5425 231 5484 minuendus
254 5432 368 5486 castistas
381 5428 522 5499 Aurelius,
537 5430 648 5486 88188118
659 5432 720 5502 jam
734 5435 834 5503 patria
856 5434 933 5498 ciuis,
1026 5435 1052 5485 7.
1069 5430 1191 5487 Omnem
1213 5430 1390 5488 Theodosius
1413 5431 1585 5488 adhibuerat
1604 5447 1735 5502 operam,
1753 5433 1785 5486 81
1804 5427 1835 5482 88

86 5513 242 5575 cathedram
265 5520 321 5576 11118
336 5520 394 5576 1888
413 5521 531 5577 (rotatis
554 5522 579 5574 81
599 5519 703 5588 babuit,
727 5525 753 5577 81
772 5521 933 5592 aeditimo
992 5519 1161 5577 1181818888
1176 5520 1426 5593 superstitionibus
1441 5523 1543 5590 Roma,
1558 5519 1609 5578 881
1622 5521 1740 5578 81118888
1754 5531 1833 5592 quam
