3884 6112
726 205 988 267 LIBER-Paulus.
1701 212 1736 266 et

71 328 127 381 tam
142 340 175 380 ex
190 326 303 381 occulto
318 326 412 399 aliquo
426 342 531 399 genere
544 327 714 399 litterarum,
729 329 777 385 sed
792 330 827 386 de
858 318 863 327 '
883 330 1037 388 liberalium
1060 332 1280 403 disciplinarum,
1297 333 1354 388 atsi
1373 332 1564 401 grammatica,
1580 333 1664 402 atque
1677 331 1735 401 cius

84 417 230 486 sumptam
245 415 372 471 tenebat.
388 415 669 489 VerumquiaTullii
683 418 827 474 orationes
861 423 970 492 ipsias
983 423 1085 478 usitato
1107 422 1184 478 modo
1207 422 1295 492 (Coos.
1311 421 1360 476 tit.
1383 424 1410 488 5,
1431 436 1491 490 cap.
1509 423 1536 488 6,
1556 435 1584 474 n.
1608 419 1662 489 tl),
1680 419 1734 473 De-

72 506 96 572 t,
112 520 228 576 unaque
243 503 665 578 paucissimosSeneeaelibros,
676 511 825 578 poetarum
882 509 1006 581 aparatio
1021 509 1124 566 exinde
1141 509 1252 581 ingens,
1268 509 1328 564 fore
1347 524 1476 579 unquam
1495 512 1529 562 ut
1548 508 1666 562 Faustus
1685 523 1735 561 eos

75 593 229 659 nonnulla,
245 610 278 649 ac
291 592 315 648 si
328 610 394 666 quae
409 598 505 649 essent
518 611 535 649 a
550 611 609 650 suae
624 599 709 651 sectae
723 599 827 653 tracta·
882 598 972 654 animi
989 603 1085 666 aestus,
1106 599 1210 671 quibus
1232 598 1382 653 laborabat
1403 596 1591 667 Augustinus,
1613 594 1734 662 sedaret,

71 697 83 736 s
100 681 247 754 eleganter
267 687 294 737 et
311 689 409 738 ornate
426 683 542 754 scripta,
566 685 750 754 lectitaverat,
774 702 827 740 usu
882 693 931 744 aut
945 688 1037 744 nodos
1056 688 1247 761 quaestionum
1262 687 1367 759 quibus
1386 684 1621 757 praepediebatur
1641 685 1734 739 exsol-

74 770 279 826 exercitatione
289 771 423 827 continua
437 789 496 828 non
507 773 682 829 mediocrem
693 774 827 847 indeptus
882 781 969 832 veret.
988 777 1178 832 Vehementer
1196 776 1302 831 scilicet
1316 775 1457 847 cupiebat,
1474 773 1600 828 rationes
1619 772 1733 827 matbe-

71 857 165 914 ieendi
182 860 355 927 facultatem,
371 877 405 914 eo
425 862 460 916 ad
480 860 681 937 decipiendum
696 862 826 918 incautos
881 867 1087 937 melicas,quas
1097 865 1213 938 quidem
1224 864 1254 919 in
1264 864 1504 937 philosophorum
1517 860 1734 917 commentariis

71 962 126 1015 em,
141 964 199 1020 quo
213 964 320 1019 magna
338 949 427 1004 animi
445 951 641 1006 moderatione
660 956 689 1007 et
702 953 826 1008 naturali
880 953 1005 1024 legisset,
1020 971 1086 1010 cum
1105 954 1140 1009 iis
1156 970 1221 1026 quau
1241 953 1388 1010 Manichaei
1407 952 1487 1007 libris
1502 949 1732 1016 continebantur,

71 1051 96 1093 m
119 1037 215 1109 ¹⁰P⁰f0
246 1037 433 1093 ⁰⁰¹¹dieb⁸i¹¹l
464 1040 551 1106 (Cous.
576 1041 624 1095 lib.
656 1044 681 1108 5,
707 1057 767 1111 cup.
798 1045 824 1110 6,
881 1043 1021 1110 conferre,
1044 1044 1246 1114 explanarique
1268 1041 1324 1098 sibi
1345 1057 1381 1096 an
1402 1045 1497 1096 motus
1516 1040 1644 1095 coelestes
1663 1054 1732 1092 con·

83 1126 211 1182 Tametsi
230 1126 307 1182 enim
326 1127 417 1182 seritis
438 1128 473 1183 ad
491 1129 603 1184 dicendi
621 1134 713 1185 artem
732 1146 825 1203 acces·
880 1131 1082 1204 versionesque
1110 1133 1245 1197 siderum,
1272 1147 1353 1203 aeque
1381 1133 1458 1184 certo
1487 1144 1520 1183 ex
1544 1127 1622 1182 illius
1648 1130 1731 1181 sectae

79 1219 117 1271 ut
130 1219 193 1270 erat
205 1221 302 1271 umen
320 1216 437 1287 ingenio
451 1234 517 1272 acer
533 1222 561 1273 et
579 1218 698 1273 callidus
717 1220 826 1290 (Goutru
880 1218 1015 1290 opinione
1034 1224 1120 1292 atque
1139 1237 1173 1275 ex
1192 1221 1402 1289 astrologorum
1424 1217 1575 1289 disciplina
1594 1213 1730 1287 explicari

71 1317 113 1369 aa,
131 1304 179 1358 lib.
195 1306 241 1373 ai,
256 1319 317 1374 cap.
339 1308 391 1375 lo),
407 1306 488 1361 vultu
504 1306 540 1361 ad
560 1306 729 1362 modestiam
746 1324 824 1363 com·
878 1313 1004 1381 possent.
1020 1309 1074 1365 Sed
1088 1310 1124 1365 ad
1138 1325 1172 1364 ea
1187 1325 1252 1365 eum
1267 1311 1383 1363 ventum
1399 1311 1482 1373 esset,
1498 1307 1618 1361 Faustus
1633 1303 1730 1360 tenui-

71 1392 208 1464 ,eloquio
227 1393 303 1447 dulci
323 1410 356 1448 ac
372 1394 478 1450 blando
498 1396 584 1466 (Coris.
602 1397 648 1452 lib.
672 1401 699 1464 5,
720 1413 779 1467 cap.
796 1400 823 1465 c,
879 1398 945 1453 tatis
965 1414 1025 1454 suae
1040 1398 1178 1453 conscius.
1199 1413 1241 1464 ac,
1259 1396 1337 1468 quod
1356 1394 1442 1451 babet
1458 1392 1647 1464 Augustinus,
1669 1406 1728 1445 nou

84 1481 218 1552 vulgaria
232 1497 355 1553 quaque
369 1499 402 1536 ac
415 1482 483 1538 trita
495 1485 824 1541 multosuaviusmulto·
879 1503 1087 1560 usquequaque
1106 1487 1267 1559 imperitus,
1287 1483 1443 1558 imperitias
1467 1499 1526 1537 sure
1549 1480 1675 1537 modeste
1701 1494 1730 1534 se

71 1569 191 1625 madius
204 1570 359 1641 garriebat.
370 1571 412 1627 Ob
423 1588 487 1626 eam
497 1572 754 1644 suaviloquentiam
766 1588 825 1628 non
879 1576 1033 1644 excusavit,
1045 1592 1139 1648 neque
1154 1574 1356 1647 disputationis
1369 1574 1462 1627 aleam
1473 1570 1568 1626 subire
1580 1585 1666 1625 ousiis
1676 1571 1729 1623 est.

72 1673 200 1730 maguus
209 1659 316 1714 diaboli
325 1661 442 1731 laqueus
453 1661 561 1717 exstitit
569 1660 824 1733 catholicisque,
879 1663 992 1720 Gratior
1012 1663 1067 1719 fuit
1085 1668 1170 1735 atque
1189 1663 1332 1733 acceptior
1349 1659 1510 1733 Augustino
1530 1657 1658 1713 modesta
1669 1656 1731 1727 ,illa

94 1762 126 1801 π·
148 1747 189 1816 3);
205 1747 321 1819 suisque
342 1748 433 1803 multo
457 1747 597 1803 maximus
621 1748 758 1820 magister
781 1751 825 1803 est
879 1751 1027 1822 confessio,
1043 1769 1130 1825 quem
1149 1753 1270 1807 aliorum
1290 1751 1417 1820 ejusdem
1436 1752 1519 1804 sectae
1538 1743 1729 1801 inverecunda

71 1851 91 1903 s,
108 1836 216 1908 quibus
234 1852 269 1891 eo
288 1836 447 1908 sapiensne
466 1838 602 1909 prudens,
623 1855 680 1910 quo
700 1839 823 1893 disertus
877 1843 1034 1913 temeritas,
1048 1841 1214 1897 conantium
1234 1857 1267 1895 ea
1288 1840 1389 1895 docere
1410 1853 1476 1910 quae
1496 1835 1654 1891 nescissent
1676 1849 1730 1888 un·

75 1925 220 1998 eloquens
247 1925 404 1982 videbatur.
435 1926 484 1982 llis
506 1927 735 2000 quibuscumque
763 1928 822 1983 'elo-
878 1947 974 2003 quam.
988 1930 1077 1995 Quam
1092 1929 1182 1984 animi
1202 1928 1428 1984 moderationem
1442 1926 1473 1980 in
1488 1923 1599 1979 ceteris
1613 1937 1728 1993 quoqne

71 2029 94 2071 aa
116 2014 260 2087 presidiis
278 2015 445 2083 instructus,
466 2015 571 2071 librum
595 2016 718 2073 scribere
736 2034 823 2073 ausus
878 2018 1074 2076 subtilioribus
1092 2035 1125 2074 ao
1147 2017 1356 2074 difficilioribus
1379 2012 1587 2088 questionibus
1613 2026 1673 2082 prm
1697 2024 1727 2064 se

71 2119 107 2160 uo
131 2103 284 2159 adversum
309 2105 412 2176 Legem
441 2110 469 2161 et
493 2106 648 2176 Prophetas
671 2111 696 2162 et
721 2123 822 2163 eorum
876 2109 954 2177 tulit,
969 2113 1190 2180 constanterque
1207 2106 1328 2164 retinuit
1348 2107 1481 2173 Faustus,
1497 2102 1621 2173 indeque
1635 2098 1727 2154 multo

95 2196 126 2249 et
159 2193 387 2248 incarnationem
421 2193 525 2248 Christi
559 2194 656 2267 lingua
686 2196 822 2267 sacrilega
877 2198 941 2270 plus
955 2197 1054 2270 gratiae
1063 2197 1127 2253 iniit
1137 2197 1174 2253 ab
1186 2197 1286 2252 eodem
1296 2193 1466 2267 Augustino,
1479 2208 1567 2265 quam
1577 2191 1601 2246 si
1611 2190 1654 2245 vel
1665 2202 1730 2262 gar·
1819 2222 1822 2229 ,

74 2281 248 2338 invehitur:
265 2299 297 2336 ac
323 2298 358 2337 na
380 2282 533 2354 Scripturis
556 2284 625 2338 Novi
647 2285 822 2340 Testamenti
875 2289 940 2342 rota
953 2288 1124 2360 loquacitate
1139 2284 1286 2343 llauicbaei
1300 2283 1454 2340 mendaciis
1469 2282 1527 2337 veri
1545 2280 1670 2353 speeiem
1681 2279 1728 2333 in·

71 2374 141 2439 char,
158 2389 206 2426 eas
224 2388 340 2444 quoque
354 2372 468 2428 talsatas
483 2389 545 2428 esse
561 2373 605 2428 bis
619 2373 699 2443 locis,
716 2375 821 2445 quibus
877 2377 995 2444 duisset,
1023 2380 1073 2433 aut
1100 2376 1186 2431 etiam
1215 2373 1394 2448 inquisitioni
1421 2372 1507 2443 plane
1534 2368 1724 2426 satisfecisset.

71 2459 123 2518 liri
159 2477 189 2516 se
221 2477 303 2532 posse
333 2460 428 2528 sentit,
458 2460 643 2532 praefidenter
669 2467 818 2519 asseverat.
877 2466 1025 2522 Pulchrior
1047 2466 1126 2521 euim
1148 2470 1223 2520 recte
1244 2462 1382 2535 judicanti
1405 2461 1556 2517 videbatur
1579 2475 1612 2515 ea
1637 2457 1727 2512 animi
1753 2529 1758 2537 .

71 2553 161 2606 uatem
183 2550 257 2605 liber
277 2549 309 2603 in
335 2549 487 2622 Augustini
509 2565 612 2605 manus
636 2551 821 2623 pervenisset,
876 2555 1077 2627 temperantia,
1093 2571 1180 2627 quam
1195 2554 1263 2626 ¹ipsa
1280 2569 1378 2608 rerum
1395 2551 1430 2607 de
1449 2550 1553 2623 quibus
1568 2547 1725 2620 quaerebat,

71 2638 191 2695 onhnuo
214 2639 250 2694 de
269 2638 410 2699 verboad
431 2639 550 2695 verbum
569 2640 746 2696 confutavit:
763 2658 820 2713 quo
877 2647 976 2716 aperta
989 2644 1113 2715 cognitio
1129 2644 1220 2715 (ibid,
1236 2659 1296 2713 cup.
1310 2646 1337 2708 7,
1353 2657 1382 2696 a.
1404 2642 1456 2706 tt).
1473 2639 1604 2696 Officiose
1621 2636 1725 2693 nihilo·

81 2732 128 2784 est
138 2732 173 2783 ut
183 2728 318 2784 eumdem
333 2728 439 2783 librum
454 2729 625 2784 etiamnunc
638 2728 819 2787 haberemus.
876 2733 972 2788 minus
986 2739 1072 2806 atque
1084 2733 1250 2789 humaniter
1265 2733 1367 2788 Fausto
1382 2745 1492 2785 rnorem
1506 2743 1608 2799 gerens
1622 2730 1723 2796 Augu-

71 2815 819 2888 lisquantusvefueritnominatissimusilleFaustus,
876 2822 977 2891 stinus,
992 2827 1041 2878 aut
1055 2838 1120 2877 cum
1140 2838 1174 2876 eo
1193 2818 1372 2875 familiariter
1386 2818 1421 2873 de
1437 2822 1497 2872 arte
1512 2815 1653 2871 rhetorica
1667 2813 1727 2868 dis·

71 2904 251 2978 Augustinus
270 2910 332 2961 toto
351 2905 440 2960 ferme
462 2907 604 2961 novennio
625 2908 696 2962 adeo
719 2909 820 2980 cupide
875 2916 989 2983 captare
1002 2910 1098 2982 coepit,
1113 2915 1162 2965 aut
1182 2908 1299 2964 insimul
1314 2908 1409 2979 legere
1426 2921 1491 2977 quae
1511 2904 1559 2959 ille
1578 2902 1608 2958 in
1627 2901 1727 2974 primis

71 2992 147 3062 avit,
162 2993 293 3048 futurum
309 3010 437 3067 sperans,
453 2998 485 3049 ut
502 2995 526 3049 is
545 3011 632 3068 quem
646 2997 735 3052 veluti
748 2999 819 3055 coelo
875 3000 973 3056 audire
988 3004 1111 3072 optaret,
1127 3003 1177 3055 aut
1194 3014 1259 3070 quie
1277 2993 1467 3069 ejus'ingenii
1491 2990 1618 3048 facultati
1632 2989 1725 3061 magis

71 3096 115 3139 am
125 3082 277 3139 bominem
289 3083 469 3138 celebrabant
481 3083 640 3155 lfanicbaei,
653 3086 819 3159 scrupulum
875 3105 1033 3162 congruere
1047 3088 1100 3144 sibi
1113 3088 1290 3144 viderentur.
1307 3083 1452 3141 lieterboit
1465 3081 1585 3138 subinde
1597 3078 1724 3135 studium

71 3191 90 3244 r,
113 3187 173 3245 quo
197 3172 308 3228 diadum
332 3173 524 3244 pungebatur,
549 3173 646 3228 animo
673 3175 817 3230 evelleret.
874 3179 946 3234 illud
960 3179 1073 3252 ingens,
1088 3194 1145 3250 quo
1159 3178 1329 3250 flagraverat
1343 3174 1375 3229 in
1393 3171 1542 3230 lfauiebaei
1555 3169 1725 3238 doctrinam,

71 3259 177 3317 uidem
190 3261 281 3316 multo
296 3260 405 3317 felicius
417 3261 549 3334 contigit,
563 3278 650 3334 quam
665 3263 701 3318 ab
716 3279 750 3318 eo
765 3280 820 3335 pu·
875 3267 1026 3341 omnisque
1049 3267 1126 3323 illico
1150 3282 1215 3338 spes
1238 3263 1362 3320 concidit
1383 3258 1647 3334 reperiendarum
1639 3274 1670 3313 ru
1691 3273 1725 3312 ea

71 3349 172 3406 mille
192 3349 271 3405 enim
293 3350 354 3421 ipse
374 3352 504 3418 Faustus,
527 3355 576 3422 qut
593 3354 687 3408 multis
707 3352 819 3423 iaqueus
874 3357 1110 3413 sectabominum
1114 3353 1427 3428 ,quieasquesstiones
1440 3350 1608 3418 enodarunt,
1621 3348 1724 3420 quibus

71 3438 309 3511 mtitit,inquit,
319 3453 479 3510 meum,quo
492 3445 682 3510 captaturum,
693 3431 820 3497 relucere
874 3444 1015 3501 solvendis
1033 3443 1272 3500 celebratissimus
1290 3442 1339 3497 ille
1358 3440 1500 3496 Faustus
1493 3454 1587 3510 impar
1605 3437 1719 3492 fuisset.

71 3532 161 3599 perat,
175 3530 333 3596 aecooteas,
347 3533 488 3585 acesciens
502 3529 594 3601 (faed,
608 3546 669 3600 cap.
680 3535 709 3595 7,
719 3546 748 3586 a
764 3531 816 3601 lt).
874 3534 1065 3599 Quamobrem
1079 3548 1114 3588 eo
1133 3533 1258 3603 cognito,
1274 3545 1391 3585 omnem
1409 3530 1440 3584 iu
1461 3545 1495 3584 es
1513 3527 1617 3583 haeresi
1635 3525 1722 3596 proti·

71 3631 110 3672 tm
129 3617 248 3672 Faustus
267 3617 469 3691 Carthaginem
484 3623 611 3688 venerat,
624 3635 688 3674 ciam
704 3623 817 3691 Augus·
873 3622 1072 3678 clondicuram
1085 3619 1198 3692 abjecit.
1213 3619 1381 3675 Fluctuabat
1393 3617 1491 3672 animo
1505 3614 1722 3670 cunctabundus

71 3720 177 3761 uanum
202 3706 293 3760 aetatis
316 3712 414 3777 ageret
433 3707 707 3778 undetrigesimum,
731 3723 818 3780 quem
872 3712 904 3767 in
916 3712 1017 3767 eodem
1029 3711 1090 3766 luto
1104 3709 1250 3777 hesitans,
1263 3724 1354 3780 eaque
1364 3706 1506 3762 cunctatio
1520 3703 1653 3776 majorin
1663 3701 1724 3758 dies

76 3793 242 3850 novembris
262 3811 338 3850 anuo
365 3796 469 3851 Christi
487 3796 685 3852 trecentesimo
700 3803 817 3869 octoge·
873 3798 1066 3868 oboriebatur,
1076 3796 1110 3854 ex
1125 3814 1182 3869 quo
1193 3799 1312 3854 Faustus
1326 3796 1440 3869 copiam
1454 3794 1498 3850 illi
1509 3795 1613 3849 fecerat
1626 3806 1722 3847 seeum

71 3884 178 3939 arundo
191 3883 305 3939 inierat.
323 3884 395 3939 Etsi
410 3901 477 3940 vero
492 3901 578 3957 quam
593 3885 641 3940 ille
656 3886 691 3941 de
705 3902 735 3940 se
749 3902 817 3941 con·
872 3888 1063 3961 colloquendi,
1087 3904 1181 3960 neque
1202 3903 1288 3959 porro
1312 3884 1520 3958 exspectationi
1536 3881 1725 3953 responderat

74 3972 328 4045 exspectationem,
344 3973 422 4028 baud
440 3973 520 4029 omni
535 3990 568 4028 ex
579 3979 660 4042 parte
675 3975 816 4031 sustinere
873 3982 918 4052 (De
933 3980 1055 4036 Utttttcte
1064 3977 1234 4045 crededeudt,
1247 3993 1275 4032 a.
1287 3977 1341 4048 70).
1353 3979 1446 4046 Atque
1456 3973 1518 4028 baec
1528 3971 1620 4027 videri
1628 3975 1721 4043 potest

71 4075 95 4117 ie
112 4066 223 4134 posset;
240 4067 300 4117 crat
320 4062 347 4117 ei
360 4067 457 4118 umen
480 4064 644 4135 eloquentia
659 4063 743 4119 famae
758 4080 817 4119 nou
872 4072 948 4124 meta
962 4082 1067 4123 novem
1085 4067 1200 4123 illorum
1218 4080 1363 4120 annorum
1377 4062 1481 4136 quibus
1496 4059 1657 4118 llauicbaeis
1672 4059 1722 4114 ad·

80 4164 141 4223 qua
155 4165 185 4204 se
205 4166 321 4223 quoque
344 4150 438 4222 primo
453 4150 553 4207 auditu
575 4168 751 4225 magnopere
766 4153 816 4209 de·
870 4153 986 4209 baesisse
998 4171 1027 4210 se
1042 4154 1149 4219 scribit,
1160 4155 1202 4210 uti
1216 4170 1234 4209 a
1247 4153 1331 4209 nobis
1343 4152 1474 4226 superius
1488 4149 1665 4206 observatum
1680 4153 1724 4204 est

71 4252 98 4294 m
115 4237 202 4293 fuisse
222 4255 281 4293 noo
297 4239 435 4295 diffitetur
452 4240 640 4311 Augustinus.
656 4242 816 4297 Delectatur
871 4244 982 4317 (Supra,
997 4259 1058 4315 cup.
1074 4247 1101 4305 a,
1120 4261 1167 4300 nn.
1183 4246 1211 4311 t,
1234 4244 1272 4315 5).
1289 4244 1459 4314 Quanquam
1478 4240 1508 4295 id
1528 4238 1619 4295 etatis
1642 4237 1720 4293 baud

73 4325 240 4394 alteterius
258 4328 363 4398 multis,
378 4328 421 4383 eet
435 4329 518 4383 etium
535 4343 595 4398 pra
612 4329 705 4384 multis
720 4330 816 4385 laudu-
871 4333 989 4389 omuino
1003 4349 1033 4389 se
1047 4334 1083 4390 ab
1102 4349 1203 4390 eorum
1222 4333 1357 4390 societate
1375 4327 1554 4402 sejunxerit:
1575 4327 1628 4385 Sed
1642 4328 1724 4399 quusi

78 4413 224 4485 egentum
240 4415 333 4486 (fotu,
349 4432 410 4487 cup.
429 4419 455 4484 6,
470 4433 499 4472 a.
518 4415 571 4489 tt).
587 4416 768 4490 Quanquam,
784 4423 817 4474 ot
869 4424 964 4479 melius
978 4424 1130 4494 quidquam
1143 4424 1353 4487 necinventus,
1368 4416 1473 4490 inquit,
1484 4432 1513 4472 eo
1523 4416 1647 4486 quoiam
1658 4431 1722 4486 quc

71 4518 142 4577 gnus
155 4521 252 4560 rerum
276 4505 443 4573 aestimator,
458 4506 577 4562 uberem
596 4506 676 4561 illam
701 4505 815 4563 dicendi
870 4528 922 4582 quo
936 4513 1014 4569 modo
1027 4515 1176 4579 temeram,
1195 4517 1332 4568 contestas
1350 4509 1459 4564 mmm
1472 4521 1528 4561 esse
1541 4504 1720 4573 dammum

71 4597 138 4661 hm,
149 4609 236 4666 mam
245 4593 495 4649 meritislaudibus
505 4595 744 4667 prosequebatur.
755 4596 814 4652 acri
868 4604 925 4657 uisi
939 4602 1048 4672 aliquid
1065 4605 1137 4670 forte
1147 4601 1224 4673 'quod
1240 4603 1328 4667 mauis
1344 4596 1498 4667 etiamdum
1516 4599 1584 4651 esset
1597 4597 1719 4650 eluttrtf·

80 4683 119 4741 ab
131 4700 229 4740 rerum
242 4685 362 4741 veritate
377 4685 559 4741 discerneret.
576 4686 690 4742 lfoleste
705 4686 814 4742 interea
870 4690 999 4761 (Gousess.
1017 4690 1064 4745 tta.
1080 4693 1107 4758 5,
1123 4705 1183 4759 cop.
1198 4692 1227 4757 7,
1242 4703 1269 4742 u.
1288 4688 1337 4757 t3).
1351 4685 1395 4741 Sic
1409 4683 1506 4739 animo
1517 4683 1721 4748 aflectuserat,

71 4775 201 4843 ,nullam
216 4775 271 4832 sibi
286 4791 347 4829 esse
362 4774 485 4846 copiam,
500 4775 646 4831 bominem
656 4776 770 4847 publica
782 4777 814 4832 in
869 4794 934 4833 cuni
944 4777 1042 4833 relicta
1051 4776 1145 4833 Africa
1155 4778 1275 4832 Romam
1283 4774 1426 4847 petiturus
1433 4773 1546 4841 trajecit
1552 4772 1582 4827 in
1594 4770 1719 4826 ltaliam:

71 4860 252 4918 ”dicentem
273 4863 487 4935 interpellandi,
504 4869 591 4937 atque
610 4864 727 4920 alternis
747 4882 813 4921 cum
867 4868 947 4941 quod
958 4867 1014 4923 iter
1027 4883 1093 4923 eum
1108 4865 1204 4922 statim
1221 4865 1256 4921 ab
1275 4864 1372 4919 habito
1389 4878 1455 4918 eum
1471 4863 1574 4918 Fausto
1588 4876 1720 4916 sermone

71 4949 189 5007 iliariter
208 4952 377 5020 disserendi,
390 4969 447 5026 quo
463 4953 627 5010 oborientes
646 4954 743 5010 animo
761 4955 813 5011 dif-
867 4961 1072 5012 commemorat
1082 4956 1172 5022 (fuid,
1185 4970 1246 5025 cup.
1262 4956 1289 5022 8,
1302 4969 1331 5009 a.
1347 4953 1402 5024 ft),
1413 4950 1539 5007 indicare
1554 4949 1677 5017 videtur,
1691 4947 1720 5002 id

71 5038 231 5096 seinvicem
241 5046 415 5098 excuterent.
428 5043 499 5098 Cum
511 5041 638 5115 primum
648 5059 716 5099 vero
726 5045 812 5116 hujus
867 5061 896 5101 se
904 5062 980 5102 anno
989 5044 1080 5101 aetatis
1090 5060 1149 5099 suae
1159 5043 1298 5115 vigesimo
1309 5058 1387 5099 nono
1395 5044 1539 5112 vergente,
1551 5038 1719 5111 perlittera-

71 5128 117 5186 dit
136 5132 347 5203 opportunitas,
363 5132 446 5187 illum
466 5147 532 5187 curu
550 5131 739 5188 iamilimibus
754 5134 812 5189 suis
866 5135 924 5189 rias
946 5133 1066 5190 forsitan
1087 5131 1215 5188 inducias
1237 5131 1306 5187 anui
1330 5129 1527 5186 trecentesimi
1550 5123 1717 5198 octogesimi

71 5234 94 5274 rs
106 5220 251 5287 convenit,
267 5237 373 5293 eosque
388 5222 538 5293 scrupulos
552 5220 603 5293 qui
617 5238 646 5276 se
661 5227 809 5293 angerent,
865 5223 952 5291 tenii,
968 5224 1125 5294 suscepisse
1140 5237 1147 5276 :
1164 5236 1320 5294 quanquau
1336 5235 1434 5276 revera
1448 5217 1521 5275 nibil
1536 5216 1629 5271 obstet
1643 5229 1715 5285 quo·

71 5326 77 5361 i
97 5309 332 5365 communicavit.
352 5312 467 5380 Protutt,
487 5310 592 5382 inquit,
607 5311 732 5380 quadam
751 5328 811 5382 quae
866 5313 961 5368 minus
971 5314 1132 5382 susceptum
1144 5310 1178 5365 ab
1193 5310 1256 5382 ipso
1270 5309 1322 5365 sub
1332 5309 1484 5365 ineuntem
1497 5301 1717 5360 huuceumdem

71 5398 181 5456 elcut:
200 5404 330 5469 arpertus
347 5415 406 5455 sum
423 5401 502 5470 prius
520 5400 654 5455 homiaem
673 5406 810 5472 expertem
865 5417 975 5458 annum
988 5398 1092 5458 Christi
1105 5400 1293 5456 existimetur.
