3884 6112
104 305 151 358 tlt

102 424 245 481 bonorum
260 423 434 495 Angelorum
448 419 584 494 prasidio
604 418 745 474 munitam
760 422 866 473 tenere.
883 416 948 470 Haec

102 512 184 568 miris
196 516 224 567 11
234 510 344 567 arcanis
356 509 447 565 modis
457 508 575 564 inillius
592 507 730 572 animum,
746 521 812 560 oum
828 507 948 576 Aposto-

103 602 163 656 lum
186 602 302 672 lcgeret,
327 600 382 655 alte
405 597 629 663 descendebant3
659 601 687 650 11
706 593 874 649 admiranda
898 591 948 646 [lei

104 705 190 762 opera
198 688 380 745 considerans
390 693 505 759 stupore
515 685 720 758 percellebatur
730 681 821 754 (ibid,
830 697 890 751 cap.
901 684 947 742 11,

103 797 131 836 n.
145 778 201 852 27).
222 781 293 836 Cum
307 779 376 833 alibi
390 776 600 834 Romaniunum
615 772 788 844 alloquitur:
807 770 947 837 Titubuns,

103 869 153 936 ait,
174 883 335 940 properans,
361 868 499 934 trasituus,
526 865 631 932 arripio
656 862 808 932 apostolum
822 860 947 914 Paulum.

102 959 207 1026 Perlegi
228 961 311 1011 totum
331 955 509 1009 intentissime
522 957 603 1022 atque
621 952 783 1005 cautissime.
802 950 874 1003 Tunc
888 962 949 1002 vero

103 1045 345 1116 quantulocumque
355 1044 417 1113 jam
432 1042 532 1097 lumine
543 1056 663 1112 asperso,
680 1045 757 1096 tanta
771 1054 799 1094 se
811 1040 879 1093 mibi
890 1038 950 1108 pbi-

103 1133 229 1203 losopbiar
244 1134 329 1199 socies
346 1133 465 1202 aperuit,
480 1135 521 1200 ut,
537 1145 588 1185 nou
600 1129 689 1183 dicam
701 1128 762 1195 tibi,
778 1129 826 1196 qui
837 1126 895 1196 ejus
910 1127 950 1179 in·

101 1224 214 1292 cepada
226 1223 300 1290 fame
314 1236 417 1290 semper
431 1221 536 1286 ursiuli,
554 1218 601 1273 sed
614 1221 640 1272 si
654 1220 709 1286 ipsi
732 1216 889 1271 aduermrio
903 1218 948 1269 tuo

101 1326 183 1380 aquo
203 1312 290 1366 nescio
313 1314 406 1365 utrum
426 1310 490 1379 ptus
513 1310 663 1363 crercearis
683 1322 765 1377 quam
790 1304 950 1375 impediaris

101 1415 160 1455 eam
174 1398 357 1454 demonstrare
370 1399 533 1467 potuisscm;
547 1412 588 1452 na
601 1397 647 1451 ille
660 1400 686 1451 et
699 1397 791 1461 Baius,
807 1400 832 1449 et
846 1409 950 1448 auraria

98 1489 240 1558 pomoeriu,
256 1492 281 1542 ct
299 1486 415 1542 delicata
437 1486 580 1554 nitidaque
600 1487 732 1551 conuiuia,
749 1490 774 1540 et
795 1484 949 1539 domesticos

101 1578 257 1647 histriones,
271 1580 404 1647 postremo
423 1574 560 1645 quidquid
573 1590 632 1629 eum
651 1576 751 1630 aeriter
765 1576 907 1628 commoret
920 1574 950 1626 iu

101 1680 284 1741 quoscumque
307 1664 430 1730 delicias,
454 1664 585 1734 abjiciens
599 1667 624 1718 et
638 1664 804 1731 relinquens,
817 1661 854 1715 od
867 1661 949 1730 liujus

97 1753 332 1825 pulchritudinem
350 1751 466 1807 blandus
485 1756 591 1806 amator
603 1754 628 1805 et
641 1755 750 1806 sauctus
764 1751 879 1813 mirans,
896 1765 950 1804 111-

101 1845 204 1910 belans,
218 1847 345 1906 aestuans,
361 1841 500 1895 advolaret
516 1840 603 1910 (dont.
617 1840 724 1908 Aeaci„
747 1839 797 1895 lib.
817 1841 844 1906 2,
859 1855 906 1894 un.
922 1843 948 1905 5,

101 1933 139 2002 6).
154 1932 219 1986 Η111
233 1928 355 2000 insignis
369 1945 483 1983 morum
498 1927 629 1996 mutatio,
644 1943 730 2000 quam
743 1943 887 1982 sacrorum
903 1942 949 1980 eo·

100 2019 197 2075 dicum
210 2018 294 2072 lectio
309 2017 339 2072 in
354 2015 506 2089 Augustini
520 2015 615 2072 animo
630 2018 750 2088 peperit,
765 2031 823 2070 nou
839 2015 950 2070 videtur

100 2106 254 2178 contigisse
277 2111 343 2162 ante
362 2105 525 2176 paschalem
545 2105 729 2159 festivitatem
746 2103 814 2159 anni
833 2119 950 2158 1111111-

101 2196 190 2252 sionis
201 2196 273 2267 ejus,
286 2209 373 2267 quam
386 2210 460 2250 anno
474 2194 673 2249 trecentesimo
687 2192 861 2265 octogesimo
870 2197 948 2247 sexto

100 2284 282 2356 reponimus;
306 2282 365 2338 imo
386 2299 438 2337 nec
457 2287 523 2337 ante
542 2281 618 2353 junii
641 2281 759 2337 exitum.
780 2281 850 2336 Cum
871 2281 948 2335 enim

99 2372 281 2429 Ambrosium
296 2371 409 2429 lustina
421 2371 495 2426 circu
512 2371 617 2426 festum
634 2370 748 2425 Paschae
762 2385 946 2442 persequere-

100 2467 157 2531 tur,
172 2462 301 2518 nondum
315 2462 390 2517 Deus
410 2460 529 2532 glaciem
548 2461 642 2516 cordis
656 2460 717 2530 ejus
735 2458 813 2514 vitali
828 2459 949 2530 Spiritus

100 2550 145 2605 sui
160 2551 253 2606 calore
273 2548 536 2616 dissolverat31icet
556 2548 617 2620 ipse
633 2548 753 2603 turbatae
769 2547 891 2602 civitatis
904 2553 947 2601 lu-

99 2640 196 2695 multu
214 2639 399 2694 vehementer
417 2637 589 2692 excitaretur
608 2638 698 2706 (Cous.
722 2637 771 2691 lib.
792 2640 819 2706 9,
838 2652 899 2706 cap.
918 2641 947 2704 7,

98 2743 127 2783 u.
145 2728 186 2799 15)
203 2744 210 2782 :
227 2743 280 2783 nec
298 2727 392 2782 adhuc
405 2729 469 2797 post
483 2726 573 2781 lleum
590 2725 730 2790 currebat,
747 2740 813 2779 cum
827 2724 948 2779 Ambro-

99 2814 157 2868 sius
178 2818 338 2885 martyrum
361 2811 481 2867 Protasii
505 2815 533 2866 et
553 2811 677 2867 cervasii
698 2812 805 2867 detexit
829 2828 949 2883 corpora

99 2902 192 2975 (leid,
207 2918 235 2957 n.
254 2902 310 2974 lb),
327 2901 373 2957 dic
384 2899 471 2972 junii,
481 2904 513 2955 ut
527 2900 647 2969 ridetur,
660 2899 769 2956 decimo
785 2906 894 2957 octavo.

442 3034 554 3090 CAPUT
573 3035 605 3088 V.

101 3144 110 3195 t
132 3140 219 3196 liebus
234 3138 357 3194 omnibus
381 3140 429 3193 Dei
443 3153 525 3193 eausa
546 3140 703 3194 renuntiare
716 3141 785 3207 1111,
799 3156 846 3195 nee
860 3143 943 3198 ualet.

133 3228 374 3298 isimpticianum
397 3227 522 3282 consulit.
545 3229 560 3282 3
584 3227 699 3282 Antonii
716 3231 801 3283 uitam
818 3235 949 3284 narrante

134 3319 290 3373 Pontitiano
302 3316 394 3383 discit,
408 3316 542 3385 simulque
552 3315 700 3371 aulicorum
715 3317 829 3372 duorum
844 3333 949 3373 conuer-

133 3409 242 3463 sienem.
259 3407 276 3461 4
296 3406 439 3474 conflictus
461 3406 490 3459 in
505 3405 655 3472 Augustini
667 3410 753 3460 mente
766 3421 797 3460 aa
811 3407 949 3462 voluntate

134 3496 230 3552 audito
244 3497 409 3551 Pontitiuno.
424 3497 439 3549 5
454 3495 537 3549 Pauli
551 3493 666 3548 codicem
680 3495 795 3550 insolita
808 3499 946 3552 11111111-

136 3586 187 3642 litu
199 3587 299 3658 aperit,
317 3585 433 3653 lectoque
452 3584 507 3638 loeo
520 3588 627 3654 repente
641 3587 814 3640 conuertitur.

134 3706 158 3757 l.
181 3702 253 3757 Cum
272 3716 351 3755 sacra
372 3698 421 3754 Dei
443 3699 565 3770 eloquia,
588 3703 620 3754 ut
638 3698 773 3763 diximus,
793 3700 947 3772 Augustini

96 3791 192 3846 animo
206 3788 321 3861 penitus
336 3787 502 3854 insiderent,
517 3803 575 3841 non
584 3787 646 3859 jam
660 3789 695 3843 de
705 3788 755 3843 illo
771 3789 882 3854 certior,
897 3791 946 3845 sed

95 3879 127 3933 in
140 3878 190 3933 illo
205 3876 334 3932 stabilior
348 3891 408 3931 esso
416 3874 558 3947 cupiebat.
574 3875 670 3930 Animi
684 3881 780 3931 tamen
793 3877 945 3947 pendebat,

26 3955 29 3957 ⁵
96 3967 124 4019 11
143 3962 212 4034 quid
233 3962 268 4018 de
291 3962 435 4017 1111111111
458 3961 589 4016 instituto
612 3968 757 4031 statueret,
784 3965 943 4037 ignorabat.

96 4053 151 4110 Cer
165 4053 227 4124 ejus
240 4051 520 4116 11111111111111111,
534 4068 590 4123 quo
602 4051 739 4106 iniectum
752 4054 852 4121 tuerat,
864 4070 946 4110 mun·

95 4141 222 4198 dandum
234 4143 302 4196 erat.
314 4141 348 4194 Et
359 4139 424 4194 lieet
432 4139 670 4211 gauderetipsum
683 4140 856 4195 Salvatorem
871 4141 945 4196 111111

93 4247 165 4300 1111,
182 4247 246 4304 quae
260 4245 313 4284 nos
326 4229 360 4284 ad
374 4229 495 4283 salutem
510 4229 634 4296 duceret,
649 4229 837 4284 nibilominus
848 4235 945 4286 tamen

92 4319 238 4392 perhujus
248 4318 300 4373 rim
311 4316 459 4390 angustias
470 4317 512 4373 111
525 4318 617 4372 adbuc
627 4317 752 4388 pigebat.
763 4319 945 4374 Turbuleutis

93 4407 192 4463 sreouli
213 4405 335 4477 negotiis
354 4406 446 4461 adhuc
465 4422 494 4461 se
514 4410 575 4461 tum
590 4405 731 4477 implicari
749 4423 825 4479 agre
843 4424 943 4479 gravu-

92 4499 177 4568 teque
192 4495 309 4551 ferebat.
330 4494 428 4566 Neque
443 4494 532 4562 enim,
549 4497 580 4549 ut
599 4499 674 4559 ante,
691 4510 755 4566 spes
776 4501 902 4566 quastus
916 4502 945 4552 11

90 4583 210 4641 honoris
225 4582 410 4654 comparandi
423 4582 571 4654 erigebant
585 4583 714 4638 animum
726 4583 844 4639 adhunc
857 4586 943 4640 mole·

91 4672 249 4728 stissimam
269 4671 434 4727 servitutem
456 4671 625 4727 terendam·
639 4673 702 4727 lam
720 4689 788 4728 eum
810 4673 859 4729 illa
885 4691 942 4730 non

89 4760 271 4817 oblectabant
285 4776 345 4832 proe
364 4760 526 4829 dulcedine,
546 4777 633 4833 quam
652 4777 685 4816 11
699 4760 795 4816 divino
809 4763 886 4818 fonte
905 4763 942 4818 si·

90 4848 195 4906 11111111
211 4848 371 4904 hauriebat.
388 4847 441 4904 Sed
461 4848 487 4904 ei
509 4864 621 4904 moratu
640 4849 776 4905 afferebat
794 4856 941 4907 11111111-

90 4938 228 5010 diemque
239 4936 347 4992 vitandi
358 4936 547 4992 allencionem
561 4938 768 4994 nonnullorum
778 4938 940 5009 hominum,

89 5043 190 5083 eorum
204 5026 288 5090 11111,
306 5041 431 5098 quorum
444 5025 549 5081 liberos
565 5025 713 5083 imbuebat
725 5026 859 5098 ingenuis
871 5029 940 5083 1111-

87 5117 150 5174 bus.
171 5114 304 5188 Conjugii
318 5118 461 5187 praeterea
474 5113 616 5170 desiderio
629 5115 814 5171 uehementer
828 5117 941 5172 teneba-

87 5209 153 5275 tur;
168 5210 197 5262 et
216 5206 253 5262 ob
266 5204 297 5260 id
315 5220 407 5259 uuum
427 5203 458 5258 in
478 5202 588 5259 11111111
605 5204 767 5276 languidus,
783 5205 859 5261 curis
878 5205 940 5260 ani-

86 5309 169 5350 mum
189 5292 408 5351 corrodentibus
430 5292 607 5360 tabescebat;
630 5294 708 5365 quod
727 5294 865 5350 nimirum
882 5295 940 5350 vita

86 5383 256 5456 conjugalis,
281 5382 318 5439 ad
344 5398 431 5455 quam
458 5386 539 5437 tanta
566 5384 757 5455 propensione
784 5384 937 5454 terebatur,

84 5470 165 5527 racia
183 5488 280 5529 secum
297 5474 426 5530 traheret
445 5471 637 5544 incommoda,
659 5489 724 5544 quse
741 5472 802 5544 pati
822 5473 939 5530 nolebat

95 5561 173 5631 bons.
189 5562 235 5620 lib.
251 5564 267 5620 8
283 5578 344 5634 cap.
362 5566 387 5631 1,
402 5579 449 5620 un.
467 5565 494 5631 l,
507 5564 546 5634 2).

703 294 789 352 VlTA
816 293 844 371 S.
865 292 1057 351 Auuusrlltl
1086 292 1257 351 EPlSCOPl.

1806 291 1856 343 111

1037 419 1063 473 1.
1077 416 1122 473 Sic
1133 415 1233 471 allecto
1245 418 1373 471 mentem
1386 415 1461 468 Deus
1470 411 1578 485 injecit,
1592 415 1624 466 ut
1634 409 1855 483 simplicianum

1002 504 1103 575 adiret,
1115 511 1183 560 tuuc
1193 505 1372 576 spiritualem
1385 501 1531 558 Ambrosii
1541 505 1664 573 patrem,
1675 500 1737 572 ejus
1751 500 1854 556 deindo

1002 610 1202 651 successorem.
1222 594 1357 649 illucebat
1369 592 1399 647 in
1415 609 1449 647 eo
1468 591 1560 663 gratia
1576 590 1635 658 bei,
1652 591 1735 662 cujus
1752 606 1782 644 se
1797 590 1855 644 eul-

1002 682 1045 737 tui
1059 701 1075 737 a
1090 683 1239 755 juventute
1259 682 1417 738 dediderat.
1435 681 1466 735 ln
1486 695 1599 734 summa
1616 693 1732 748 semper
1752 678 1857 748 pietate

1001 770 1088 827 vitam
1102 772 1231 840 duxerat,
1258 777 1320 827 tum
1336 775 1418 826 atate
1439 769 1595 825 coniectus.
1616 767 1700 832 erod
1720 766 1858 838 Augusti·

1002 877 1073 916 uum
1087 860 1213 930 adduxit,
1229 865 1262 916 ut
1273 861 1403 916 crederet
1417 860 1454 930 tet
1474 859 1512 913 111
1531 874 1560 912 sc
1577 873 1622 911 res
1639 854 1776 927 habebat)
1790 871 1857 910 oum

1002 955 1066 1022 post
1089 954 1132 1005 tot
1152 966 1241 1005 annos
1263 949 1294 1005 in
1318 948 1429 1005 uirtutis
1455 945 1658 1002 exercitatione
1688 948 1856 1011 transactos,

1003 1038 1159 1109 spiritualis
1178 1038 1245 1094 vitre
1265 1037 1413 1093 scientiam
1434 1037 1570 1092 diuturno
1591 1051 1646 1091 usu
1667 1034 1722 1090 sibi
1742 1050 1856 1105 compa·

1002 1144 1088 1182 rasse.
1117 1127 1186 1183 lluic
1211 1127 1300 1200 igitur
1320 1127 1446 1182 decrerit
1468 1141 1567 1180 omnes
1590 1122 1748 1179 unianimi
1771 1126 1858 1178 astus

1002 1216 1162 1289 fluctusque
1173 1216 1305 1287 detegere
1320 1233 1327 1272 :
1344 1221 1375 1271 ut
1388 1215 1442 1270 sibi
1456 1216 1496 1269 sic
1509 1218 1606 1269 mente
1620 1213 1775 1268 constituto
1784 1211 1857 1268 Sim·

1001 1305 1142 1375 plicianus
1161 1305 1293 1373 modum,
1314 1321 1401 1377 quem
1423 1304 1564 1376 aptiorem
1580 1302 1707 1370 duceret,
1724 1301 1760 1357 ad
1781 1300 1857 1355 riam

1003 1394 1053 1449 bei
1068 1396 1222 1454 tenendam
1234 1394 1453 1449 demonstraret.
1471 1394 1541 1447 Eum
1556 1392 1653 1464 itaque
1669 1390 1750 1458 adiit,
1766 1393 1794 1445 11
1813 1406 1858 1444 11·

1002 1498 1100 1537 rorum
1124 1499 1240 1539 sucrum
1259 1482 1402 1538 anfractus
1423 1482 1516 1537 eidem
1536 1480 1657 1553 aperuit.
1681 1479 1735 1535 Ubi
1752 1477 1859 1534 audivit

1002 1570 1213 1642 simplicianus,
1231 1588 1297 1627 eum
1307 1571 1521 1627 Platonicorum
1537 1568 1625 1624 libros
1640 1567 1814 1623 allictorino
1828 1567 1858 1620 in

1002 1659 1124 1715 latinum
1147 1677 1297 1716 conversos
1324 1659 1437 1731 legisse,
1461 1659 1624 1730 gratulatus
1650 1659 1709 1724 est:
1738 1660 1767 1711 et
1792 1655 1857 1709 inde

1003 1755 1117 1821 arrepta
1141 1749 1299 1818 occasione,
1324 1750 1454 1822 ejusdem
1479 1747 1626 1814 Victorini,
1649 1762 1738 1818 quem
1757 1745 1856 1800 llomae

1002 1838 1224 1894 familiarissime
1239 1842 1368 1905 noverat,
1383 1837 1597 1892 conversionem
1612 1835 1654 1890 illi
1667 1833 1776 1889 retulit.
1794 1835 1858 1889 tlaec

1002 1927 1044 1984 illi
1060 1927 1204 1994 narrabat,
1220 1932 1252 1982 ut
1266 1943 1333 1982 eum
1346 1928 1382 1982 ad
1394 1926 1566 1982 humilitatis
1580 1926 1646 1980 lesu
1657 1923 1774 1990 Christi,
1791 1938 1855 1994 qum

1003 2017 1186 2073 absconditur
1197 2016 1370 2088 sapientibus
1383 2020 1411 2071 11
1422 2016 1564 2070 revelatur
1579 2013 1713 2086 parvulis,
1728 2012 1856 2068 studium

1001 2105 1174 2173 hortaretur,
1196 2110 1225 2160 et
1242 2105 1292 2159 ille
1311 2121 1341 2159 se
1366 2104 1401 2159 ud
1426 2104 1496 2159 tanti
1519 2103 1584 2168 viri,
1609 2102 1709 2158 eadem
1732 2101 1764 2156 in
1786 2107 1854 2168 arte,

1002 2210 1089 2266 quam
1113 2193 1174 2266 ipse
1194 2193 1390 2265 profitebatur,
1416 2193 1487 2248 adeo
1512 2192 1639 2261 illustris,
1664 2190 1857 2246 imitationem

1003 2282 1185 2337 accenderet:
1206 2298 1239 2336 ac
1263 2299 1293 2336 11
1314 2282 1431 2353 quidem
1455 2284 1517 2354 ipsa
1537 2283 1572 2337 ad
1592 2297 1658 2336 eum
1680 2279 1855 2335 imitandum

1002 2370 1107 2426 exarsit
1117 2370 1303 2442 Augustinus.
1321 2371 1450 2443 Cumque
1460 2370 1628 2441 subjecisset
1641 2367 1855 2440 simplicianus,

1002 2459 1093 2515 edicto
1110 2459 1216 2514 iuliani
1234 2459 1393 2532 prohibitos
1411 2459 1498 2515 fuisse
1522 2458 1697 2515 Christianos
1716 2458 1857 2514 litteratu-

1002 2565 1063 2603 ram
1078 2551 1106 2603 et
1121 2548 1274 2603 oratoriam
1295 2553 1386 2603 artem
1405 2548 1515 2610 docere,
1535 2547 1771 2619 victorinumque
1791 2545 1856 2600 huic

1001 2635 1058 2707 legi
1073 2636 1276 2708 obsequentem
1287 2637 1391 2691 scholae
1405 2653 1463 2690 sum
1473 2636 1608 2691 nuntium
1621 2635 1784 2690 remisisse:
1797 2637 1856 2692 Non

1001 2727 1079 2791 mibi,
1097 2725 1136 2779 uit
1158 2725 1344 2797 Augustinus,
1364 2727 1464 2794 sortior
1487 2741 1571 2794 quum
1593 2726 1700 2792 felicior
1715 2727 1792 2779 uisus
1806 2729 1854 2789 est,

1002 2816 1069 2884 quia
1078 2816 1181 2869 inuenit
1191 2817 1353 2869 occasionem
1366 2814 1485 2869 vacandi
1500 2815 1563 2870 tibi.
1582 2814 1645 2869 llox
1658 2813 1689 2868 in
1699 2813 1762 2868 brec
1771 2813 1856 2869 verbu

1002 2903 1098 2973 erupit
1110 2919 1116 2957 ε
1129 2904 1179 2960 Cui
1192 2905 1232 2958 rei
1242 2919 1289 2972 epo
1300 2905 1474 2974 suspirabam
1486 2905 1599 2972 ligatus,
1609 2917 1663 2957 non
1672 2904 1747 2969 ferro
1755 2903 1852 2970 alieno,

1001 2992 1048 3047 sed
1061 3008 1120 3046 meo
1134 2993 1225 3060 [11111
1239 2994 1387 3048 1111111111.
1406 2994 1479 3050 Velie
1493 3008 1581 3047 meum
1597 2991 1701 3047 tenebat
1715 2993 1853 3059 iuimicus,

1002 3084 1027 3134 et
1036 3081 1176 3135 indemilri
1185 3086 1305 3136 curionum
1315 3084 1426 3149 secent,
1437 3087 1462 3136 et
1474 3084 1674 3137 constriucerat
1683 3093 1734 3137 me.
1748 3081 1855 3151 Quippe

1001 3184 1035 3223 ec
1048 3170 1185 3224 uoluntate
1203 3184 1331 3240 peruersa
1347 3172 1424 3237 sacta
1442 3175 1482 3225 est
1497 3171 1597 3226 libido:
1613 3175 1638 3225 et
1653 3169 1720 3224 dum
1738 3171 1856 3225 seruitur

1002 3258 1124 3325 libidini,
1139 3260 1217 3325 saeta
1235 3264 1274 3314 est
1287 3259 1463 3327 consuetudo;
1479 3265 1505 3313 et
1519 3259 1584 3314 dum
1597 3257 1790 3316 consuetudini
1802 3273 1854 3313 non

1000 3344 1146 3413 resistitur,
1156 3350 1233 3414 sucta
1242 3352 1281 3402 est
1290 3351 1443 3404 necessitas.
1460 3349 1564 3415 Quibus
1579 3351 1660 3419 quusi
1672 3349 1779 3402 ansulis
1788 3348 1854 3402 sibi·

1001 3442 1053 3491 uret
1071 3439 1189 3505 initeris,
1214 3437 1285 3491 urade
1309 3441 1430 3492 catenam
1455 3439 1601 3507 appellaui,
1618 3436 1723 3491 tenebat
1746 3451 1789 3491 me
1807 3436 1853 3491 ob·

1000 3529 1124 3581 strictum
1139 3526 1210 3581 dura
1224 3528 1350 3581 seruitus.
1370 3527 1502 3583 Voluntas
1516 3531 1604 3581 autem
1619 3541 1700 3594 noua,
1714 3541 1775 3595 quse
1786 3526 1854 3581 mibi

1000 3631 1055 3670 esse
1067 3619 1183 3685 cuperat
1193 3619 1222 3669 ut
1238 3619 1261 3669 te
1270 3617 1357 3682 protis
1371 3616 1491 3685 colerem,
1504 3617 1616 3686 fruique
1629 3621 1653 3670 te
1666 3615 1772 3682 uellem,
1784 3617 1853 3671 Deus

1000 3705 1057 3760 sola
1071 3709 1143 3759 certa
1158 3703 1331 3774 jucurcditas,
1347 3703 1467 3759 uorrdum
1482 3709 1541 3758 crat
1556 3704 1651 3759 idoneo
1666 3704 1852 3776 1111111111-

1001 3792 1064 3847 dam
1081 3795 1197 3862 priorem
1218 3797 1349 3848 uetustate
1371 3793 1538 3848 roboratam.
1558 3795 1600 3848 ltu
1620 3792 1681 3848 duae
1703 3793 1852 3848 uoluntates

999 3897 1071 3949 mia,
1090 3896 1144 3935 una
1160 3887 1245 3948 vetris,
1263 3882 1320 3936 alia
1334 3897 1414 3948 noua,
1426 3884 1475 3937 illu
1486 3882 1616 3950 carnatis,
1629 3883 1680 3936 iila
1689 3883 1851 3951 spiritualis,

999 3970 1176 4038 corrflipebaut
1201 3971 1271 4024 iuter
1295 3985 1333 4037 se,
1361 3974 1442 4040 atque
1470 3969 1652 4025 discordando
1680 3967 1851 4038 dissipabant

999 4061 1118 4113 citimam
1127 4075 1226 4114 1111111.
1238 4059 1283 4115 Sic
1293 4059 1488 4127 intelligebam,
1504 4062 1534 4114 in
1544 4061 1643 4128 meipso
1658 4059 1848 4128 experimento,

998 4147 1029 4201 id
1049 4147 1121 4216 quod
1141 4148 1267 4216 legeram,
1284 4148 1416 4217 quomodo
1432 4165 1494 4204 caro
1509 4150 1706 4218 concupisceret
1721 4147 1849 4202 aduersus

997 4238 1134 4305 spiritum,
1148 4240 1174 4290 et
1186 4239 1299 4306 spiritus
1310 4237 1441 4293 adrasus
1453 4253 1605 4293 comem...
1623 4237 1726 4307 (Galat.
1748 4253 1774 4305 1,
1793 4235 1845 4304 111.

998 4327 1033 4379 Et
1045 4338 1098 4379 non
1112 4329 1171 4379 erat
1182 4325 1239 4394 iam
1252 4326 1302 4380 illa
1311 4329 1460 4394 recusatio,
1474 4343 1529 4396 qua
1541 4325 1631 4381 uideri
1644 4325 1847 4386 mibisotebam,

995 4416 1139 4482 propterea
1161 4412 1280 4468 nondum
1303 4429 1344 4468 me
1371 4420 1519 4484 eortternpto
1545 4415 1641 4469 secuto
1667 4416 1771 4468 sarire
1789 4412 1847 4478 tibi,

997 4502 1063 4567 quia
1075 4503 1178 4554 ineerta
1192 4503 1261 4555 mibi
1274 4507 1342 4556 esset
1354 4506 1491 4574 perceptio
1505 4504 1631 4558 ueritatis
1643 4519 1649 4556 :
1656 4502 1719 4572 ,iam
1737 4503 1807 4556 enim
1825 4504 1849 4554 et

995 4590 1056 4658 ipsa
1071 4594 1143 4644 certe
1162 4594 1230 4657 erut,
1255 4606 1301 4658 epo
1321 4596 1411 4646 autem
1426 4592 1516 4646 adbuc
1538 4596 1610 4646 terra
1625 4591 1773 4658 obligatus,
1795 4590 1846 4643 mi·

996 4679 1076 4733 litare
1090 4679 1141 4732 tibi
1148 4679 1314 4746 recusabam,
1332 4683 1357 4734 et
1369 4681 1568 4750 impedimentis
1580 4680 1703 4735 omnibus
1718 4681 1758 4734 sic
1776 4681 1849 4733 time-

996 4768 1057 4822 bam
1078 4767 1212 4837 eupcdiri,
1241 4769 1467 4843 quemadmodum
1492 4769 1621 4839 impediri
1644 4767 1793 4823 timendum
1812 4768 1849 4821 est

996 4855 1207 4926 (Corriessiouum
1230 4856 1280 4912 lib.
1310 4859 1337 4923 8,
1363 4872 1424 4927 cap.
1453 4860 1479 4923 5,
1506 4872 1557 4912 rin.
1592 4858 1635 4924 10,
1667 4854 1725 4927 11).
1753 4852 1850 4926 Pergit

995 4943 1088 4999 adhuc
1102 4942 1158 4997 vim
1173 4943 1343 5015 tyrannidis,
1358 4960 1446 5017 quam
1460 4943 1618 4999 inveterata
1630 4942 1767 5016 peccandi
1781 4958 1846 4998 con·

995 5031 1114 5088 suetudo
1129 5031 1159 5086 in
1173 5032 1268 5104 ipsum
1284 5033 1440 5101 exercebat,
1455 5033 1590 5105 graphice
1603 5032 1776 5088 describere.

1030 5123 1055 5176 3.
1071 5120 1126 5176 Sed
1143 5122 1261 5177 tandem
1275 5121 1372 5177 omnia
1386 5122 1447 5193 ejus
1474 5121 1588 5177 vincula
1610 5120 1735 5193 disrupit
1762 5121 1847 5186 Deus,

993 5207 1097 5263 visibili
1112 5208 1198 5264 simul
1213 5213 1240 5264 et
1254 5209 1391 5265 invisibili
1404 5209 1552 5267 miraculo.
1567 5209 1664 5266 Solita
1679 5208 1757 5264 illius
1771 5223 1847 5263 curm

993 5299 1023 5351 et
1039 5296 1243 5354 sollicitudines
1262 5298 1353 5370 magis
1376 5315 1409 5353 ac
1428 5298 1519 5371 magis
1533 5299 1563 5353 in
1581 5297 1642 5353 dics
1663 5296 1847 5353 recrudesce-

992 5384 1079 5442 bunt:
1098 5388 1155 5442 Deo
1169 5388 1348 5444 continenter
1361 5388 1541 5460 suspirabat:
1557 5387 1705 5444 ecclesiam
1715 5387 1848 5459 trequen-

991 5475 1080 5543 tabat,
1095 5481 1236 5547 quantum
1254 5477 1310 5548 ipsi
1323 5477 1428 5535 licebat
1447 5494 1499 5549 per
1513 5477 1638 5549 negotia,
1655 5476 1708 5533 sub
1724 5491 1847 5550 quornm

991 5564 1116 5637 pendere
1131 5567 1274 5637 gemebat.
1290 5567 1412 5636 Quodam
1426 5567 1480 5637 die,
1497 5567 1605 5639 inquit,
1623 5569 1698 5624 venit
1715 5567 1754 5623 ad
1766 5581 1810 5623 rue
1823 5567 1848 5619 et
