3884 6112
141 293 193 346 dii

137 411 299 468 menemus
321 413 360 464 cst
382 407 518 477 apostolus
538 407 639 462 Paulus
660 421 710 478 per
733 408 822 461 lesum
846 407 984 463 Christum

136 500 198 569 jum
218 503 303 554 totum
325 500 418 566 mum,
439 497 469 551 id
492 503 531 551 est
550 511 585 550 ea
614 497 686 549 omrii
708 499 788 565 parte
808 496 987 551 immortalem

138 589 233 660 (Num.
248 589 284 656 i).
298 588 356 641 iloc
371 585 448 640 enim
462 584 531 651 dixi,
562 599 707 655 exponens
721 583 797 654 quud
810 584 849 637 ait
863 588 986 654 Aposto-

138 675 193 743 lus,
208 677 267 733 Non
280 676 314 730 ab
330 675 491 732 hominibus,
508 688 593 740 neque
604 687 654 741 per
668 673 811 739 hominem,
826 672 874 727 sed
887 688 936 742 per
948 675 989 728 le·

139 779 200 820 sum
208 765 463 821 Christumetlteum
470 762 578 815 Patrem
589 776 596 814 ι
610 759 691 830 quasi
697 759 760 830 jam
769 760 849 814 lesus
859 760 988 815 Christus

138 851 249 908 nonsit
275 852 370 905 homo.
386 848 520 920 Sequitur
539 848 627 913 enim,
646 847 700 913 Qui
714 851 856 903 suscitavit
869 847 949 905 ilium
971 866 989 902 a

139 942 254 996 mortuis
276 939 468 1009 (Galat.1,l):
492 937 606 991 uthina
630 942 782 1007 appareret
802 953 853 990 cur
874 936 987 1001 dixerit,

139 1029 231 1096 Neque
242 1042 292 1095 per
306 1028 450 1081 bominem.
465 1025 599 1094 Proinde,
613 1030 729 1096 propter
742 1025 989 1080 immortalitatem

136 1116 198 1187 jam
211 1131 287 1170 nunc
300 1130 358 1168 non
371 1114 458 1168 humo
474 1114 602 1169 Christus
619 1115 708 1167 Deus:
721 1117 839 1184 propter
854 1114 987 1168 substan·

139 1202 209 1258 tiam
224 1219 291 1258 reru
306 1207 417 1257 naturae
427 1203 573 1269 humanus,
585 1201 614 1255 in
625 1217 682 1272 qua
691 1201 818 1256 ascendit
829 1201 858 1255 in
873 1202 986 1268 coelum,

140 1291 227 1348 etium
239 1307 315 1346 nunc
329 1290 471 1345 mediator
485 1290 537 1344 Dei
551 1292 579 1343 et
594 1289 744 1344 hominum
760 1290 846 1343 homo
862 1289 990 1344 Christus

139 1380 219 1436 lesus
230 1380 252 1449 (l
269 1379 339 1434 Tim.
351 1394 380 1446 ιι,
395 1381 434 1448 5),
450 1377 586 1448 quoniam
600 1377 639 1431 sic
653 1377 747 1432 reniet
761 1378 906 1448 quomodo
923 1393 989 1432 eum

139 1466 273 1523 viderunt
286 1467 337 1537 qui
351 1465 483 1520 viderunt
496 1469 612 1520 euntem
633 1464 663 1518 in
684 1465 787 1520 coelum
811 1467 883 1534 (hot.
899 1483 918 1531 1,
936 1464 989 1532 tl.)

176 1557 203 1609 ι.
220 1555 292 1609 ltem
308 1553 384 1624 quod
398 1552 466 1619 dixi,
480 1553 577 1610 Gratia
589 1555 638 1608 Dei
646 1558 684 1608 est
696 1569 750 1622 qua
764 1554 841 1608 scobis
853 1554 992 1608 donantur

138 1646 260 1716 peccata,
276 1647 306 1697 ut
319 1643 521 1696 reconciliemur
535 1645 604 1696 lieo:
623 1657 681 1711 pau
694 1646 784 1696 autem
803 1657 858 1711 qua
872 1644 990 1697 resarci-

142 1733 242 1787 liamur
266 1733 319 1785 Deo
334 1732 425 1796 (Nam.
445 1731 482 1798 3),
503 1729 544 1784 sic
555 1728 752 1800 accipiendum
766 1735 816 1798 est,
846 1734 878 1784 ut
893 1735 990 1784 tamen

141 1817 264 1872 sciamus
277 1817 365 1871 etiam
384 1821 538 1889 utrumque
557 1817 593 1871 ad
613 1817 777 1888 generalem
792 1818 843 1872 liei
866 1819 988 1888 gratiam

141 1906 299 1978 pertinere:
328 1905 472 1976 quomodo
487 1904 518 1959 in
536 1905 644 1975 populu
660 1905 711 1960 hei
724 1903 803 1959 aliud
831 1905 991 1975 specialiter

141 1995 238 2064 lsrael,
255 1993 334 2049 aliud
357 1993 458 2060 ludas;
474 1998 503 2048 et
525 1998 621 2047 ιειιιειι
641 1998 796 2065 utrumque
818 1994 991 2064 generaliter

139 2083 237 2139 lsrael.
265 2084 336 2138 ltem
358 2098 424 2137 cum
443 2098 626 2153 exponerem,
643 2081 715 2148 Quid
727 2082 810 2149 erpo?
826 2085 881 2138 lca
898 2088 990 2139 trans-

140 2173 286 2239 pressianis
300 2172 393 2238 pratia
404 2173 544 2240 proposita
556 2176 595 2226 est
609 2168 620 2204 ¹
636 2170 739 2240 (Galat.
760 2187 800 2236 ιιι,
815 2174 869 2239 ts),
880 2172 920 2226 ite
934 2173 990 2227 dis·

140 2257 333 2329 tinguendum
343 2257 452 2328 putavi,
469 2262 501 2311 ut
514 2257 701 2328 interrogatio
714 2263 797 2323 esset,
816 2259 890 2324 Quid
903 2260 990 2329 erpo?

141 2362 174 2400 ec
191 2345 294 2400 deinde
303 2344 458 2415 responsio,
468 2346 524 2399 Lea
540 2346 762 2411 transmissionis
781 2349 874 2412 qratia
885 2362 990 2417 propo-

142 2437 243 2490 sitaest
254 2435 263 2470 ¹
274 2434 367 2502 (llum.
389 2434 445 2501 ti).
453 2431 533 2496 Quod
541 2430 657 2503 quidem
668 2448 726 2487 non
736 2431 872 2489 abhorret
881 2451 898 2489 a
906 2451 990 2502 vero;

142 2521 192 2577 sed
234 2521 336 2576 melior
363 2519 475 2574 ridetur
504 2519 559 2574 ista
585 2519 741 2587 distinctio,
768 2525 799 2575 ut
831 2521 990 2592 interroga·

143 2609 183 2664 tio
192 2609 238 2676 sit,
260 2608 333 2675 Ouid
346 2621 408 2674 erpo
423 2608 489 2662 lea?
503 2611 532 2662 et
546 2605 687 2662 inferatur
700 2608 860 2679 responsio,
888 2612 989 2666 Τναιιε-

140 2699 286 2767 pressionis
299 2699 393 2764 pratia
404 2698 547 2766 proposita
564 2700 612 2751 est.
630 2694 713 2759 Quod
727 2702 824 2751 autem
845 2697 917 2753 dixi:
938 2700 990 2754 Or-

141 2785 310 2841 dinatissime
319 2786 411 2852 itaque
419 2784 572 2853 subjuncti,
586 2803 600 2835 ι
614 2784 690 2851 Quod
699 2783 724 2839 si
735 2788 837 2854 spiritu
846 2786 988 2851 ducimini,

139 2889 194 2929 non
207 2874 296 2929 adhuc
309 2874 372 2928 estis
387 2871 436 2927 sub
447 2873 515 2940 Lepe
532 2889 562 2926 n:
577 2876 608 2926 ut
618 2874 802 2942 intelligamus
816 2889 858 2928 eos
869 2890 923 2929 esse
940 2875 990 2930 sab

141 2964 220 3031 Lupe,
231 2976 345 3031 quorum
359 2962 473 3030 spiritus
488 2962 530 3014 ila
542 2963 706 3030 concupiscit
725 2962 855 3018 adrasus
870 2980 988 3033 caraem,
1008 2996 1011 3002 -

140 3055 238 3104 utnon
252 3064 284 3102 co
297 3063 357 3117 qua
367 3049 458 3102 uoluat
471 3051 594 3116 saciant,
611 3049 703 3118 idest,
718 3066 772 3106 aun
785 3067 811 3106 se
827 3057 933 3108 teneant
946 3056 989 3107 in·

139 3136 224 3189 uictos
234 3136 264 3189 in
273 3136 535 3205 charitatejustitiae,
546 3137 593 3192 sed
605 3153 623 3191 a
637 3141 836 3208 concupiscente
845 3142 990 3197 aduersum

141 3239 169 3278 se
182 3225 419 3278 canuuincantur
443 3223 604 3293 (memnon
630 3225 683 3280 hoc
704 3243 738 3281 ex
764 3228 812 3282 illo
828 3245 912 3284 sensu
936 3234 989 3298 est,

141 3326 199 3382 quc
218 3310 376 3364 sentiebam
401 3310 431 3366 id
446 3310 524 3381 quod
539 3310 712 3379 dictumest,
738 3314 806 3369 Caro
825 3318 990 3385 concupiscit

141 3398 271 3454 adrasus
291 3401 431 3469 spiritum,
448 3404 474 3453 et
498 3401 614 3469 spiritus
635 3400 765 3457 moerens
787 3417 911 3458 carnem:
935 3406 990 3460 hec

139 3489 211 3544 enim
224 3486 279 3543 sibi
290 3489 405 3543 inuicem
419 3487 619 3546 adnascatur:
633 3494 663 3544 ut
677 3505 730 3544 non
744 3505 776 3544 ca
786 3492 936 3559 quaeuultis
947 3495 991 3560 sa·

105 3597 109 3602 ·
140 3579 222 3632 ciatis
235 3575 334 3642 (Galat.
351 3592 378 3642 v,
394 3580 437 3644 tl,
451 3577 503 3647 rs),
514 3576 550 3631 ad
566 3593 614 3633 eus
632 3578 775 3647 pertinere
791 3579 841 3650 qui
852 3579 905 3634 sub
917 3581 989 3652 Lege

140 3668 216 3732 sunt,
233 3663 361 3718 nondum
374 3662 427 3719 sub
446 3664 548 3734 gretia.
565 3665 664 3720 Adhuc
678 3666 756 3721 enim
771 3682 829 3721 non
843 3666 990 3723 intellexe-

141 3767 204 3805 ram
222 3751 283 3805 haec
302 3750 388 3806 verba
402 3755 430 3805 et
444 3751 501 3805 illis
520 3752 571 3823 qui
586 3755 638 3808 sub
653 3755 745 3823 gretia
759 3759 837 3825 sunt,
851 3772 911 3810 non
932 3757 986 3812 sub

142 3839 228 3907 Lege,
241 3843 394 3908 propterea
408 3840 571 3907 convenire,
588 3841 655 3913 quia
671 3847 699 3897 et
712 3842 766 3913 ipsi
781 3844 986 3914 concupiscen-

135 3924 194 3979 tias
208 3923 311 3992 carnis,
321 3928 420 3980 contra
432 3940 502 3996 quas
517 3928 621 3997 spiritu
631 3929 844 4000 concupiscunt,
857 3934 988 4004 quamvis

140 4012 182 4067 eis
205 4012 452 4067 nonconsentiant
476 4014 586 4069 nollent
608 4021 706 4071 tamen
727 4017 801 4072 ullas
828 4018 933 4076 habere
965 4022 988 4076 si

137 4103 264 4173 possent.
282 4101 324 4164 Et,
345 4100 909 4175 ideononqueenmquevoluntiaciunr,
921 4109 989 4180 quia

138 4189 300 4246 volenteis
322 4205 428 4254 carere,
458 4206 510 4245 nec
524 4197 651 4262 possunt.
675 4194 754 4250 Tunc
768 4195 846 4250 enim
869 4212 916 4252 ees
931 4214 989 4253 uon

138 4279 296 4342 habebunt,
314 4278 429 4350 quando
442 4294 495 4333 nec
507 4281 725 4352 corruptibilem
739 4299 864 4339 carnem.
882 4284 932 4340 Hic
950 4286 987 4340 li-

137 4368 189 4423 ber
203 4369 243 4424 sic
257 4366 373 4439 incipit:
395 4367 484 4425 Causa
504 4374 617 4438 propter
641 4385 723 4439 quam
744 4371 841 4427 scribit
866 4372 986 4444 Aposto-

138 4455 180 4511 lus
458 4544 571 4600 CAPUT
590 4545 667 4600 XXV.
750 4549 753 4556 '

171 4632 300 4701 Epistola
313 4632 351 4688 od
364 4635 496 4690 Romanos
511 4634 639 4689 inchoata
651 4636 805 4704 Expositis,
820 4637 889 4692 liber
904 4652 985 4695 unus.

174 4736 308 4808 Epistolae
333 4755 448 4812 qnoque
458 4740 494 4795 ad
504 4741 658 4810 Romanos,
674 4741 746 4796 sicut
756 4741 925 4814 addentes,
938 4761 987 4800 ex·

136 4824 307 4898 positionem
323 4843 512 4898 susceperam.
529 4829 581 4884 Sed
605 4829 691 4900 hujus
706 4829 810 4901 operis,
827 4831 849 4885 si
865 4832 985 4903 perfice-

137 4917 226 4977 retur,
242 4912 339 4984 plures
348 4913 414 4969 libri
429 4921 511 4971 arant
524 4916 628 4984 iuturi;
645 4933 770 4989 quorum
780 4934 872 4974 unum
884 4920 915 4974 iu
925 4922 987 4977 sula

136 5001 330 5074 disputatione
343 5000 433 5070 ipsius
447 5003 626 5059 salutationis
641 5004 760 5073 absolvi,
775 5006 812 5061 sb
821 5005 904 5063 initio
913 5009 986 5063 scili·

135 5097 180 5148 cet
196 5106 285 5162 nsque
300 5088 336 5144 sd
350 5088 430 5157 illud,
448 5090 495 5144 nbi
510 5090 564 5147 ait:
578 5093 675 5150 Gratia
688 5095 763 5150 uobis
778 5100 804 5151 et
821 5111 881 5166 pce
899 5112 918 5150 a
932 5099 985 5152 Deo

132 5183 215 5237 Patre
241 5183 333 5235 nostro
362 5182 388 5233 cl
416 5179 528 5234 Domino
556 5181 626 5236 ,lesu
649 5183 766 5238 christo.
801 5184 917 5240 Factum
942 5189 984 5241 est

134 5266 983 5342 quippeutimmureremurcumvellemussolrereinciden·

166 5393 223 5442 ¹lta
234 5393 295 5442 Mes.
304 5390 423 5456 plerique
430 5389 505 5454 juxte
515 5401 593 5453 grec.
605 5391 769 5455 praestitit,
779 5407 828 5446 nec
837 5408 893 5447 nen
902 5397 984 5448 Lore-

133 5453 239 5504 nienses
253 5455 281 5504 in
295 5467 327 5505 eo
340 5454 409 5516 loco,
424 5453 469 5518 qui
480 5454 825 5519 retractatm,quamrishiu
835 5463 982 5523 sequautur

133 5515 239 5580 vulgat.
251 5521 339 5580 postca
351 5518 399 5570 at.

710 282 1039 341 RETRACTATIONUM
1064 284 1090 338 S.
1127 283 1328 341 AUGUSTtNl,

1849 289 1894 344 ott

1041 428 1099 479 tem
1115 425 1242 481 sermoni
1257 430 1354 480 nostro
1364 423 1565 480 difficillimam
1581 425 1778 496 questionem
1789 424 1826 480 de
1838 441 1893 498 pse

1040 519 1103 569 ceto
1117 514 1147 568 in
1160 514 1297 585 Spiritum
1310 518 1452 582 sanctum,
1463 512 1541 585 qnod
1553 528 1612 568 non
1621 514 1791 569 remittatur
1800 530 1888 587 neque

1042 603 1073 658 in
1087 603 1140 658 hoc
1153 604 1256 658 soeculo
1276 619 1369 674 neque
1379 602 1409 657 in
1420 603 1528 658 lutura.
1547 601 1604 657 Sed
1620 602 1726 658 deinde
1741 603 1800 656 alia
1821 603 1893 658 vulu-

1044 693 1123 747 mina
1138 691 1244 747 cessari
1264 692 1419 762 adiungere
1439 691 1608 763 exponendo
1623 690 1782 763 Epistulam
1798 694 1892 761 tutam,

1043 780 1132 852 ipsius
1147 779 1241 852 operis
1257 779 1457 852 magnitudine
1479 795 1511 833 ac
1524 779 1625 835 labore
1645 778 1814 843 deterritus,
1832 781 1894 836 etin

1044 870 1099 923 alia
1114 869 1243 923 faciliora
1257 870 1384 924 deilexus
1403 883 1476 923 sum.
1494 869 1535 923 lta
1557 867 1666 923 iactum
1685 872 1773 923 estut
1798 868 1893 925 librum

1045 973 1130 1028 quem
1140 958 1262 1012 feceram
1271 956 1408 1027 primum,
1421 956 1615 1029 relinquerem
1626 957 1737 1024 solum,
1748 957 1833 1028 cujus
1842 974 1893 1014 esse

1044 1045 1148 1100 tinlum
1164 1045 1255 1100 volui:
1272 1044 1406 1116 Epistulae
1429 1045 1464 1099 ad
1487 1045 1631 1100 Romanos
1657 1046 1798 1101 inchoata
1812 1046 1892 1118 Expo

1045 1134 1120 1190 sitio.
1143 1133 1194 1189 Ubi
1210 1134 1287 1206 quod
1303 1133 1372 1201 dixi,
1385 1136 1505 1201 gratiam
1518 1137 1613 1190 essein
1625 1134 1788 1190 diarium
1804 1150 1890 1205 pecco

1046 1226 1144 1288 torum,
1174 1238 1269 1293 pacem
1290 1237 1352 1277 uero
1367 1224 1397 1276 in
1410 1223 1627 1278 reconciliatione
1647 1225 1708 1289 lici,
1724 1222 1890 1295 ubicumque

1045 1312 1098 1365 hoc
1109 1310 1178 1377 dixi,
1195 1326 1252 1366 non
1265 1310 1304 1365 sic
1319 1310 1515 1380 accipiendum
1529 1316 1573 1366 est
1587 1326 1619 1365 ac
1630 1310 1653 1365 si
1668 1328 1725 1382 pax
1737 1311 1803 1383 ipsa
1817 1315 1846 1366 et
1857 1326 1890 1366 re·

1044 1399 1205 1454 conciliatio
1220 1415 1279 1453 nun
1293 1399 1447 1470 pertineat,
1461 1398 1496 1454 ed
1511 1398 1638 1470 gratiam
1652 1399 1835 1470 generalem,
1849 1400 1890 1454 sed

1044 1487 1121 1560 quod
1135 1487 1294 1558 specialiter
1308 1488 1426 1542 nomine
1441 1487 1540 1558 gratiae
1559 1487 1763 1543 remissionem
1789 1487 1890 1560 signill-

1045 1576 1151 1631 carerit
1169 1580 1361 1647 peccatorum.
1381 1576 1458 1631 Sicut
1485 1575 1586 1648 Legem
1602 1581 1631 1631 et
1647 1575 1816 1647 specialiter
1829 1576 1890 1631 dici·

1046 1679 1120 1733 mus,
1143 1663 1300 1720 secundum
1318 1663 1395 1736 quod
1422 1663 1604 1732 dictumest,
1632 1664 1692 1719 heu
1711 1669 1739 1719 ct
1763 1665 1889 1735 Propheta

1047 1753 1142 1822 (lieth.
1157 1770 1223 1816 xxn,
1244 1753 1307 1824 so);
1323 1758 1352 1808 et
1364 1752 1546 1822 generaliter,
1562 1757 1595 1808 nt
1609 1752 1639 1807 in
1654 1768 1691 1807 ea
1705 1752 1767 1807 sint
1794 1758 1822 1807 et
1835 1752 1888 1806 Pro

1046 1842 1148 1912 phetoe.
1163 1841 1213 1897 llic
1225 1841 1297 1896 liber
1309 1840 1349 1895 sic
1363 1839 1477 1912 incipit:
1501 1842 1532 1896 ln
1546 1842 1671 1911 Epistola
1681 1856 1769 1911 quam
1793 1841 1883 1897 Paulus

1045 1929 1502 2001 apostotusscripsitodltomanos.

1360 2071 1473 2127 CAPUT
1492 2071 1581 2127 lllllll.

1080 2199 1246 2252 Deltiocrsis
1255 2197 1452 2264 Questionihus
1461 2197 1598 2264 octopinlo
1617 2195 1718 2263 mous,
1740 2195 1810 2251 liber
1819 2210 1884 2253 snus.

1082 2322 1128 2376 Est
1143 2321 1229 2377 etiam
1244 2321 1319 2376 inter
1332 2320 1380 2376 illa
1392 2336 1457 2392 quie
1474 2318 1649 2391 jscripsimus
1663 2320 1815 2393 quoddam
1827 2337 1884 2394 pru·

1045 2410 1135 2465 lixum
1151 2427 1235 2481 opus,
1250 2409 1300 2483 qui
1311 2416 1408 2465 tamen
1423 2410 1661 2482 unnsdeputntur
1672 2409 1751 2465 liber
1761 2411 1840 2482 cujus
1850 2415 1885 2466 est

1044 2499 1161 2554 titulus:
1187 2499 1222 2554 de
1243 2498 1365 2554 Diversis
1387 2497 1595 2563 Quaestionihus
1623 2497 1776 2570 octoginta
1797 2497 1883 2554 tribus

1046 2588 1116 2643 Cum
1139 2592 1235 2642 autem
1255 2587 1389 2658 disperses
1411 2587 1532 2642 inissent
1546 2602 1597 2657 per
1611 2587 1762 2642 chartulas
1786 2587 1883 2652 multas,

1046 2670 1183 2742 quonium
1199 2670 1312 2741 abipso
1333 2670 1428 2741 primo
1446 2675 1573 2740 tempore
1588 2669 1793 2725 conversionis
1815 2686 1885 2738 mee,

1043 2764 1228 2831 posteaquam
1242 2759 1272 2813 in
1285 2758 1408 2814 Africam
1422 2759 1562 2825 venimus,
1574 2758 1648 2812 sicut
1671 2758 1887 2831 interregibus

1045 2847 1193 2917 iratribus,
1210 2846 1324 2919 qnando
1341 2863 1386 2903 me
1397 2853 1544 2902 vacantem
1557 2846 1702 2915 sidebant,
1719 2848 1802 2904 nulla
1821 2862 1886 2903 ame

1046 2936 1346 2992 se1·vataurdinetione
1358 2936 1470 2992 dictatae
1481 2941 1560 3004 sunt;
1573 2935 1648 3008 jussi
1659 2953 1708 2992 eas
1718 2938 1783 3009 jam
1791 2937 1884 3010 episco-

1044 3041 1101 3096 pus
1115 3025 1221 3095 colligi,
1237 3030 1266 3079 ot
1279 3041 1367 3079 sinum
1382 3041 1415 3079 ex
1428 3025 1468 3080 eis
1483 3024 1588 3080 librum
1599 3024 1673 3088 lieri,
1690 3025 1828 3082 adhibitis
1841 3041 1887 3081 uu·

1045 3111 1142 3179 meris,
1157 3117 1189 3167 ut
1206 3112 1283 3183 qnod
1298 3111 1419 3184 quisque
1437 3112 1532 3183 legere
1556 3112 1689 3180 vuluerit,
1708 3112 1795 3169 facile
1815 3112 1887 3168 inre-

1045 3200 1112 3255 niet.
1127 3201 1231 3255 ilerum
1242 3201 1434 3273 questionum
1444 3199 1702 3272 estprima‚utrum
1722 3200 1887 3256 ammisse

1044 3288 1107 3359 ipsa
1122 3288 1167 3344 sit.
1183 3288 1323 3357 Secunda,
1347 3289 1381 3345 de
1407 3288 1495 3344 libero
1511 3287 1639 3344 arbitrio.
1665 3290 1775 3359 Tertia,
1801 3294 1885 3345 utam

1045 3378 1103 3433 Deo
1117 3381 1231 3432 auctore
1242 3377 1279 3432 sit
1292 3377 1377 3432 homo
1401 3377 1534 3435 deterior.
1547 3376 1665 3446 Quodn,
1680 3394 1751 3450 quas
1764 3377 1802 3433 sit
1814 3391 1886 3433 csuss

1045 3469 1078 3519 ut
1101 3465 1138 3519 sit
1151 3465 1236 3519 homo
1252 3464 1385 3521 deterior.
1406 3464 1520 3531 Quinta,
1540 3471 1639 3521 unum
1658 3466 1769 3523 animal
1784 3465 1885 3522 irratio·

1045 3554 1109 3608 nale
1135 3553 1251 3609 beatum
1273 3569 1333 3608 esse
1357 3553 1456 3625 possit.
1480 3554 1573 3617 Sexta,
1590 3553 1625 3610 de
1639 3555 1729 3611 mmo.
1758 3553 1885 3629 sepum

1044 3656 1108 3712 quae
1131 3641 1247 3713 proprie
1280 3641 1310 3696 in
1334 3640 1480 3698 animante
1513 3641 1609 3697 anima
1638 3643 1763 3700 dicatur.
1789 3646 1885 3709 dehis,

1044 3736 1141 3785 utrum
1164 3747 1216 3803 per
1236 3748 1266 3786 se
1289 3732 1386 3786 anima
1408 3737 1567 3788 murentur.
1595 3734 1686 3801 Nune,
1714 3740 1813 3790 unum
1834 3749 1885 3789 eor-

1043 3819 1139 3890 poreis
1158 3819 1288 3874 sensibus
1310 3820 1421 3892 percipi
1439 3820 1543 3876 veritas
1561 3820 1662 3893 possit.
1688 3823 1723 3879 ln
1737 3840 1797 3897 qua
1823 3820 1884 3879 illud

1044 3908 1118 3979 quud
1135 3908 1204 3976 dixi,
1220 3909 1302 3965 Omne
1318 3908 1390 3978 quod
1404 3925 1545 3980 corporeus
1558 3925 1652 3967 sensus
1673 3915 1804 3983 ottinpit,
1825 3908 1886 3983 quui

1043 4001 1069 4052 et
1098 3997 1223 4052 sensibile
1244 3997 1358 4065 dicitur,
1379 4000 1438 4053 sine
1461 4000 1520 4054 ullo
1540 4001 1742 4056 intermissione
1770 4000 1886 4072 usrpant

1042 4090 1233 4155 commutatur,
1249 4084 1310 4140 sine
1326 4085 1413 4141 dubio
1428 4085 1653 4159 rerumquidem
1667 4092 1783 4143 nonest
1797 4088 1887 4144 mcor

1043 4172 1161 4244 poribus
1176 4172 1391 4228 resurrectionis
1405 4172 1686 4245 incorruptibilibus;
1703 4175 1754 4231 sed
1770 4192 1846 4232 nuuc
1860 4190 1886 4230 es

1042 4261 1139 4316 nullus
1158 4260 1249 4316 nostri
1262 4260 1392 4331 corporis
1403 4278 1503 4318 sensus
1518 4262 1642 4334 attingit,
1663 4263 1723 4318 nisi
1733 4263 1813 4323 ιοιιε
1825 4264 1886 4322 diri·

1042 4348 1119 4403 nitus
1133 4349 1188 4404 tale
1207 4349 1315 4420 aliquid
1330 4350 1481 4406 reveletur.
1501 4351 1623 4419 Decima,
1638 4356 1740 4408 uuum
1754 4369 1857 4428 corpus
1872 4369 1887 4408 a

1042 4438 1101 4493 Deo
1117 4436 1161 4492 sit.
1172 4437 1336 4506 Undecima,
1349 4454 1437 4511 quare
1448 4438 1575 4496 Christus
1586 4439 1621 4496 de
1632 4440 1743 4498 femina
1753 4448 1838 4500 nutus
1846 4441 1886 4499 sit.

1042 4524 1225 4594 Duodecimn,
1242 4526 1303 4582 luco
1331 4527 1380 4582 ubi
1394 4526 1494 4583 titulus
1507 4532 1561 4595 est,
1580 4528 1730 4585 Sententia
1744 4528 1886 4603 cujusdem

1041 4613 1192 4684 sapientis,
1208 4619 1319 4670 nonest
1332 4631 1410 4671 mea:
1427 4615 1476 4671 sed
1488 4615 1555 4689 quia
1564 4632 1617 4689 per
1626 4632 1673 4672 me
1689 4616 1819 4674 innotuit
1832 4615 1888 4690 qai·

1040 4701 1161 4756 busdam
1182 4703 1329 4771 iratribus,
1351 4703 1402 4776 qui
1416 4708 1484 4760 tunc
1508 4721 1523 4759 a
1539 4720 1584 4760 me
1599 4704 1654 4760 ista
1668 4702 1885 4778 diligentissime

1040 4789 1220 4861 colligebant,
1243 4797 1271 4847 et
1284 4792 1392 4864 placuit
1407 4792 1458 4861 eis,
1479 4792 1557 4849 inter
1572 4797 1670 4849 nostra
1683 4809 1749 4850 eam
1768 4795 1887 4852 scribere

1039 4878 1200 4936 voluerunt.
1222 4880 1269 4936 Est
1282 4885 1380 4936 eutem
1401 4880 1549 4954 cujusdam
1570 4882 1671 4938 Fontei
1686 4882 1888 4957 Carthaginen-

1039 4966 1078 5022 sis
1093 4969 1113 5034 ¹,
1127 4966 1268 5023 demente
1282 4968 1450 5026 mundanda
1464 4971 1500 5025 ad
1512 4969 1669 5026 ridendum
1686 4971 1791 5042 Deum,
1815 4970 1889 5048 quod

1039 5069 1167 5126 pegunm
1186 5056 1302 5127 quidem
1323 5057 1446 5130 scripsit,
1467 5058 1516 5113 sed
1538 5057 1711 5114 christianus
1729 5059 1889 5132 baptizatus

1038 5145 1081 5196 est
1097 5147 1240 5199 mortuus.
1260 5144 1376 5201 Decima
1395 5145 1479 5201 tertie
1493 5149 1545 5215 est,
1565 5163 1622 5219 quo
1635 5147 1811 5206 documento
1824 5166 1890 5205 oon·

1038 5233 1093 5285 stet
1112 5231 1245 5287 homines
1265 5232 1363 5288 bestiis
1384 5233 1531 5290 excellere.
1552 5234 1666 5291 Decima
1694 5243 1810 5309 quartu
1834 5253 1890 5294 nou

1036 5317 1124 5375 luisse
1138 5336 1243 5394 corpus
1258 5321 1372 5378 Domini
1390 5321 1480 5379 nosui
1494 5323 1559 5379 lesu
1580 5323 1685 5382 Christi
1707 5326 1888 5400 phantasma

1069 5460 1201 5513 ¹hdditur
1218 5462 1288 5528 apud
1303 5465 1382 5516 Lon:
1407 5464 1459 5527 oui
1476 5464 1573 5517 devito
1584 5463 1826 5522 Brachmanorum
1839 5469 1890 5522 ull·

1035 5526 1400 5592 quantocumcrtpuaquoo
1410 5541 1521 5593 prorsus
1531 5529 1780 5595 ebestebmffir.
1794 5533 1888 5585 auu
