3884 6112
153 257 218 346 666
666 288 712 342 66
731 287 961 357 cessurusne
982 286 1116 357 16666,
1139 287 1167 343 6.
1196 283 1389 345 66666666
1859 287 1911 340 scs

187 418 232 474 64.
249 417 329 472 Nunc
343 377 441 472 autem
456 414 550 487 accipe
568 418 667 469 contra
681 413 752 470 illud
768 431 834 486 quo,
849 417 882 469 ut
895 414 997 481 sentio,
1052 413 1109 484 nis,
1121 428 1191 468 num
1202 412 1250 468 illa
1260 411 1339 467 66116
1354 411 1427 483 ejas,
1440 425 1529 482 qnam
1539 406 1734 480 cogitatione
1751 411 1819 463 ante
1830 422 1910 465 66666

150 507 275 563 multum
297 505 430 572 moreris,
445 521 504 560 666
523 504 599 575 quod
615 502 760 559 robustius
775 503 810 558 de
825 502 932 571 multis,
948 502 998 558 sed
1052 510 1143 570 tenes,
1167 505 1216 557 aut
1234 503 1332 572 16636,
1347 504 1396 554 661
1414 499 1481 570 1616,
1497 503 1549 554 661
1570 496 1648 571 qnid
1670 496 1820 568 ejusmodi
1834 497 1911 555 rideri

151 595 227 668 qnod
236 593 350 651 brevius
363 608 472 666 ;neque
483 592 561 664 qnod
571 590 643 647 mihi
657 590 834 664 probabilius
846 607 933 663 quam
947 606 998 646 66»
1051 589 1164 664 6616611
1180 593 1212 647 Ε.
1229 590 1313 646 Nullo
1328 588 1424 645 modo.

150 689 221 752 tera,
233 683 282 738 scd
296 683 372 754 qnod
384 680 436 737 tibi
446 681 540 753 aptius
553 680 659 752 eligere
674 679 764 752 potui.
776 683 808 735 Ε.
827 679 886 748 1116,
898 695 947 734 666
957 683 996 744 16,
1088 683 1131 735 66.
1148 679 1182 734 A.
1197 681 1268 752 Age,
1280 679 1342 751 jam
1362 677 1407 732 dic
1420 674 1512 732 mihi:
1536 692 1607 732 cnm
1624 690 1682 730 ore
1698 674 1800 747 ipsum
1822 691 1908 732 nones

150 769 379 844 quamcitissime
389 772 480 840 potes.
490 769 527 825 X.
539 768 666 824 Primum
676 767 748 824 illud
758 767 831 836 dico,
840 768 864 823 61
872 766 997 823 maxime
1053 767 1178 841 erumpit
1191 771 1251 836 tuo,
1262 771 1348 838 etque
1361 765 1390 821 id
1401 782 1454 839 636
1466 765 1591 822 audiens
1602 765 1707 820 solem
1718 765 1827 836 cogito,
1839 781 1907 836 quen

148 875 233 914 causa
248 859 343 925 lateat,
355 873 406 913 cur
421 857 452 911 in
466 856 628 912 concisione
638 856 830 928 quorumdam
845 870 997 928 corporum
1050 861 1084 911 tu
1098 860 1163 911 6616
1176 872 1272 911 rocem
1283 860 1311 911 et
1323 871 1388 911 com
1399 854 1463 927 ipsa
1477 871 1547 911 voce
1562 852 1722 926 cogitasti,
1739 857 1770 908 et
1781 854 1907 910 nunctor·

146 947 196 1002 itta
208 945 385 1018 contingant,
402 961 459 1000 666
472 946 609 1001 66611666
624 961 677 999 666
690 945 743 1000 666
758 960 815 1000 666
830 943 871 999 116
882 949 996 1017 pertur-
1051 948 1125 1000 tasse
1140 944 1224 1000 ambo
1235 944 1392 1017 cogitamus
1406 965 1413 1013 ;
1427 960 1525 999 nonne
1541 942 1598 998 tibi
1618 942 1744 998 ridetur
1757 958 1864 997 nomen
1873 943 1907 1014 ip

147 1031 210 1088 bari
220 1035 363 1105 oportere,
374 1037 475 1088 uttam
486 1032 576 1089 multa
586 1049 651 1105 quae
661 1033 792 1102 superius
802 1031 864 1087 1666
877 1031 998 1087 clariora
1052 1049 1116 1088 sum
1130 1031 1219 1089 veluti
1232 1033 1373 1106 accepisse
1389 1033 1438 1088 abs
1453 1037 1480 1088 te
1492 1031 1767 1106 significationem,
1783 1032 1906 1102 quand

148 1119 201 1176 tibi
215 1121 275 1176 risa
287 1126 365 1189 sunt,
379 1120 449 1176 16166
459 1137 519 1177 6666
532 1120 713 1176 arbitremur.
728 1120 802 1176 Fieri
817 1120 894 1176 enim
904 1121 997 1193 potest
1051 1137 1098 1176 me
1121 1138 1173 1194 666
1186 1138 1269 1177 aures
1285 1122 1470 1194 deportaret?
1485 1123 1518 1177 ii.
1541 1121 1680 1177 Videtur.
1705 1120 1746 1176 A.
1769 1121 1840 1176 Cum
1853 1136 1906 1192 6636

147 1213 180 1263 61
193 1208 725 1281 6616666166666666161661,6666661
739 1209 873 1265 humanas
887 1209 996 1264 natura
1051 1225 1157 1265 nomen
1165 1211 1260 1282 ipsum
1276 1227 1345 1266 sono
1355 1214 1383 1266 et
1394 1209 1611 1283 significatione
1624 1213 1758 1276 constet,
1774 1226 1859 1264 sonus
1866 1225 1904 1265 66

147 1297 402 1365 occultataest;rel
408 1297 445 1352 sit
453 1296 539 1352 alicui
549 1296 789 1370 hominicognita,
801 1313 853 1353 nec
862 1296 938 1352 istea
947 1314 997 1353 66-

147 1385 192 1440 616
202 1384 373 1455 interrogari
381 1384 487 1455 possit';
500 1389 549 1440 aut
555 1385 705 1456 etiamhoc
712 1385 828 1457 1636616
834 1385 890 1457 1661
896 1385 994 1452 simus,

149 1476 181 1527 ut
191 1472 351 1528 satisfacere
360 1472 443 1528 nobis
453 1468 645 1546 interrogatus
656 1490 714 1528 666
725 1474 824 1545 possit.
838 1473 996 1545 Numquid-

149 1576 216 1616 nam
229 1577 261 1616 ex
276 1576 310 1616 66
323 1561 464 1633 quidquid
479 1578 510 1617 66
523 1562 667 1618 contrarie
681 1567 761 1635 66616
775 1562 937 1617 firmissime
952 1561 995 1616 di-

148 1648 281 1718 dicimus,
297 1665 329 1704 ac
345 1650 525 1706 verissimum
548 1667 608 1706 6666
628 1651 810 1722 confitemur,
832 1651 890 1707 labi
912 1649 995 1705 nobis

147 1741 233 1809 etque
243 1739 406 1810 extorqueri
416 1739 497 1794 decet
505 1739 520 1792 t
529 1739 613 1810 Atqui
624 1738 648 1792 61
660 1738 710 1793 1116
720 1743 856 1793 maneant
871 1736 994 1808 1616366,

146 1841 212 1898 que
227 1824 421 1898 interrogatus
443 1831 520 1881 certa
534 1830 563 1881 et
584 1825 705 1881 indubia
724 1842 783 1881 essa
801 1824 993 1897 respondisti;

146 1913 218 1970 nihil
228 1914 358 1986 estquod
367 1915 810 1986 istumrermiculumpoeriliter
819 1918 992 1982 metuamus,

146 2018 313 2076 quanquam
335 2002 492 2059 vivacitatis
516 2008 545 2059 et
565 2003 778 2059 numerositatis
797 2004 859 2075 ejus
879 2015 994 2058 6666666

145 2108 205 2150 666
216 2094 362 2149 valeamus
372 2092 483 2148 afferre.
497 2091 527 2147 Si
536 2091 615 2146 enim
629 2092 705 2163 apud
715 2095 742 2147 16
752 2093 787 2147 de
799 2091 895 2162 aliquo
903 2090 993 2145 tirum

145 2179 358 2253 immotumque
368 2184 511 2235 constaret
524 2181 602 2251 quod
617 2185 691 2236 esset
703 2179 858 2247 virbonus,
869 2194 993 2250 cumque

145 2267 176 2324 in
190 2270 335 2325 latronum
348 2267 475 2323 convivio
490 2283 563 2340 quos
576 2283 782 2339 persequerere
797 2266 994 2340 deprebende-

145 2371 202 2426 rcs,
224 2361 310 2428 atque
332 2355 428 2426 aliquo
447 2371 525 2425 casu,
541 2359 695 2428 antequam
709 2355 759 2411 abs
773 2360 802 2412 te
821 2354 994 2428 interrogari

145 2435 253 2517 posset,
266 2447 445 2512 moreretur;
463 2443 621 2515 quamlibet
635 2459 750 2499 causam
768 2448 883 2516 putares
897 2445 993 2516 potins

144 2531 222 2587 illius
254 2545 319 2586 com
349 2529 492 2585 sceleratis
515 2530 725 2602 conjunctionis
750 2535 835 2602 atque
858 2529 991 2597 convivii,

146 2618 295 2677 6116666116
309 2634 424 2690 semper
432 2618 544 2686 lateret,
556 2633 643 2690 quam
654 2618 783 2674 66616661
794 2617 959 2673 societatem
970 2615 991 2675 ¹.

144 2707 202 2764 Gur
215 2723 284 2780 ergo
305 2722 374 2775 666,
389 2721 456 2761 cum
474 2708 534 2761 tam
554 2705 653 2761 multis
668 2705 845 2778 argumentis
860 2704 992 2776 superius

145 2795 237 2864 editis,
258 2799 344 2867 atque
367 2793 416 2849 abs
434 2797 463 2849 te
478 2793 641 2849 firmissime
656 2792 859 2865 comprobatis,
873 2793 992 2865 planum

142 2883 195 2940 tibi
208 2884 316 2940 iactum
330 2883 367 2938 sit
384 2883 518 2938 6661666
538 2881 665 2937 animam
681 2881 834 2950 contineri,
850 2884 935 2953 atque
954 2880 991 2937 ob

143 2972 197 3028 hoc
206 2972 314 3027 nullius
324 2971 389 3026 talis
399 2986 459 3026 6666
468 2971 646 3042 quantitatis,
657 2971 772 3043 qualem
784 2970 814 3025 in
825 2969 992 3042 corporibus

143 3061 297 3128 cernimus,
313 3059 439 3131 aliquam
461 3060 612 3131 suspicaris
625 3075 691 3130 ,esse
712 3075 838 3130 causam,
854 3074 905 3115 cur
918 3074 989 3113 666-

142 3148 256 3203 6611666
271 3147 377 3202 animal
391 3147 539 3203 concisum
556 3147 587 3203 in
607 3148 740 3203 omnibus
752 3147 882 3221 partibus
896 3147 988 3213 rivat3

142 3251 201 3291 non
215 3250 278 3290 eam
292 3239 388 3290 tamen
403 3235 479 3306 quod
491 3251 556 3291 cum
571 3252 689 3308 corpore
703 3236 798 3292 anima
810 3235 921 3292 concidi
936 3250 990 3308 po·

143 3322 255 3379 tuerit‘l
270 3322 361 3388 Quam
386 3323 410 3377 si
430 3323 556 3395 reperire
578 3339 636 3378 non
651 3339 813 3395 possumus,
835 3324 989 3395 quaerenda

143 3428 240 3468 nonne
254 3415 297 3467 est
310 3411 405 3484 661166
420 3427 497 3483 vera,
513 3427 600 3484 qnam
612 3411 684 3467 16166
699 3412 865 3468 credenda?

143 3538 255 3595 CAPUT
273 3537 374 3594 XXXll.
391 3567 425 3578 —
439 3539 557 3594 Disiecta
575 3552 684 3608 corpore
697 3538 790 3597 661666
803 3553 857 3592 666
870 3540 985 3593 secutur.

177 3628 275 3684 Fruste
295 3626 405 3682 dissecti
425 3627 544 3696 corporis
572 3628 662 3682 616666
678 3629 800 3696 possunt,
820 3627 987 3681 6666661616

175 3718 247 3768 secte
268 3716 381 3770 nonsit.
398 3715 527 3784 Deinceps
543 3714 688 3771 66661666
703 3716 865 3784 quontitate,
881 3716 987 3769 6611666

175 3801 287 3855 virtutis
299 3815 330 3854 66
340 3802 477 3870 potentia.

174 3905 218 3957 65.
234 3901 341 3956 Deinde
365 3916 463 3973 quaro
488 3901 538 3957 abs
563 3906 603 3971 te,
625 3906 722 3957 utrum
741 3902 870 3973 6616616
892 3903 985 3958 verbis

138 3988 243 4045 nostris
257 3988 336 4045 aliud
347 4005 407 4045 esse
415 3989 510 4061 ipsum
522 4006 635 4059 sonum,
647 3990 725 4046 atiud
736 3992 887 4063 quodsouc
898 3992 985 4064 signi·

138 4079 248 4135 ilcatur.
259 4082 292 4135 li.
310 4079 367 4150 Ego
377 4082 532 4157 utromque
540 4078 615 4134 idem
626 4084 705 4151 puto.
717 4079 891 4135 66166161
902 4096 983 4152 ergo,

138 4183 224 4224 66666
238 4167 299 4240 ipsc
318 4167 395 4222 unde
414 4167 550 4239 procedat
563 4183 629 4226 cum
642 4168 780 4240 loqueris.
797 4171 828 4225 ll.
847 4169 914 4234 Quis
929 4169 983 4224 du-

136 4257 209 4314 bitet
227 4274 244 4312 a
265 4273 311 4312 me
327 4256 502 4329 procedere?
517 4257 553 4312 A.
569 4257 627 4312 Abs
648 4262 677 4313 te
691 4273 767 4330 ,6636
786 4259 827 4312 661
843 4257 981 4330 procedit,

136 4347 205 4403 dum
219 4344 352 4401 nomines
366 4344 478 4400 solem?
492 4347 525 4400 li.
543 4346 582 4399 116
597 4361 666 4401 6666
682 4362 739 4415 me,
754 4363 812 4402 666
826 4348 860 4402 (16
875 4347 982 4419 reipsa

134 4433 326 4506 interrogasti.
341 4434 378 4490 A.
394 4431 480 4487 Aliud
494 4448 562 4504 ergo
576 4448 663 4488 sonus
678 4439 728 4500 est,
746 4435 824 4489 aliud
835 4451 881 4490 res
894 4450 981 4506 quam

87 4583 90 4591 ¹
134 4522 273 4593 6136111661
287 4537 388 4577 sonus:
405 4525 438 4576 tu
455 4525 550 4577 autem
566 4525 721 4592 utrumque
737 4521 814 4577 idem
828 4538 890 4578 esse
904 4523 981 4578 dixe·

133 4624 189 4664 ras.
205 4612 238 4664 ll.
254 4610 324 4681 Age,
337 4610 397 4680 Jam
411 4610 534 4665 concedo
551 4608 629 4665 aliud
644 4625 704 4665 esse
716 4609 924 4682 significantem
934 4629 980 4666 so·

133 4711 214 4763 num,
229 4696 307 4751 aliud
317 4712 378 4752 rem
392 4713 456 4768 qua
470 4696 658 4769 significatur.
673 4699 709 4753 X.
723 4697 773 4752 llic
787 4714 865 4770 ergo,
880 4705 979 4755 utrum

131 4798 227 4858 posses
235 4798 342 4853 366666
351 4784 449 4839 latine
458 4784 566 4856 linguae
579 4785 728 4840 nominare
737 4785 768 4840 in
781 4785 927 4856 loquendo
937 4803 979 4842 66

130 4871 199 4940 lem,
220 4871 244 4926 si
268 4885 327 4925 non
345 4869 509 4928 intellectus
527 4873 592 4928 66116
617 4873 794 4944 precederet
814 4890 927 4930 sonum.
942 4877 977 4931 ll.

131 4958 306 5019 Nullomodo
314 4973 436 5029 possem.
447 4961 483 5016 A.
495 4960 569 5026 Quid
578 4963 593 5016 ‘l
602 4966 755 5033 antequam
767 4962 862 5032 ipsum
872 4979 977 5019 nomen

129 5050 165 5107 dc
184 5064 233 5106 666
246 5046 394 5121 66666661,
410 5047 434 5101 61
448 5048 546 5103 rolens
560 5048 589 5104 id
605 5050 754 5106 enuntiare
770 5051 935 5123 aliquandiu
948 5057 976 5107 te

128 5139 160 5194 in
177 5136 291 5194 silentio
306 5141 423 5202 teneas3
448 5137 589 5193 6666616
609 5143 659 5194 166
681 5140 854 5212 cogitatione
868 5145 973 5208 manet,

128 5227 205 5300 quod
225 5241 356 5298 expressa
369 5239 439 5279 roce
460 5224 531 5279 alius
546 5225 696 5281 auditurus
714 5230 826 5284 661111.
843 5229 974 5285 llaniles·

127 5317 303 5374 16666611.
317 5313 413 5380 Quid?
431 5327 497 5369 cnm
512 5315 571 5385 1666
586 5315 629 5370 661
647 5320 733 5372 tantae
747 5318 782 5374 sit
796 5318 972 5391 magnitudi-

122 5470 127 5481 '
158 5477 167 5510 ¹
181 5476 242 5526 11166.
257 5475 377 5534 Florius..
387 5485 470 5540 quom
486 5472 590 5525 sceleris
601 5476 628 5525 et
642 5478 781 5528 6661616116.
794 5479 914 5530 Fortasse
928 5478 971 5530 hic

125 5537 283 5601 legendum:
299 5540 381 5601 Quom
394 5537 501 5592 secteris
515 5548 569 5588 csse
583 5539 744 5588 6661616166.

1051 1303 1109 1354 tem
1121 1299 1157 1355 ad
1168 1315 1263 1370 aures,
1274 1298 1441 1372 significatio
1450 1298 1487 1354 ad
1496 1303 1633 1354 mentem
1644 1298 1800 1370 pertineat
1811 1314 1905 1365 ;66666

1051 1386 1198 1443 arbitraris
1207 1388 1238 1444 in
1252 1387 1379 1456 nomine,
1390 1387 1468 1443 velut
1478 1387 1509 1441 in
1520 1386 1626 1460 aliquo
1638 1386 1811 1454 animante,
1818 1403 1904 1442 sonna

1050 1475 1603 1548 6666666666,61361666666666661666
1621 1475 1712 1547 quasi
1729 1475 1858 1530 animam
1870 1491 1904 1529 so·

1050 1564 1105 1619 ni?
1118 1567 1149 1621 ll.
1168 1565 1243 1621 Nihil
1259 1564 1331 1620 mihi
1346 1563 1458 1620 videtur
1473 1563 1612 1620 similius.
1632 1564 1671 1619 A.
1688 1565 1822 1619 Attendc
1836 1579 1906 1633 nunc,

1050 1657 1147 1707 utrum
1165 1652 1290 1708 nominis
1304 1669 1390 1708 66666
1411 1669 1463 1726 666
1485 1653 1600 1708 litteras
1621 1651 1721 1708 dividi
1734 1651 1838 1724 possit,
1852 1667 1903 1707 con

1050 1741 1147 1797 anima
1169 1743 1241 1814 ejus,
1261 1741 1291 1797 id
1305 1746 1347 1797 661
1361 1740 1542 1814 significatio,
1557 1757 1624 1796 non
1640 1741 1753 1813 possit.
1769 1741 1902 1814 Siquidem

1049 1829 1112 1901 ipsa
1126 1833 1170 1885 est
1183 1846 1271 1902 quam
1285 1829 1371 1901 paulo
1381 1833 1446 1884 ante
1456 1828 1487 1884 in
1497 1833 1603 1884 nostre
1619 1829 1810 1901 cogitatione
1821 1830 1904 1884 neele

1049 1921 1175 1973 tamnes
1198 1918 1315 1991 longam
1337 1918 1511 1990 respondisti
1526 1917 1582 1973 tibi
1603 1917 1716 1975 rideri.
1741 1922 1778 1974 11.
1803 1920 1902 1974 Prorsus

1049 2007 1199 2062 assentior.
1210 2007 1245 2063 Α.
1258 2006 1341 2076 Quid,
1353 2023 1418 2062 cnm
1431 2022 1483 2078 per
1491 2006 1607 2062 litteras
1618 2007 1762 2079 singulas
1772 2023 1857 2063 sonus
1865 2008 1903 2061 1116

1049 2093 1197 2164 dividitur,
1209 2094 1322 2151 ridetur
1335 2094 1389 2150 tibi
1403 2093 1651 2167 significationem
1665 2095 1757 2152 illam
1771 2095 1903 2152 retineret

1048 2186 1081 2240 Ε.
1098 2183 1247 2249 Quomodo
1259 2186 1380 2256 possunt
1394 2183 1515 2256 singulte
1526 2183 1638 2240 litterae
1647 2184 1902 2258 significareqml

1048 2287 1156 2328 nomen
1170 2272 1248 2344 quod
1259 2288 1293 2328 ex
1302 2272 1347 2328 his
1358 2272 1455 2340 666111,
1468 2272 1639 2345 significat?
1649 2274 1690 2330 A.
1708 2279 1749 2330 at
1762 2291 1838 2345 curn,
1850 2289 1900 2346 per·

1048 2359 1104 2416 dita
1119 2360 1327 2432 significatione
1339 2360 1496 2434 discerptus
1508 2361 1663 2417 1611116616
1678 2379 1774 2418 66666
1781 2367 1836 2429 est;
1847 2377 1899 2417 nnn

1048 2447 1128 2505 aliud
1139 2454 1223 2521 putas
1238 2466 1300 2505 esse
1314 2450 1432 2517 iactum,
1449 2465 1537 2522 quam
1552 2449 1707 2506 dilaniato
1723 2468 1841 2525 corpore
1853 2451 1896 2505 dis·

1047 2536 1163 2592 cessisse
1178 2537 1313 2602 animam,
1329 2543 1358 2595 et
1370 2537 1452 2610 quasi
1465 2542 1593 2595 mortem
1609 2541 1782 2611 quamdam
1795 2538 1899 2595 nominis

1047 2625 1267 2703 6661131666111.
1286 2628 1349 2682 Non
1369 2629 1463 2684 solum
1477 2627 1635 2699 assentior,
1653 2629 1710 2685 sed
1726 2631 1769 2684 ita
1785 2630 1896 2693 libenter,

1046 2718 1079 2769 ut
1091 2714 1162 2770 nibil
1177 2731 1223 2770 me
1238 2715 1330 2786 magis
1343 2715 1374 2770 in
1389 2715 1443 2771 boc
1457 2732 1593 2772 sermone
1609 2716 1819 2774 delectaverit.

1083 2806 1126 2858 67.
1141 2803 1177 2858 A.
1195 2802 1225 2858 Si
1239 2818 1308 2877 6636
1321 2803 1388 2859 66116
1402 2803 1577 2877 perspexisti
1588 2804 1621 2860 in
1636 2805 1698 2860 hac
1715 2804 1894 2868 similitudine,

1047 2891 1189 2962 quomodo
1208 2892 1297 2964 possit
1316 2891 1435 2948 dissecto
1458 2909 1579 2965 corpore
1602 2893 1712 2950 anima
1730 2913 1790 2951 666
1808 2893 1894 2959 secam

1045 2978 1141 3051 accipe
1162 2997 1239 3036 nunc
1256 2982 1399 3054 quomodo
1414 2981 1505 3038 frusta
1519 2983 1586 3055 ipsa
1603 2983 1759 3056 corporis,
1773 3000 1835 3040 cum
1847 2981 1895 3037 ani·

1045 3072 1175 3124 musceta
1188 3084 1246 3124 non
1258 3069 1305 3137 sit,
1317 3069 1412 3125 rivere
1422 3069 1542 3142 possint.
1555 3072 1625 3126 Jam
1636 3071 1726 3128 enim
1736 3068 1892 3136 concessisti,

1045 3157 1173 3227 6166616,
1189 3162 1221 3212 ut
1235 3156 1349 3229 opinor,
1363 3158 1607 3229 significationem
1624 3176 1698 3232 qnae
1714 3160 1800 3234 quasi
1812 3159 1892 3214 66166

1044 3243 1108 3299 6661
1121 3248 1174 3314 661,
1189 3245 1258 3301 dum
1273 3262 1380 3303 nomen
1396 3246 1502 3318 editur,
1512 3262 1567 3320 per
1580 3249 1719 3320 seipsam
1734 3250 1814 3305 nullo
1825 3251 1891 3320 pacto

1044 3332 1131 3388 dividi
1144 3349 1237 3406 posse,
1256 3350 1321 3391 cum
1335 3335 1397 3408 ipse
1410 3352 1509 3404 sonus,
1525 3336 1607 3409 quod
1621 3340 1711 3395 reiut
1726 3355 1828 3411 666666
1843 3335 1890 3406 ejus

1043 3426 1096 3489 est,
1117 3422 1216 3493 possit.
1232 3423 1287 3479 Sed
1306 3424 1337 3479 in
1352 3424 1419 3480 solis
1430 3424 1549 3480 nomine
1564 3424 1607 3481 ite
1622 3428 1697 3483 soni
1713 3433 1759 3484 est
1772 3428 1841 3483 iacta
1857 3425 1890 3480 di·

1041 3508 1123 3578 visio,
1139 3514 1170 3564 ut
1185 3512 1263 3566 66116
1277 3527 1342 3583 pars
1352 3512 1413 3584 ejus
1425 3511 1679 3584 significationem
1697 3516 1824 3588 aliquam
1837 3514 1890 3568 reti·

1041 3602 1131 3654 neret.
1143 3600 1243 3671 ltaque
1254 3600 1317 3655 11166
1328 3601 1445 3668 litteras,
1459 3602 1617 3658 dilacerato
1629 3620 1760 3677 corpore
1771 3602 1888 3669 nominis,

1041 3690 1179 3758 tanquam
1194 3689 1325 3744 exanima
1344 3691 1482 3759 membra,
1497 3690 1527 3746 id
1543 3696 1601 3763 est,
1618 3694 1839 3766 significatione
1855 3708 1889 3747 cr·

1040 3775 1133 3830 rentia
1142 3776 1402 3834 considerabamus.
1413 3777 1609 3844 Quamobrem
1622 3782 1650 3837 si
1664 3784 1789 3856 aliquod
1802 3796 1889 3840 nomen

1039 3863 1245 3935 invenerimus,
1255 3866 1332 3938 quod
1343 3866 1464 3923 divisum
1474 3874 1563 3940 queat
1574 3869 1672 3926 stiam
1683 3873 1811 3945 siugulis
1818 3870 1888 3945 parti·

1038 3951 1092 4007 666
1102 3953 1250 4025 quidpiam
1260 3954 1436 4026 significare;
1448 3957 1587 4013 concedas
1598 3965 1731 4031 oportet,
1744 3978 1805 4017 666
1815 3958 1889 4016 6661-

1038 4041 1153 4097 modam
1165 4042 1624 4115 661611666166616116666161666
1635 4047 1751 4104 tactam
1762 4062 1889 4116 6666666

1038 4128 1091 4183 1161
1107 4129 1235 4185 membra
1254 4131 1407 4203 separatim
1421 4131 1602 4187 considerata
1617 4137 1783 4206 quodlibet
1796 4134 1888 4209 6136111·

1037 4218 1166 4273 66611661
1176 4219 1257 4290 quasi
1267 4219 1405 4292 spirantia
1415 4219 1599 4275 videbuntur.
1611 4224 1649 4278 Ε.
1664 4224 1833 4282 Concedam
1842 4239 1889 4279 66·

1035 4301 1116 4369 6166,
1128 4306 1155 4356 61
1165 4303 1264 4374 utjsm
1274 4303 1500 4375 idipsumsones,
1512 4303 1627 4375 tlagito.
1641 4311 1685 4364 A.
1698 4310 1808 4384 Accipe
1818 4327 1825 4366 :
1835 4322 1888 4364 666

1035 4388 1104 4445 dum
1118 4389 1251 4446 viciniam
1261 4392 1329 4447 66116
1342 4392 1467 4460 attendo,
1482 4391 1516 4447 de
1527 4393 1612 4465 cujus
1629 4398 1760 4455 nornine
1774 4397 1888 4472 superins

1035 4479 1157 4550 egimus,
1174 4479 1284 4535 Lucifer
1300 4480 1371 4536 mihi
1388 4480 1525 4551 occurrit3
1542 4481 1594 4554 qui
1609 4486 1753 4555 profecto
1768 4488 1845 4543 inter
1853 4501 1887 4540 se·

1035 4567 1158 4623 cundam
1174 4572 1203 4622 et
1221 4569 1335 4624 tertiam
1358 4569 1496 4641 syllabam
1514 4569 1623 4626 scissus
1645 4575 1787 4631 nonnihit
1808 4575 1887 4648 priore

1033 4660 1115 4726 purte
1125 4655 1276 4728 6136111661,
1289 4673 1354 4712 cum
1364 4657 1494 4723 dicimus,
1507 4657 1584 4727 Luci,
1597 4659 1708 4718 etideo
1718 4663 1753 4719 16
1763 4663 1887 4735 6666166

1034 4759 1121 4816 quam
1137 4744 1257 4800 dimidio
1281 4761 1400 4818 6666666
1420 4746 1545 4802 nominis
1562 4747 1645 4804 risit.
1664 4750 1886 4807 Ε616661661166

1032 4847 1100 4902 6666
1115 4832 1201 4888 habet
1215 4833 1358 4892 animam:
1382 4850 1449 4891 nam
1464 4851 1528 4891 cum
1550 4835 1630 4892 terre
1647 4839 1766 4912 aliquid
1779 4837 1884 4913 juberis,

1031 4918 1105 4974 hanc
1119 4922 1210 4977 audis.
1225 4921 1369 4987 06166166
1382 4940 1480 4997 posses
1493 4924 1718 4998 obtemperare,
1731 4929 1758 4984 si
1773 4925 1885 5002 quistibi

1032 5007 1148 5077 diceret,
1174 5011 1225 5066 Fer
1240 5011 1376 5082 codicem,
1393 5013 1414 5068 61
1437 5013 1708 5087 61611613611166661
1725 5019 1804 5074 Fert
1821 5013 1885 5088 quod

1030 5110 1096 5152 cum
1111 5097 1225 5154 additur
1238 5101 1315 5170 Luci,
1328 5101 1439 5158 Lucifer
1449 5107 1542 5171 sonat,
1553 5108 1582 5159 et
1591 5103 1749 5177 6136111661
1764 5105 1881 5169 stellam

1030 5189 1481 5261 cumautemdemitur,nonnibil
1490 5190 1648 5262 6136111661,
1661 5194 1739 5252 6166
1750 5195 1806 5252 666
1815 5190 1883 5266 qussi

1029 5273 1135 5329 retinet
1149 5275 1245 5331 vitam.

1063 5364 1108 5417 68.
1125 5361 1196 5418 Cum
1216 5369 1313 5421 autem
1332 5366 1409 5422 locus
1428 5370 1456 5423 et
1471 5371 1586 5439 tenpus
1602 5368 1656 5440 sit,
1671 5353 1783 5444 quibm
1796 5367 1880 5427 omnir

1027 5464 1091 5520 qua
1105 5451 1268 5508 sentiuntur
1280 5458 1466 5527 occupantur,
1481 5456 1525 5511 rel
1539 5455 1641 5528 potius
1655 5475 1725 5532 quae
1740 5461 1878 5532 occupant,

1027 5538 1102 5608 quod
1118 5539 1208 5596 666116
1224 5544 1371 5610 sentimus,
1387 5558 1441 5616 per
1454 5544 1570 5613 locum;
1586 5547 1672 5618 qnod
1694 5550 1880 5620 6661666661
