<?xml version="1.0" encoding="UTF-8"?>
<!DOCTYPE html PUBLIC "-//W3C//DTD XHTML 1.0 Transitional//EN"
    "http://www.w3.org/TR/xhtml1/DTD/xhtml1-transitional.dtd">
<html xmlns="http://www.w3.org/1999/xhtml" xml:lang="en" lang="en">
 <head>
  <title>
</title>
<meta http-equiv="Content-Type" content="text/html;charset=utf-8" />
  <meta name='ocr-system' content='tesseract 3.04.00' />
  <meta name='ocr-capabilities' content='ocr_page ocr_carea ocr_par ocr_line ocrx_word'/>
</head>
<body>
  <div class='ocr_page' id='page_1' title='image "./patrologiaecurs02migngoog_0442.png"; bbox 0 0 3884 6112; ppageno 0'>
   <div class='ocr_carea' id='block_1_1' title="bbox 142 285 194 339">
    <p class='ocr_par' dir='ltr' id='par_1_1' title="bbox 142 285 194 339">
     <span class='ocr_line' id='line_1_1' title="bbox 142 285 194 339; baseline -0.019 0"><span class='ocrx_word' id='word_1_1' title='bbox 142 285 194 339; x_wconf 79' lang='grc'><strong>839</strong></span> 
     </span>
    </p>
   </div>
   <div class='ocr_carea' id='block_1_2' title="bbox 137 401 992 1271">
    <p class='ocr_par' dir='ltr' id='par_1_2' title="bbox 137 401 992 1271">
     <span class='ocr_line' id='line_1_2' title="bbox 140 401 990 477; baseline -0.004 -16"><span class='ocrx_word' id='word_1_2' title='bbox 140 405 208 477; x_wconf 90' lang='lat' dir='ltr'><strong>quid</strong></span> <span class='ocrx_word' id='word_1_3' title='bbox 229 404 259 460; x_wconf 94' lang='lat' dir='ltr'><strong>iu</strong></span> <span class='ocrx_word' id='word_1_4' title='bbox 279 403 324 459; x_wconf 93' lang='lat' dir='ltr'><strong>his</strong></span> <span class='ocrx_word' id='word_1_5' title='bbox 339 402 432 459; x_wconf 85' lang='lat' dir='ltr'><strong>verbis</strong></span> <span class='ocrx_word' id='word_1_6' title='bbox 446 403 567 473; x_wconf 77' lang='lat' dir='ltr'>Moyses,</span> <span class='ocrx_word' id='word_1_7' title='bbox 583 401 716 473; x_wconf 85' lang='lat' dir='ltr'><strong>egregius</strong></span> <span class='ocrx_word' id='word_1_8' title='bbox 733 402 907 458; x_wconf 88' lang='lat' dir='ltr'><strong>domesticus</strong></span> <span class='ocrx_word' id='word_1_9' title='bbox 921 401 990 458; x_wconf 89' lang='lat' dir='ltr'><strong>ssdei</strong></span> 
     </span>
     <span class='ocr_line' id='line_1_3' title="bbox 141 490 991 564; baseline -0.001 -16"><span class='ocrx_word' id='word_1_10' title='bbox 141 498 211 560; x_wconf 78' lang='lat' dir='ltr'><strong>tues,</strong></span> <span class='ocrx_word' id='word_1_11' title='bbox 220 491 383 564; x_wconf 88' lang='lat' dir='ltr'><strong>intelligere</strong></span> <span class='ocrx_word' id='word_1_12' title='bbox 390 491 525 546; x_wconf 86' lang='lat' dir='ltr'><strong>lectorem</strong></span> <span class='ocrx_word' id='word_1_13' title='bbox 538 490 934 562; x_wconf 85' lang='lat' dir='ltr'><strong>auditoremqoeroluerit.ln</strong></span> <span class='ocrx_word' id='word_1_14' title='bbox 943 493 991 547; x_wconf 94' lang='lat' dir='ltr'><strong>illo</strong></span> 
     </span>
     <span class='ocr_line' id='line_1_4' title="bbox 140 579 992 653; baseline 0 -17"><span class='ocrx_word' id='word_1_15' title='bbox 140 581 234 652; x_wconf 90' lang='lat' dir='ltr'><strong>primo</strong></span> <span class='ocrx_word' id='word_1_16' title='bbox 245 579 506 652; x_wconf 89' lang='lat' dir='ltr'><strong>generediscedant</strong></span> <span class='ocrx_word' id='word_1_17' title='bbox 520 596 537 633; x_wconf 93' lang='lat' dir='ltr'><strong>a</strong></span> <span class='ocrx_word' id='word_1_18' title='bbox 550 594 597 633; x_wconf 91' lang='lat' dir='ltr'><strong>rue</strong></span> <span class='ocrx_word' id='word_1_19' title='bbox 608 594 717 645; x_wconf 88' lang='lat' dir='ltr'><strong>omnes,</strong></span> <span class='ocrx_word' id='word_1_20' title='bbox 732 580 782 652; x_wconf 90' lang='lat' dir='ltr'><strong>qui</strong></span> <span class='ocrx_word' id='word_1_21' title='bbox 795 596 828 635; x_wconf 87' lang='lat' dir='ltr'><strong>ea</strong></span> <span class='ocrx_word' id='word_1_22' title='bbox 843 597 907 653; x_wconf 83' lang='lat' dir='ltr'><strong>ques</strong></span> <span class='ocrx_word' id='word_1_23' title='bbox 921 581 992 636; x_wconf 78' lang='lat' dir='ltr'><strong>falsa</strong></span> 
     </span>
     <span class='ocr_line' id='line_1_5' title="bbox 141 668 989 736; baseline -0.004 -12"><span class='ocrx_word' id='word_1_24' title='bbox 141 673 218 736; x_wconf 91' lang='lat' dir='ltr'><strong>sunt,</strong></span> <span class='ocrx_word' id='word_1_25' title='bbox 234 686 264 723; x_wconf 92' lang='lat' dir='ltr'><strong>se</strong></span> <span class='ocrx_word' id='word_1_26' title='bbox 279 669 350 724; x_wconf 90' lang='lat' dir='ltr'><strong>scire</strong></span> <span class='ocrx_word' id='word_1_27' title='bbox 371 668 557 724; x_wconf 79' lang='lat' dir='ltr'><strong>arbitrantur.</strong></span> <span class='ocrx_word' id='word_1_28' title='bbox 581 668 613 722; x_wconf 91' lang='lat' dir='ltr'><strong>ln</strong></span> <span class='ocrx_word' id='word_1_29' title='bbox 636 668 689 723; x_wconf 91' lang='lat' dir='ltr'><strong>hoc</strong></span> <span class='ocrx_word' id='word_1_30' title='bbox 713 668 783 724; x_wconf 92' lang='lat' dir='ltr'><strong>item</strong></span> <span class='ocrx_word' id='word_1_31' title='bbox 798 671 887 726; x_wconf 88' lang='lat' dir='ltr'><strong>altero</strong></span> <span class='ocrx_word' id='word_1_32' title='bbox 901 671 989 724; x_wconf 79' lang='lat' dir='ltr'><strong>disco-</strong></span> 
     </span>
     <span class='ocr_line' id='line_1_6' title="bbox 140 755 991 830; baseline 0.002 -19"><span class='ocrx_word' id='word_1_33' title='bbox 140 758 210 811; x_wconf 90' lang='lat' dir='ltr'><strong>dant</strong></span> <span class='ocrx_word' id='word_1_34' title='bbox 221 773 238 812; x_wconf 92' lang='lat' dir='ltr'><strong>a</strong></span> <span class='ocrx_word' id='word_1_35' title='bbox 251 773 296 811; x_wconf 88' lang='lat' dir='ltr'><strong>me</strong></span> <span class='ocrx_word' id='word_1_36' title='bbox 306 773 404 812; x_wconf 90' lang='lat' dir='ltr'><strong>omnes</strong></span> <span class='ocrx_word' id='word_1_37' title='bbox 418 755 466 828; x_wconf 93' lang='lat' dir='ltr'><strong>qui</strong></span> <span class='ocrx_word' id='word_1_38' title='bbox 480 772 513 812; x_wconf 91' lang='lat' dir='ltr'><strong>ea</strong></span> <span class='ocrx_word' id='word_1_39' title='bbox 522 772 586 827; x_wconf 86' lang='lat' dir='ltr'><strong>ques</strong></span> <span class='ocrx_word' id='word_1_40' title='bbox 594 756 663 812; x_wconf 84' lang='lat' dir='ltr'><strong>talea</strong></span> <span class='ocrx_word' id='word_1_41' title='bbox 674 763 751 824; x_wconf 88' lang='lat' dir='ltr'><strong>sunt,</strong></span> <span class='ocrx_word' id='word_1_42' title='bbox 761 759 876 830; x_wconf 85' lang='lat' dir='ltr'><strong>bloysen</strong></span> <span class='ocrx_word' id='word_1_43' title='bbox 888 760 991 815; x_wconf 81' lang='lat' dir='ltr'>dixisse</span> 
     </span>
     <span class='ocr_line' id='line_1_7' title="bbox 139 844 990 916; baseline 0.005 -17"><span class='ocrx_word' id='word_1_44' title='bbox 139 845 322 900; x_wconf 74' lang='lat' dir='ltr'><strong>arbitrantur.</strong></span> <span class='ocrx_word' id='word_1_45' title='bbox 339 845 503 915; x_wconf 84' lang='lat' dir='ltr'><strong>Coujuogar</strong></span> <span class='ocrx_word' id='word_1_46' title='bbox 515 849 612 899; x_wconf 90' lang='lat' dir='ltr'><strong>autem</strong></span> <span class='ocrx_word' id='word_1_47' title='bbox 626 844 693 912; x_wconf 92' lang='lat' dir='ltr'><strong>iltis,</strong></span> <span class='ocrx_word' id='word_1_48' title='bbox 716 847 846 916; x_wconf 89' lang='lat' dir='ltr'><strong>Domine,</strong></span> <span class='ocrx_word' id='word_1_49' title='bbox 862 846 892 902; x_wconf 92' lang='lat' dir='ltr'><strong>in</strong></span> <span class='ocrx_word' id='word_1_50' title='bbox 907 853 947 916; x_wconf 90' lang='lat' dir='ltr'><strong>te,</strong></span> <span class='ocrx_word' id='word_1_51' title='bbox 962 851 990 903; x_wconf 90' lang='lat' dir='ltr'><strong>et</strong></span> 
     </span>
     <span class='ocr_line' id='line_1_8' title="bbox 140 932 990 1007; baseline 0.005 -20"><span class='ocrx_word' id='word_1_52' title='bbox 140 932 264 988; x_wconf 89' lang='lat' dir='ltr'><strong>delecter</strong></span> <span class='ocrx_word' id='word_1_53' title='bbox 281 932 409 1001; x_wconf 88' lang='lat' dir='ltr'><strong>cumeis,</strong></span> <span class='ocrx_word' id='word_1_54' title='bbox 426 933 457 987; x_wconf 93' lang='lat' dir='ltr'><strong>in</strong></span> <span class='ocrx_word' id='word_1_55' title='bbox 474 936 513 999; x_wconf 90' lang='lat' dir='ltr'><strong>te,</strong></span> <span class='ocrx_word' id='word_1_56' title='bbox 530 933 581 1005; x_wconf 89' lang='lat' dir='ltr'><strong>qui</strong></span> <span class='ocrx_word' id='word_1_57' title='bbox 594 933 713 989; x_wconf 87' lang='lat' dir='ltr'><strong>veritate</strong></span> <span class='ocrx_word' id='word_1_58' title='bbox 728 938 778 990; x_wconf 90' lang='lat' dir='ltr'><strong>tua</strong></span> <span class='ocrx_word' id='word_1_59' title='bbox 791 939 946 1007; x_wconf 89' lang='lat' dir='ltr'><strong>pascuntur</strong></span> <span class='ocrx_word' id='word_1_60' title='bbox 960 935 990 991; x_wconf 94' lang='lat' dir='ltr'><strong>iu</strong></span> 
     </span>
     <span class='ocr_line' id='line_1_9' title="bbox 137 1021 990 1088; baseline 0.005 -12"><span class='ocrx_word' id='word_1_61' title='bbox 137 1021 286 1077; x_wconf 89' lang='lat' dir='ltr'><strong>latitudine</strong></span> <span class='ocrx_word' id='word_1_62' title='bbox 295 1021 455 1088; x_wconf 89' lang='lat' dir='ltr'><strong>charitalis;</strong></span> <span class='ocrx_word' id='word_1_63' title='bbox 471 1022 676 1077; x_wconf 88' lang='lat' dir='ltr'><strong>etaccedarnus</strong></span> <span class='ocrx_word' id='word_1_64' title='bbox 689 1023 775 1079; x_wconf 90' lang='lat' dir='ltr'><strong>simul</strong></span> <span class='ocrx_word' id='word_1_65' title='bbox 790 1024 827 1079; x_wconf 91' lang='lat' dir='ltr'><strong>ad</strong></span> <span class='ocrx_word' id='word_1_66' title='bbox 841 1025 927 1081; x_wconf 85' lang='lat' dir='ltr'><strong>rerba</strong></span> <span class='ocrx_word' id='word_1_67' title='bbox 943 1025 990 1080; x_wconf 87' lang='lat' dir='ltr'><strong>hi-</strong></span> 
     </span>
     <span class='ocr_line' id='line_1_10' title="bbox 139 1109 990 1185; baseline 0.006 -21"><span class='ocrx_word' id='word_1_68' title='bbox 139 1109 184 1164; x_wconf 89' lang='lat' dir='ltr'><strong>bri</strong></span> <span class='ocrx_word' id='word_1_69' title='bbox 197 1109 251 1177; x_wconf 90' lang='lat' dir='ltr'><strong>tui,</strong></span> <span class='ocrx_word' id='word_1_70' title='bbox 265 1114 294 1165; x_wconf 88' lang='lat' dir='ltr'><strong>et</strong></span> <span class='ocrx_word' id='word_1_71' title='bbox 312 1126 475 1182; x_wconf 80' lang='lat' dir='ltr'><strong>quaeramus</strong></span> <span class='ocrx_word' id='word_1_72' title='bbox 490 1111 520 1165; x_wconf 91' lang='lat' dir='ltr'><strong>in</strong></span> <span class='ocrx_word' id='word_1_73' title='bbox 536 1110 576 1165; x_wconf 90' lang='lat' dir='ltr'><strong>eis</strong></span> <span class='ocrx_word' id='word_1_74' title='bbox 586 1111 764 1167; x_wconf 86' lang='lat' dir='ltr'><strong>voluntatem</strong></span> <span class='ocrx_word' id='word_1_75' title='bbox 780 1116 859 1168; x_wconf 90' lang='lat' dir='ltr'><strong>tuam</strong></span> <span class='ocrx_word' id='word_1_76' title='bbox 874 1129 926 1185; x_wconf 92' lang='lat' dir='ltr'><strong>per</strong></span> <span class='ocrx_word' id='word_1_77' title='bbox 937 1130 990 1169; x_wconf 88' lang='lat' dir='ltr'><strong>ro·</strong></span> 
     </span>
     <span class='ocr_line' id='line_1_11' title="bbox 139 1197 926 1271; baseline 0.008 -20"><span class='ocrx_word' id='word_1_78' title='bbox 139 1197 279 1253; x_wconf 88' lang='lat' dir='ltr'><strong>luntatem</strong></span> <span class='ocrx_word' id='word_1_79' title='bbox 292 1197 392 1254; x_wconf 88' lang='lat' dir='ltr'><strong>lamuli</strong></span> <span class='ocrx_word' id='word_1_80' title='bbox 406 1198 460 1265; x_wconf 90' lang='lat' dir='ltr'><strong>tui,</strong></span> <span class='ocrx_word' id='word_1_81' title='bbox 476 1199 557 1270; x_wconf 87' lang='lat' dir='ltr'><strong>cujus</strong></span> <span class='ocrx_word' id='word_1_82' title='bbox 573 1198 683 1254; x_wconf 88' lang='lat' dir='ltr'><strong>calamo</strong></span> <span class='ocrx_word' id='word_1_83' title='bbox 698 1199 868 1271; x_wconf 80' lang='lat' dir='ltr'><strong>dispensasti</strong></span> <span class='ocrx_word' id='word_1_84' title='bbox 883 1217 926 1257; x_wconf 90' lang='lat' dir='ltr'><strong>ea.</strong></span> 
     </span>
    </p>
   </div>
   <div class='ocr_carea' id='block_1_3' title="bbox 135 1305 991 3228">
    <p class='ocr_par' dir='ltr' id='par_1_3' title="bbox 140 1305 991 1550">
     <span class='ocr_line' id='line_1_12' title="bbox 453 1305 674 1363; baseline 0.009 -3"><span class='ocrx_word' id='word_1_85' title='bbox 453 1305 566 1360; x_wconf 77' lang='lat' dir='ltr'>CAPUT</span> <span class='ocrx_word' id='word_1_86' title='bbox 585 1305 674 1363; x_wconf 78' lang='lat' dir='ltr'><strong>llh&#39;lV.</strong></span> 
     </span>
     <span class='ocr_line' id='line_1_13' title="bbox 140 1390 991 1461; baseline 0.004 -14"><span class='ocrx_word' id='word_1_87' title='bbox 140 1392 183 1447; x_wconf 75' lang='lat' dir='ltr'><strong>En</strong></span> <span class='ocrx_word' id='word_1_88' title='bbox 197 1392 289 1447; x_wconf 85' lang='lat' dir='ltr'><strong>multis</strong></span> <span class='ocrx_word' id='word_1_89' title='bbox 303 1393 373 1447; x_wconf 81' lang='lat' dir='ltr'><strong>ueris</strong></span> <span class='ocrx_word' id='word_1_90' title='bbox 392 1407 445 1447; x_wconf 83' lang='lat' dir='ltr'><strong>uon</strong></span> <span class='ocrx_word' id='word_1_91' title='bbox 469 1390 546 1447; x_wconf 85' lang='lat' dir='ltr'><strong>debet</strong></span> <span class='ocrx_word' id='word_1_92' title='bbox 559 1391 674 1461; x_wconf 77' lang='lat' dir='ltr'><strong>fidenter</strong></span> <span class='ocrx_word' id='word_1_93' title='bbox 688 1396 775 1450; x_wconf 80' lang='lat' dir='ltr'><strong>essert</strong></span> <span class='ocrx_word' id='word_1_94' title='bbox 788 1395 835 1450; x_wconf 86' lang='lat' dir='ltr'><strong>boe</strong></span> <span class='ocrx_word' id='word_1_95' title='bbox 858 1399 907 1450; x_wconf 87' lang='lat' dir='ltr'><strong>out</strong></span> <span class='ocrx_word' id='word_1_96' title='bbox 920 1394 991 1451; x_wconf 79' lang='lat' dir='ltr'><strong>illud</strong></span> 
     </span>
     <span class='ocr_line' id='line_1_14' title="bbox 441 1482 687 1550; baseline 0.012 -17"><span class='ocrx_word' id='word_1_97' title='bbox 441 1482 555 1535; x_wconf 81' lang='lat' dir='ltr'><strong>sensisse</strong></span> <span class='ocrx_word' id='word_1_98' title='bbox 568 1485 687 1550; x_wconf 68' lang='lat' dir='ltr'><strong>Moysen.</strong></span> 
     </span>
    </p>

    <p class='ocr_par' dir='ltr' id='par_1_4' title="bbox 135 1565 990 3228">
     <span class='ocr_line' id='line_1_15' title="bbox 175 1565 990 1638; baseline 0.007 -17"><span class='ocrx_word' id='word_1_99' title='bbox 175 1569 218 1623; x_wconf 80' lang='lat'><strong>33.</strong></span> <span class='ocrx_word' id='word_1_100' title='bbox 226 1565 280 1621; x_wconf 89' lang='lat' dir='ltr'><strong>Sed</strong></span> <span class='ocrx_word' id='word_1_101' title='bbox 290 1565 535 1638; x_wconf 88' lang='lat' dir='ltr'><strong>quisnostrumsic</strong></span> <span class='ocrx_word' id='word_1_102' title='bbox 543 1567 654 1625; x_wconf 86' lang='lat' dir='ltr'><strong>invenit</strong></span> <span class='ocrx_word' id='word_1_103' title='bbox 664 1572 672 1607; x_wconf 89' lang='lat'><strong>¹</strong></span> <span class='ocrx_word' id='word_1_104' title='bbox 684 1586 747 1625; x_wconf 91' lang='lat' dir='ltr'><strong>eam</strong></span> <span class='ocrx_word' id='word_1_105' title='bbox 755 1570 893 1626; x_wconf 76' lang='lat' dir='ltr'><strong>intortam</strong></span> <span class='ocrx_word' id='word_1_106' title='bbox 899 1573 990 1627; x_wconf 92' lang='lat' dir='ltr'><strong>multa</strong></span> 
     </span>
     <span class='ocr_line' id='line_1_16' title="bbox 139 1655 990 1730; baseline 0.006 -20"><span class='ocrx_word' id='word_1_107' title='bbox 139 1671 205 1711; x_wconf 82' lang='lat' dir='ltr'><strong>vera</strong></span> <span class='ocrx_word' id='word_1_108' title='bbox 218 1659 240 1722; x_wconf 85' lang='lat'><strong>¹,</strong></span> <span class='ocrx_word' id='word_1_109' title='bbox 255 1671 319 1728; x_wconf 77' lang='lat' dir='ltr'><strong>quse</strong></span> <span class='ocrx_word' id='word_1_110' title='bbox 336 1655 364 1709; x_wconf 92' lang='lat' dir='ltr'><strong>in</strong></span> <span class='ocrx_word' id='word_1_111' title='bbox 377 1655 433 1710; x_wconf 92' lang='lat' dir='ltr'><strong>illis</strong></span> <span class='ocrx_word' id='word_1_112' title='bbox 445 1655 539 1711; x_wconf 84' lang='lat' dir='ltr'><strong>verbis</strong></span> <span class='ocrx_word' id='word_1_113' title='bbox 555 1656 637 1712; x_wconf 90' lang='lat' dir='ltr'><strong>aliter</strong></span> <span class='ocrx_word' id='word_1_114' title='bbox 646 1661 730 1730; x_wconf 90' lang='lat' dir='ltr'><strong>atque</strong></span> <span class='ocrx_word' id='word_1_115' title='bbox 746 1660 830 1714; x_wconf 89' lang='lat' dir='ltr'><strong>aliter</strong></span> <span class='ocrx_word' id='word_1_116' title='bbox 839 1660 990 1715; x_wconf 89' lang='lat' dir='ltr'><strong>intellectis</strong></span> 
     </span>
     <span class='ocr_line' id='line_1_17' title="bbox 139 1744 989 1816; baseline 0.006 -18"><span class='ocrx_word' id='word_1_117' title='bbox 139 1748 291 1799; x_wconf 88' lang='lat' dir='ltr'><strong>occurmnt</strong></span> <span class='ocrx_word' id='word_1_118' title='bbox 306 1744 516 1816; x_wconf 82' lang='lat' dir='ltr'><strong>quaereutibus3</strong></span> <span class='ocrx_word' id='word_1_119' title='bbox 529 1749 626 1800; x_wconf 89' lang='lat' dir='ltr'><strong>uttam</strong></span> <span class='ocrx_word' id='word_1_120' title='bbox 637 1746 759 1802; x_wconf 82' lang='lat' dir='ltr'><strong>fidenter</strong></span> <span class='ocrx_word' id='word_1_121' title='bbox 770 1747 844 1803; x_wconf 91' lang='lat' dir='ltr'><strong>dicat</strong></span> <span class='ocrx_word' id='word_1_122' title='bbox 859 1748 913 1803; x_wconf 92' lang='lat' dir='ltr'><strong>hoc</strong></span> <span class='ocrx_word' id='word_1_123' title='bbox 924 1765 989 1803; x_wconf 90' lang='lat' dir='ltr'><strong>sen·</strong></span> 
     </span>
     <span class='ocr_line' id='line_1_18' title="bbox 138 1833 989 1904; baseline 0.007 -19"><span class='ocrx_word' id='word_1_124' title='bbox 138 1833 206 1887; x_wconf 85' lang='lat' dir='ltr'><strong>sisse</strong></span> <span class='ocrx_word' id='word_1_125' title='bbox 223 1833 347 1903; x_wconf 78' lang='lat' dir='ltr'><strong>bloyseu,</strong></span> <span class='ocrx_word' id='word_1_126' title='bbox 364 1836 448 1904; x_wconf 90' lang='lat' dir='ltr'><strong>atque</strong></span> <span class='ocrx_word' id='word_1_127' title='bbox 463 1833 518 1887; x_wconf 91' lang='lat' dir='ltr'><strong>hoc</strong></span> <span class='ocrx_word' id='word_1_128' title='bbox 529 1833 559 1887; x_wconf 93' lang='lat' dir='ltr'><strong>in</strong></span> <span class='ocrx_word' id='word_1_129' title='bbox 574 1834 797 1891; x_wconf 87' lang='lat' dir='ltr'><strong>illauarratioue</strong></span> <span class='ocrx_word' id='word_1_130' title='bbox 807 1836 929 1891; x_wconf 88' lang='lat' dir='ltr'><strong>voluisse</strong></span> <span class='ocrx_word' id='word_1_131' title='bbox 944 1836 989 1891; x_wconf 91' lang='lat' dir='ltr'><strong>in·</strong></span> 
     </span>
     <span class='ocr_line' id='line_1_19' title="bbox 138 1920 989 1992; baseline 0.007 -17"><span class='ocrx_word' id='word_1_132' title='bbox 138 1920 239 1992; x_wconf 86' lang='lat' dir='ltr'><strong>telligi,</strong></span> <span class='ocrx_word' id='word_1_133' title='bbox 258 1936 346 1992; x_wconf 91' lang='lat' dir='ltr'><strong>quam</strong></span> <span class='ocrx_word' id='word_1_134' title='bbox 361 1920 482 1975; x_wconf 89' lang='lat' dir='ltr'><strong>tidenter</strong></span> <span class='ocrx_word' id='word_1_135' title='bbox 503 1920 572 1976; x_wconf 92' lang='lat' dir='ltr'><strong>dicit</strong></span> <span class='ocrx_word' id='word_1_136' title='bbox 585 1921 640 1977; x_wconf 94' lang='lat' dir='ltr'><strong>hoc</strong></span> <span class='ocrx_word' id='word_1_137' title='bbox 658 1939 756 1979; x_wconf 81' lang='lat' dir='ltr'><strong>rerum</strong></span> <span class='ocrx_word' id='word_1_138' title='bbox 775 1940 846 1991; x_wconf 90' lang='lat' dir='ltr'><strong>esse,</strong></span> <span class='ocrx_word' id='word_1_139' title='bbox 869 1925 927 1980; x_wconf 84' lang='lat' dir='ltr'><strong>sive</strong></span> <span class='ocrx_word' id='word_1_140' title='bbox 941 1924 989 1981; x_wconf 92' lang='lat' dir='ltr'><strong>ille</strong></span> 
     </span>
     <span class='ocr_line' id='line_1_20' title="bbox 138 2009 988 2086; baseline 0.006 -22"><span class='ocrx_word' id='word_1_141' title='bbox 138 2009 191 2064; x_wconf 93' lang='lat' dir='ltr'><strong>hoc</strong></span> <span class='ocrx_word' id='word_1_142' title='bbox 206 2010 327 2066; x_wconf 89' lang='lat' dir='ltr'><strong>senserit</strong></span> <span class='ocrx_word' id='word_1_143' title='bbox 345 2011 403 2066; x_wconf 85' lang='lat' dir='ltr'><strong>sire</strong></span> <span class='ocrx_word' id='word_1_144' title='bbox 423 2010 524 2066; x_wconf 80' lang='lat' dir='ltr'><strong>aliud?</strong></span> <span class='ocrx_word' id='word_1_145' title='bbox 545 2012 616 2066; x_wconf 87' lang='lat' dir='ltr'><strong>Eece</strong></span> <span class='ocrx_word' id='word_1_146' title='bbox 631 2012 721 2082; x_wconf 90' lang='lat' dir='ltr'><strong>enim,</strong></span> <span class='ocrx_word' id='word_1_147' title='bbox 738 2014 812 2069; x_wconf 84' lang='lat' dir='ltr'><strong>Deus</strong></span> <span class='ocrx_word' id='word_1_148' title='bbox 827 2030 918 2083; x_wconf 89' lang='lat' dir='ltr'><strong>meus,</strong></span> <span class='ocrx_word' id='word_1_149' title='bbox 935 2030 988 2086; x_wconf 89' lang='lat' dir='ltr'><strong>ego</strong></span> 
     </span>
     <span class='ocr_line' id='line_1_21' title="bbox 138 2098 989 2170; baseline 0.008 -19"><span class='ocrx_word' id='word_1_150' title='bbox 138 2114 235 2153; x_wconf 85' lang='lat' dir='ltr'><strong>servus</strong></span> <span class='ocrx_word' id='word_1_151' title='bbox 244 2103 311 2154; x_wconf 90' lang='lat' dir='ltr'><strong>tuus</strong></span> <span class='ocrx_word' id='word_1_152' title='bbox 321 2098 371 2170; x_wconf 95' lang='lat' dir='ltr'><strong>qui</strong></span> <span class='ocrx_word' id='word_1_153' title='bbox 383 2100 447 2154; x_wconf 83' lang='lat' dir='ltr'><strong>rori</strong></span> <span class='ocrx_word' id='word_1_154' title='bbox 459 2098 512 2154; x_wconf 91' lang='lat' dir='ltr'><strong>tibi</strong></span> <span class='ocrx_word' id='word_1_155' title='bbox 523 2100 692 2155; x_wconf 85' lang='lat' dir='ltr'><strong>sacrificium</strong></span> <span class='ocrx_word' id='word_1_156' title='bbox 708 2102 894 2158; x_wconf 83' lang='lat' dir='ltr'><strong>confessionis</strong></span> <span class='ocrx_word' id='word_1_157' title='bbox 904 2102 933 2158; x_wconf 91' lang='lat' dir='ltr'><strong>in</strong></span> <span class='ocrx_word' id='word_1_158' title='bbox 944 2103 989 2158; x_wconf 92' lang='lat' dir='ltr'><strong>his</strong></span> 
     </span>
     <span class='ocr_line' id='line_1_22' title="bbox 137 2186 989 2256; baseline 0.007 -15"><span class='ocrx_word' id='word_1_159' title='bbox 137 2186 251 2256; x_wconf 89' lang='lat' dir='ltr'><strong>litteris,</strong></span> <span class='ocrx_word' id='word_1_160' title='bbox 260 2192 288 2241; x_wconf 91' lang='lat' dir='ltr'><strong>et</strong></span> <span class='ocrx_word' id='word_1_161' title='bbox 298 2203 348 2242; x_wconf 91' lang='lat' dir='ltr'><strong>oro</strong></span> <span class='ocrx_word' id='word_1_162' title='bbox 363 2190 394 2241; x_wconf 91' lang='lat' dir='ltr'><strong>ut</strong></span> <span class='ocrx_word' id='word_1_163' title='bbox 407 2203 441 2242; x_wconf 90' lang='lat' dir='ltr'><strong>ex</strong></span> <span class='ocrx_word' id='word_1_164' title='bbox 452 2187 650 2244; x_wconf 82' lang='lat' dir='ltr'><strong>misericordia</strong></span> <span class='ocrx_word' id='word_1_165' title='bbox 663 2194 714 2244; x_wconf 89' lang='lat' dir='ltr'><strong>tua</strong></span> <span class='ocrx_word' id='word_1_166' title='bbox 727 2189 844 2245; x_wconf 86' lang='lat' dir='ltr'><strong>reddam</strong></span> <span class='ocrx_word' id='word_1_167' title='bbox 858 2190 910 2246; x_wconf 87' lang='lat' dir='ltr'><strong>libi</strong></span> <span class='ocrx_word' id='word_1_168' title='bbox 924 2195 989 2247; x_wconf 90' lang='lat' dir='ltr'><strong>vota</strong></span> 
     </span>
     <span class='ocr_line' id='line_1_23' title="bbox 138 2275 987 2348; baseline 0.008 -21"><span class='ocrx_word' id='word_1_169' title='bbox 138 2290 202 2328; x_wconf 88' lang='lat' dir='ltr'><strong>mea</strong></span> <span class='ocrx_word' id='word_1_170' title='bbox 213 2292 220 2341; x_wconf 91' lang='lat'>;</span> <span class='ocrx_word' id='word_1_171' title='bbox 233 2290 296 2329; x_wconf 91' lang='lat' dir='ltr'><strong>ecce</strong></span> <span class='ocrx_word' id='word_1_172' title='bbox 310 2290 363 2346; x_wconf 91' lang='lat' dir='ltr'><strong>ego</strong></span> <span class='ocrx_word' id='word_1_173' title='bbox 377 2291 529 2348; x_wconf 89' lang='lat' dir='ltr'><strong>quoquam</strong></span> <span class='ocrx_word' id='word_1_174' title='bbox 542 2275 666 2332; x_wconf 84' lang='lat' dir='ltr'><strong>fidenter</strong></span> <span class='ocrx_word' id='word_1_175' title='bbox 676 2277 775 2332; x_wconf 89' lang='lat' dir='ltr'><strong>dicuin</strong></span> <span class='ocrx_word' id='word_1_176' title='bbox 783 2283 832 2334; x_wconf 91' lang='lat' dir='ltr'><strong>tuo</strong></span> <span class='ocrx_word' id='word_1_177' title='bbox 843 2279 934 2335; x_wconf 89' lang='lat' dir='ltr'><strong>Verbo</strong></span> <span class='ocrx_word' id='word_1_178' title='bbox 948 2280 987 2334; x_wconf 91' lang='lat' dir='ltr'><strong>in·</strong></span> 
     </span>
     <span class='ocr_line' id='line_1_24' title="bbox 138 2361 988 2438; baseline 0.007 -21"><span class='ocrx_word' id='word_1_179' title='bbox 138 2361 333 2418; x_wconf 84' lang='lat' dir='ltr'><strong>commutabili</strong></span> <span class='ocrx_word' id='word_1_180' title='bbox 354 2362 451 2417; x_wconf 88' lang='lat' dir='ltr'><strong>omnia</strong></span> <span class='ocrx_word' id='word_1_181' title='bbox 465 2367 493 2417; x_wconf 89' lang='lat' dir='ltr'><strong>te</strong></span> <span class='ocrx_word' id='word_1_182' title='bbox 509 2363 619 2429; x_wconf 80' lang='lat' dir='ltr'><strong>fecisse,</strong></span> <span class='ocrx_word' id='word_1_183' title='bbox 640 2364 795 2421; x_wconf 83' lang='lat' dir='ltr'><strong>invisibilia</strong></span> <span class='ocrx_word' id='word_1_184' title='bbox 809 2372 838 2422; x_wconf 91' lang='lat' dir='ltr'><strong>et</strong></span> <span class='ocrx_word' id='word_1_185' title='bbox 852 2367 988 2438; x_wconf 87' lang='lat' dir='ltr'><strong>visibilia,</strong></span> 
     </span>
     <span class='ocr_line' id='line_1_25' title="bbox 137 2449 987 2524; baseline 0.008 -20"><span class='ocrx_word' id='word_1_186' title='bbox 137 2451 279 2523; x_wconf 90' lang='lat' dir='ltr'><strong>numquid</strong></span> <span class='ocrx_word' id='word_1_187' title='bbox 291 2455 350 2505; x_wconf 88' lang='lat' dir='ltr'><strong>lam</strong></span> <span class='ocrx_word' id='word_1_188' title='bbox 359 2449 482 2506; x_wconf 82' lang='lat' dir='ltr'><strong>fidenter</strong></span> <span class='ocrx_word' id='word_1_189' title='bbox 497 2451 560 2506; x_wconf 93' lang='lat' dir='ltr'><strong>dico</strong></span> <span class='ocrx_word' id='word_1_190' title='bbox 572 2468 627 2506; x_wconf 91' lang='lat' dir='ltr'><strong>non</strong></span> <span class='ocrx_word' id='word_1_191' title='bbox 639 2452 716 2507; x_wconf 91' lang='lat' dir='ltr'><strong>aliud</strong></span> <span class='ocrx_word' id='word_1_192' title='bbox 728 2470 813 2524; x_wconf 91' lang='lat' dir='ltr'><strong>quam</strong></span> <span class='ocrx_word' id='word_1_193' title='bbox 829 2456 883 2510; x_wconf 89' lang='lat' dir='ltr'><strong>hoc</strong></span> <span class='ocrx_word' id='word_1_194' title='bbox 897 2460 987 2511; x_wconf 89' lang='lat' dir='ltr'><strong>atten-</strong></span> 
     </span>
     <span class='ocr_line' id='line_1_26' title="bbox 137 2539 987 2613; baseline 0.008 -20"><span class='ocrx_word' id='word_1_195' title='bbox 137 2539 212 2594; x_wconf 84' lang='lat' dir='ltr'><strong>disse</strong></span> <span class='ocrx_word' id='word_1_196' title='bbox 241 2539 352 2611; x_wconf 83' lang='lat' dir='ltr'><strong>hloyseu</strong></span> <span class='ocrx_word' id='word_1_197' title='bbox 376 2555 442 2594; x_wconf 90' lang='lat' dir='ltr'><strong>cum</strong></span> <span class='ocrx_word' id='word_1_198' title='bbox 462 2539 616 2596; x_wconf 84' lang='lat' dir='ltr'><strong>scriberet:</strong></span> <span class='ocrx_word' id='word_1_199' title='bbox 633 2543 664 2596; x_wconf 87' lang='lat' dir='ltr'><strong>ln</strong></span> <span class='ocrx_word' id='word_1_200' title='bbox 682 2544 819 2613; x_wconf 69' lang='lat' dir='ltr'><strong>principio</strong></span> <span class='ocrx_word' id='word_1_201' title='bbox 832 2545 898 2611; x_wconf 72' lang='lat' dir='ltr'><strong>feeit</strong></span> <span class='ocrx_word' id='word_1_202' title='bbox 916 2548 987 2601; x_wconf 79' lang='lat' dir='ltr'><strong>Deles</strong></span> 
     </span>
     <span class='ocr_line' id='line_1_27' title="bbox 137 2626 987 2694; baseline 0.006 -12"><span class='ocrx_word' id='word_1_203' title='bbox 137 2628 231 2683; x_wconf 85' lang='lat' dir='ltr'><strong>eoelum</strong></span> <span class='ocrx_word' id='word_1_204' title='bbox 244 2632 269 2682; x_wconf 92' lang='lat' dir='ltr'><strong>et</strong></span> <span class='ocrx_word' id='word_1_205' title='bbox 284 2632 384 2683; x_wconf 72' lang='lat' dir='ltr'><strong>terram</strong></span> <span class='ocrx_word' id='word_1_206' title='bbox 398 2626 413 2681; x_wconf 80' lang='lat' dir='ltr'><strong>l</strong></span> <span class='ocrx_word' id='word_1_207' title='bbox 427 2627 500 2694; x_wconf 89' lang='lat' dir='ltr'><strong>Quia</strong></span> <span class='ocrx_word' id='word_1_208' title='bbox 516 2645 574 2683; x_wconf 92' lang='lat' dir='ltr'><strong>non</strong></span> <span class='ocrx_word' id='word_1_209' title='bbox 589 2628 661 2683; x_wconf 91' lang='lat' dir='ltr'><strong>sicot</strong></span> <span class='ocrx_word' id='word_1_210' title='bbox 685 2629 779 2686; x_wconf 88' lang='lat' dir='ltr'><strong>intua</strong></span> <span class='ocrx_word' id='word_1_211' title='bbox 799 2632 918 2688; x_wconf 81' lang='lat' dir='ltr'><strong>veritate</strong></span> <span class='ocrx_word' id='word_1_212' title='bbox 933 2633 987 2688; x_wconf 87' lang='lat' dir='ltr'><strong>hoc</strong></span> 
     </span>
     <span class='ocr_line' id='line_1_28' title="bbox 136 2716 986 2792; baseline 0.007 -21"><span class='ocrx_word' id='word_1_213' title='bbox 136 2721 246 2771; x_wconf 89' lang='lat' dir='ltr'><strong>certum</strong></span> <span class='ocrx_word' id='word_1_214' title='bbox 258 2716 348 2783; x_wconf 87' lang='lat' dir='ltr'><strong>rideo,</strong></span> <span class='ocrx_word' id='word_1_215' title='bbox 363 2716 402 2771; x_wconf 90' lang='lat' dir='ltr'><strong>ita</strong></span> <span class='ocrx_word' id='word_1_216' title='bbox 416 2717 447 2772; x_wconf 94' lang='lat' dir='ltr'><strong>in</strong></span> <span class='ocrx_word' id='word_1_217' title='bbox 459 2717 521 2788; x_wconf 80' lang='lat' dir='ltr'><strong>ejus</strong></span> <span class='ocrx_word' id='word_1_218' title='bbox 530 2722 625 2772; x_wconf 91' lang='lat' dir='ltr'><strong>mente</strong></span> <span class='ocrx_word' id='word_1_219' title='bbox 635 2717 717 2774; x_wconf 85' lang='lat' dir='ltr'><strong>rideo</strong></span> <span class='ocrx_word' id='word_1_220' title='bbox 731 2718 760 2774; x_wconf 93' lang='lat' dir='ltr'><strong>id</strong></span> <span class='ocrx_word' id='word_1_221' title='bbox 773 2735 839 2775; x_wconf 89' lang='lat' dir='ltr'><strong>eum</strong></span> <span class='ocrx_word' id='word_1_222' title='bbox 850 2721 986 2792; x_wconf 80' lang='lat' dir='ltr'><strong>cogitasse</strong></span> 
     </span>
     <span class='ocr_line' id='line_1_29' title="bbox 135 2802 986 2880; baseline 0.008 -23"><span class='ocrx_word' id='word_1_223' title='bbox 135 2819 202 2858; x_wconf 94' lang='lat' dir='ltr'><strong>cum</strong></span> <span class='ocrx_word' id='word_1_224' title='bbox 224 2803 285 2858; x_wconf 85' lang='lat' dir='ltr'><strong>haec</strong></span> <span class='ocrx_word' id='word_1_225' title='bbox 309 2802 454 2858; x_wconf 87' lang='lat' dir='ltr'><strong>scriberet.</strong></span> <span class='ocrx_word' id='word_1_226' title='bbox 476 2804 571 2859; x_wconf 82' lang='lat' dir='ltr'><strong>l‘otuit</strong></span> <span class='ocrx_word' id='word_1_227' title='bbox 587 2803 664 2859; x_wconf 91' lang='lat' dir='ltr'><strong>enim</strong></span> <span class='ocrx_word' id='word_1_228' title='bbox 688 2805 811 2876; x_wconf 89' lang='lat' dir='ltr'><strong>cogitare</strong></span> <span class='ocrx_word' id='word_1_229' title='bbox 824 2807 853 2862; x_wconf 94' lang='lat' dir='ltr'><strong>in</strong></span> <span class='ocrx_word' id='word_1_230' title='bbox 869 2807 931 2880; x_wconf 88' lang='lat' dir='ltr'><strong>ipso</strong></span> <span class='ocrx_word' id='word_1_231' title='bbox 944 2808 986 2864; x_wconf 85' lang='lat' dir='ltr'><strong>ta-</strong></span> 
     </span>
     <span class='ocr_line' id='line_1_30' title="bbox 135 2890 987 2966; baseline 0.007 -21"><span class='ocrx_word' id='word_1_232' title='bbox 135 2891 228 2946; x_wconf 89' lang='lat' dir='ltr'><strong>ciendi</strong></span> <span class='ocrx_word' id='word_1_233' title='bbox 242 2892 369 2959; x_wconf 86' lang='lat' dir='ltr'><strong>exordio,</strong></span> <span class='ocrx_word' id='word_1_234' title='bbox 394 2908 459 2947; x_wconf 93' lang='lat' dir='ltr'><strong>com</strong></span> <span class='ocrx_word' id='word_1_235' title='bbox 482 2890 600 2960; x_wconf 89' lang='lat' dir='ltr'><strong>diceret,</strong></span> <span class='ocrx_word' id='word_1_236' title='bbox 618 2894 649 2948; x_wconf 88' lang='lat' dir='ltr'><strong>ln</strong></span> <span class='ocrx_word' id='word_1_237' title='bbox 668 2895 823 2965; x_wconf 80' lang='lat' dir='ltr'><strong>principio:</strong></span> <span class='ocrx_word' id='word_1_238' title='bbox 846 2898 942 2966; x_wconf 91' lang='lat' dir='ltr'><strong>potuit</strong></span> <span class='ocrx_word' id='word_1_239' title='bbox 958 2901 987 2952; x_wconf 89' lang='lat' dir='ltr'><strong>et</strong></span> 
     </span>
     <span class='ocr_line' id='line_1_31' title="bbox 135 2979 986 3057; baseline 0.009 -25"><span class='ocrx_word' id='word_1_240' title='bbox 135 2979 238 3033; x_wconf 87' lang='lat' dir='ltr'><strong>coelum</strong></span> <span class='ocrx_word' id='word_1_241' title='bbox 253 2984 399 3035; x_wconf 87' lang='lat' dir='ltr'><strong>etterram</strong></span> <span class='ocrx_word' id='word_1_242' title='bbox 411 2980 549 3048; x_wconf 89' lang='lat' dir='ltr'><strong>hocloco,</strong></span> <span class='ocrx_word' id='word_1_243' title='bbox 561 2982 670 3037; x_wconf 91' lang='lat' dir='ltr'><strong>nullam</strong></span> <span class='ocrx_word' id='word_1_244' title='bbox 681 2983 741 3054; x_wconf 89' lang='lat' dir='ltr'><strong>jam</strong></span> <span class='ocrx_word' id='word_1_245' title='bbox 755 2984 908 3039; x_wconf 90' lang='lat' dir='ltr'><strong>lormatam</strong></span> <span class='ocrx_word' id='word_1_246' title='bbox 919 3001 986 3057; x_wconf 92' lang='lat' dir='ltr'><strong>per-</strong></span> 
     </span>
     <span class='ocr_line' id='line_1_32' title="bbox 135 3066 985 3145; baseline 0.009 -24"><span class='ocrx_word' id='word_1_247' title='bbox 135 3066 295 3139; x_wconf 78' lang='lat' dir='ltr'><strong>fectamque</strong></span> <span class='ocrx_word' id='word_1_248' title='bbox 318 3072 451 3123; x_wconf 89' lang='lat' dir='ltr'><strong>naturam</strong></span> <span class='ocrx_word' id='word_1_249' title='bbox 477 3068 537 3124; x_wconf 87' lang='lat' dir='ltr'><strong>sive</strong></span> <span class='ocrx_word' id='word_1_250' title='bbox 562 3070 739 3141; x_wconf 88' lang='lat' dir='ltr'><strong>spiritualem</strong></span> <span class='ocrx_word' id='word_1_251' title='bbox 764 3071 822 3127; x_wconf 86' lang='lat' dir='ltr'><strong>sive</strong></span> <span class='ocrx_word' id='word_1_252' title='bbox 849 3089 985 3145; x_wconf 91' lang='lat' dir='ltr'><strong>corpora·</strong></span> 
     </span>
     <span class='ocr_line' id='line_1_33' title="bbox 136 3154 984 3228; baseline 0.012 -21"><span class='ocrx_word' id='word_1_253' title='bbox 136 3154 203 3220; x_wconf 90' lang='lat' dir='ltr'><strong>lem,</strong></span> <span class='ocrx_word' id='word_1_254' title='bbox 214 3154 263 3209; x_wconf 91' lang='lat' dir='ltr'><strong>sed</strong></span> <span class='ocrx_word' id='word_1_255' title='bbox 274 3159 427 3228; x_wconf 87' lang='lat' dir='ltr'><strong>utramque</strong></span> <span class='ocrx_word' id='word_1_256' title='bbox 436 3154 601 3212; x_wconf 87' lang='lat' dir='ltr'><strong>inchoatam</strong></span> <span class='ocrx_word' id='word_1_257' title='bbox 616 3163 643 3213; x_wconf 90' lang='lat' dir='ltr'><strong>et</strong></span> <span class='ocrx_word' id='word_1_258' title='bbox 653 3159 905 3216; x_wconf 86' lang='lat' dir='ltr'><strong>adhucinlormem</strong></span> <span class='ocrx_word' id='word_1_259' title='bbox 914 3164 984 3217; x_wconf 86' lang='lat' dir='ltr'><strong>velle</strong></span> 
     </span>
    </p>
   </div>
   <div class='ocr_carea' id='block_1_4' title="bbox 131 3240 986 3832">
    <p class='ocr_par' dir='ltr' id='par_1_5' title="bbox 131 3240 986 3832">
     <span class='ocr_line' id='line_1_34' title="bbox 135 3240 986 3323; baseline 0.014 -28"><span class='ocrx_word' id='word_1_260' title='bbox 135 3240 268 3314; x_wconf 80' lang='lat' dir='ltr'><strong>intelligi.</strong></span> <span class='ocrx_word' id='word_1_261' title='bbox 285 3242 372 3299; x_wconf 86' lang='lat' dir='ltr'><strong>Video</strong></span> <span class='ocrx_word' id='word_1_262' title='bbox 392 3244 500 3316; x_wconf 91' lang='lat' dir='ltr'><strong>quippe</strong></span> <span class='ocrx_word' id='word_1_263' title='bbox 524 3261 589 3300; x_wconf 85' lang='lat' dir='ltr'><strong>rere</strong></span> <span class='ocrx_word' id='word_1_264' title='bbox 606 3245 735 3317; x_wconf 90' lang='lat' dir='ltr'><strong>potuisse</strong></span> <span class='ocrx_word' id='word_1_265' title='bbox 760 3248 823 3315; x_wconf 91' lang='lat' dir='ltr'><strong>dici,</strong></span> <span class='ocrx_word' id='word_1_266' title='bbox 847 3251 986 3323; x_wconf 89' lang='lat' dir='ltr'><strong>quidquid</strong></span> 
     </span>
     <span class='ocr_line' id='line_1_35' title="bbox 134 3329 985 3404; baseline 0.012 -20"><span class='ocrx_word' id='word_1_267' title='bbox 134 3329 239 3385; x_wconf 90' lang='lat' dir='ltr'><strong>horum</strong></span> <span class='ocrx_word' id='word_1_268' title='bbox 255 3330 416 3399; x_wconf 89' lang='lat' dir='ltr'><strong>diceretur;</strong></span> <span class='ocrx_word' id='word_1_269' title='bbox 443 3333 490 3387; x_wconf 90' lang='lat' dir='ltr'><strong>sed</strong></span> <span class='ocrx_word' id='word_1_270' title='bbox 515 3333 586 3404; x_wconf 90' lang='lat' dir='ltr'><strong>quid</strong></span> <span class='ocrx_word' id='word_1_271' title='bbox 600 3333 704 3390; x_wconf 89' lang='lat' dir='ltr'><strong>horum</strong></span> <span class='ocrx_word' id='word_1_272' title='bbox 720 3335 749 3389; x_wconf 93' lang='lat' dir='ltr'><strong>in</strong></span> <span class='ocrx_word' id='word_1_273' title='bbox 765 3336 809 3390; x_wconf 92' lang='lat' dir='ltr'><strong>his</strong></span> <span class='ocrx_word' id='word_1_274' title='bbox 829 3338 923 3393; x_wconf 88' lang='lat' dir='ltr'><strong>verbis</strong></span> <span class='ocrx_word' id='word_1_275' title='bbox 937 3339 985 3395; x_wconf 94' lang='lat' dir='ltr'><strong>ille</strong></span> 
     </span>
     <span class='ocr_line' id='line_1_36' title="bbox 134 3418 985 3498; baseline 0.009 -24"><span class='ocrx_word' id='word_1_276' title='bbox 134 3418 310 3491; x_wconf 85' lang='lat' dir='ltr'><strong>cogitaverit,</strong></span> <span class='ocrx_word' id='word_1_277' title='bbox 326 3421 440 3476; x_wconf 91' lang='lat' dir='ltr'><strong>nonita</strong></span> <span class='ocrx_word' id='word_1_278' title='bbox 459 3421 559 3477; x_wconf 86' lang='lat' dir='ltr'><strong>video:</strong></span> <span class='ocrx_word' id='word_1_279' title='bbox 576 3423 706 3494; x_wconf 87' lang='lat' dir='ltr'><strong>quamvis</strong></span> <span class='ocrx_word' id='word_1_280' title='bbox 722 3423 780 3480; x_wconf 80' lang='lat' dir='ltr'><strong>sire</strong></span> <span class='ocrx_word' id='word_1_281' title='bbox 804 3425 911 3498; x_wconf 91' lang='lat' dir='ltr'><strong>aliquid</strong></span> <span class='ocrx_word' id='word_1_282' title='bbox 933 3428 985 3482; x_wconf 96' lang='lat' dir='ltr'><strong>ho-</strong></span> 
     </span>
     <span class='ocr_line' id='line_1_37' title="bbox 133 3509 986 3583; baseline 0.011 -20"><span class='ocrx_word' id='word_1_283' title='bbox 133 3524 209 3577; x_wconf 91' lang='lat' dir='ltr'><strong>rum,</strong></span> <span class='ocrx_word' id='word_1_284' title='bbox 220 3509 278 3564; x_wconf 87' lang='lat' dir='ltr'><strong>sive</strong></span> <span class='ocrx_word' id='word_1_285' title='bbox 288 3509 395 3583; x_wconf 87' lang='lat' dir='ltr'><strong>aliquid</strong></span> <span class='ocrx_word' id='word_1_286' title='bbox 406 3509 483 3566; x_wconf 92' lang='lat' dir='ltr'><strong>aliud</strong></span> <span class='ocrx_word' id='word_1_287' title='bbox 495 3512 649 3583; x_wconf 89' lang='lat' dir='ltr'><strong>quodsme</strong></span> <span class='ocrx_word' id='word_1_288' title='bbox 657 3520 916 3572; x_wconf 88' lang='lat' dir='ltr'><strong>commemoratum</strong></span> <span class='ocrx_word' id='word_1_289' title='bbox 926 3534 986 3572; x_wconf 92' lang='lat' dir='ltr'><strong>uon</strong></span> 
     </span>
     <span class='ocr_line' id='line_1_38' title="bbox 132 3598 985 3673; baseline 0.011 -21"><span class='ocrx_word' id='word_1_290' title='bbox 132 3602 186 3661; x_wconf 89' lang='lat' dir='ltr'><strong>est,</strong></span> <span class='ocrx_word' id='word_1_291' title='bbox 203 3601 300 3654; x_wconf 72' lang='lat' dir='ltr'><strong>tantors</strong></span> <span class='ocrx_word' id='word_1_292' title='bbox 314 3599 358 3654; x_wconf 89' lang='lat' dir='ltr'><strong>rir</strong></span> <span class='ocrx_word' id='word_1_293' title='bbox 371 3598 419 3654; x_wconf 90' lang='lat' dir='ltr'><strong>ille</strong></span> <span class='ocrx_word' id='word_1_294' title='bbox 434 3606 530 3657; x_wconf 89' lang='lat' dir='ltr'><strong>mente</strong></span> <span class='ocrx_word' id='word_1_295' title='bbox 542 3602 734 3673; x_wconf 84' lang='lat' dir='ltr'><strong>conspexerit,</strong></span> <span class='ocrx_word' id='word_1_296' title='bbox 750 3619 817 3658; x_wconf 88' lang='lat' dir='ltr'><strong>cum</strong></span> <span class='ocrx_word' id='word_1_297' title='bbox 827 3604 985 3661; x_wconf 84' lang='lat' dir='ltr'><strong>haecverba</strong></span> 
     </span>
     <span class='ocr_line' id='line_1_39' title="bbox 131 3689 984 3763; baseline 0.009 -22"><span class='ocrx_word' id='word_1_298' title='bbox 131 3692 286 3757; x_wconf 89' lang='lat' dir='ltr'><strong>promeret,</strong></span> <span class='ocrx_word' id='word_1_299' title='bbox 302 3704 402 3744; x_wconf 88' lang='lat' dir='ltr'><strong>verum</strong></span> <span class='ocrx_word' id='word_1_300' title='bbox 416 3705 483 3745; x_wconf 88' lang='lat' dir='ltr'><strong>euru</strong></span> <span class='ocrx_word' id='word_1_301' title='bbox 498 3689 602 3746; x_wconf 80' lang='lat' dir='ltr'><strong>vidisse</strong></span> <span class='ocrx_word' id='word_1_302' title='bbox 624 3695 748 3763; x_wconf 88' lang='lat' dir='ltr'><strong>apteque</strong></span> <span class='ocrx_word' id='word_1_303' title='bbox 769 3691 798 3747; x_wconf 94' lang='lat' dir='ltr'><strong>id</strong></span> <span class='ocrx_word' id='word_1_304' title='bbox 822 3693 984 3749; x_wconf 86' lang='lat' dir='ltr'><strong>enuntiasse</strong></span> 
     </span>
     <span class='ocr_line' id='line_1_40' title="bbox 132 3776 348 3832; baseline 0.009 -3"><span class='ocrx_word' id='word_1_305' title='bbox 132 3791 191 3830; x_wconf 93' lang='lat' dir='ltr'><strong>non</strong></span> <span class='ocrx_word' id='word_1_306' title='bbox 206 3776 348 3832; x_wconf 88' lang='lat' dir='ltr'><strong>dubitem.</strong></span> 
     </span>
    </p>
   </div>
   <div class='ocr_carea' id='block_1_5' title="bbox 128 3883 984 5373">
    <p class='ocr_par' dir='ltr' id='par_1_6' title="bbox 131 3883 984 4129">
     <span class='ocr_line' id='line_1_41' title="bbox 453 3883 722 3940; baseline 0 -2"><span class='ocrx_word' id='word_1_307' title='bbox 453 3883 565 3938; x_wconf 77' lang='lat' dir='ltr'><strong>CAPUT</strong></span> <span class='ocrx_word' id='word_1_308' title='bbox 586 3885 662 3940; x_wconf 84' lang='lat' dir='ltr'><strong>llXV.</strong></span> <span class='ocrx_word' id='word_1_309' title='bbox 718 3920 722 3929; x_wconf 83' lang='lat'>-</span> 
     </span>
     <span class='ocr_line' id='line_1_42' title="bbox 131 3968 984 4042; baseline 0.008 -17"><span class='ocrx_word' id='word_1_310' title='bbox 131 3968 270 4026; x_wconf 68' lang='lat' dir='ltr'><strong>Adoneus</strong></span> <span class='ocrx_word' id='word_1_311' title='bbox 282 3984 324 4024; x_wconf 91' lang='lat' dir='ltr'><strong>eos</strong></span> <span class='ocrx_word' id='word_1_312' title='bbox 339 3970 513 4039; x_wconf 78' lang='lat' dir='ltr'><strong>quintiorum</strong></span> <span class='ocrx_word' id='word_1_313' title='bbox 529 3970 731 4042; x_wconf 80' lang='lat' dir='ltr'><strong>interpretandi</strong></span> <span class='ocrx_word' id='word_1_314' title='bbox 742 3975 874 4030; x_wconf 82' lang='lat' dir='ltr'><strong>rationem</strong></span> <span class='ocrx_word' id='word_1_315' title='bbox 889 3980 984 4032; x_wconf 84' lang='lat' dir='ltr'><strong>temere</strong></span> 
     </span>
     <span class='ocr_line' id='line_1_43' title="bbox 492 4060 628 4129; baseline 0.007 -16"><span class='ocrx_word' id='word_1_316' title='bbox 492 4060 628 4129; x_wconf 81' lang='lat' dir='ltr'><strong>rejiciunt.</strong></span> 
     </span>
    </p>

    <p class='ocr_par' dir='ltr' id='par_1_7' title="bbox 128 4144 984 5373">
     <span class='ocr_line' id='line_1_44' title="bbox 166 4144 981 4219; baseline 0.006 -16"><span class='ocrx_word' id='word_1_317' title='bbox 166 4150 210 4205; x_wconf 75' lang='lat'><strong>34.</strong></span> <span class='ocrx_word' id='word_1_318' title='bbox 227 4148 314 4202; x_wconf 91' lang='lat' dir='ltr'><strong>Nemo</strong></span> <span class='ocrx_word' id='word_1_319' title='bbox 329 4144 468 4219; x_wconf 87' lang='lat' dir='ltr'><strong>mihijam</strong></span> <span class='ocrx_word' id='word_1_320' title='bbox 480 4149 616 4203; x_wconf 90' lang='lat' dir='ltr'><strong>molestus</strong></span> <span class='ocrx_word' id='word_1_321' title='bbox 630 4149 667 4204; x_wconf 90' lang='lat' dir='ltr'><strong>sit</strong></span> <span class='ocrx_word' id='word_1_322' title='bbox 680 4148 800 4205; x_wconf 89' lang='lat' dir='ltr'><strong>dicendo</strong></span> <span class='ocrx_word' id='word_1_323' title='bbox 811 4149 882 4206; x_wconf 93' lang='lat' dir='ltr'><strong>mihi</strong></span> <span class='ocrx_word' id='word_1_324' title='bbox 896 4169 902 4206; x_wconf 92' lang='lat'>:</span> <span class='ocrx_word' id='word_1_325' title='bbox 918 4152 981 4208; x_wconf 84' lang='lat' dir='ltr'><strong>Non</strong></span> 
     </span>
     <span class='ocr_line' id='line_1_45' title="bbox 130 4235 981 4314; baseline 0.007 -23"><span class='ocrx_word' id='word_1_326' title='bbox 130 4236 185 4291; x_wconf 89' lang='lat' dir='ltr'><strong>hoc</strong></span> <span class='ocrx_word' id='word_1_327' title='bbox 200 4235 287 4292; x_wconf 88' lang='lat' dir='ltr'><strong>sensit</strong></span> <span class='ocrx_word' id='word_1_328' title='bbox 302 4235 410 4306; x_wconf 82' lang='lat' dir='ltr'><strong>Moyses</strong></span> <span class='ocrx_word' id='word_1_329' title='bbox 428 4237 506 4309; x_wconf 93' lang='lat' dir='ltr'><strong>quod</strong></span> <span class='ocrx_word' id='word_1_330' title='bbox 520 4241 552 4293; x_wconf 92' lang='lat' dir='ltr'><strong>tu</strong></span> <span class='ocrx_word' id='word_1_331' title='bbox 564 4237 652 4306; x_wconf 89' lang='lat' dir='ltr'><strong>dicis;</strong></span> <span class='ocrx_word' id='word_1_332' title='bbox 668 4240 719 4295; x_wconf 93' lang='lat' dir='ltr'><strong>sed</strong></span> <span class='ocrx_word' id='word_1_333' title='bbox 732 4239 787 4295; x_wconf 94' lang='lat' dir='ltr'><strong>hoc</strong></span> <span class='ocrx_word' id='word_1_334' title='bbox 801 4240 890 4296; x_wconf 79' lang='lat' dir='ltr'><strong>sensit</strong></span> <span class='ocrx_word' id='word_1_335' title='bbox 904 4242 981 4314; x_wconf 91' lang='lat' dir='ltr'><strong>quod</strong></span> 
     </span>
     <span class='ocr_line' id='line_1_46' title="bbox 131 4322 982 4395; baseline 0.008 -16"><span class='ocrx_word' id='word_1_336' title='bbox 131 4340 185 4395; x_wconf 90' lang='lat' dir='ltr'><strong>ego</strong></span> <span class='ocrx_word' id='word_1_337' title='bbox 201 4324 273 4380; x_wconf 88' lang='lat' dir='ltr'><strong>dico.</strong></span> <span class='ocrx_word' id='word_1_338' title='bbox 289 4322 411 4380; x_wconf 85' lang='lat' dir='ltr'><strong>sienim</strong></span> <span class='ocrx_word' id='word_1_339' title='bbox 427 4325 499 4381; x_wconf 92' lang='lat' dir='ltr'><strong>mihi</strong></span> <span class='ocrx_word' id='word_1_340' title='bbox 514 4325 620 4382; x_wconf 91' lang='lat' dir='ltr'><strong>diceret</strong></span> <span class='ocrx_word' id='word_1_341' title='bbox 635 4345 641 4383; x_wconf 91' lang='lat'>:</span> <span class='ocrx_word' id='word_1_342' title='bbox 659 4329 863 4385; x_wconf 89' lang='lat' dir='ltr'><strong>Undescishoc</strong></span> <span class='ocrx_word' id='word_1_343' title='bbox 877 4330 982 4386; x_wconf 92' lang='lat' dir='ltr'><strong>sensis·</strong></span> 
     </span>
     <span class='ocr_line' id='line_1_47' title="bbox 130 4413 981 4492; baseline 0.013 -27"><span class='ocrx_word' id='word_1_344' title='bbox 130 4428 160 4466; x_wconf 91' lang='lat' dir='ltr'><strong>se</strong></span> <span class='ocrx_word' id='word_1_345' title='bbox 175 4413 290 4484; x_wconf 76' lang='lat' dir='ltr'><strong>Moysen</strong></span> <span class='ocrx_word' id='word_1_346' title='bbox 309 4413 388 4485; x_wconf 91' lang='lat' dir='ltr'><strong>quod</strong></span> <span class='ocrx_word' id='word_1_347' title='bbox 404 4413 439 4468; x_wconf 88' lang='lat' dir='ltr'><strong>de</strong></span> <span class='ocrx_word' id='word_1_348' title='bbox 460 4413 504 4469; x_wconf 91' lang='lat' dir='ltr'><strong>his</strong></span> <span class='ocrx_word' id='word_1_349' title='bbox 518 4415 612 4471; x_wconf 87' lang='lat' dir='ltr'><strong>verbis</strong></span> <span class='ocrx_word' id='word_1_350' title='bbox 628 4417 689 4489; x_wconf 85' lang='lat' dir='ltr'><strong>ejus</strong></span> <span class='ocrx_word' id='word_1_351' title='bbox 705 4418 874 4491; x_wconf 78' lang='lat' dir='ltr'><strong>eloqueris?</strong></span> <span class='ocrx_word' id='word_1_352' title='bbox 898 4436 981 4492; x_wconf 76' lang='lat' dir='ltr'><strong>aequo</strong></span> 
     </span>
     <span class='ocr_line' id='line_1_48' title="bbox 130 4501 982 4580; baseline 0.009 -25"><span class='ocrx_word' id='word_1_353' title='bbox 130 4501 227 4557; x_wconf 90' lang='lat' dir='ltr'><strong>animo</strong></span> <span class='ocrx_word' id='word_1_354' title='bbox 251 4502 324 4557; x_wconf 86' lang='lat' dir='ltr'><strong>terre</strong></span> <span class='ocrx_word' id='word_1_355' title='bbox 353 4502 486 4559; x_wconf 87' lang='lat' dir='ltr'><strong>deberem</strong></span> <span class='ocrx_word' id='word_1_356' title='bbox 503 4507 532 4559; x_wconf 92' lang='lat' dir='ltr'><strong>et</strong></span> <span class='ocrx_word' id='word_1_357' title='bbox 554 4506 758 4577; x_wconf 89' lang='lat' dir='ltr'><strong>responderem</strong></span> <span class='ocrx_word' id='word_1_358' title='bbox 780 4507 899 4563; x_wconf 82' lang='lat' dir='ltr'><strong>tortasse</strong></span> <span class='ocrx_word' id='word_1_359' title='bbox 918 4525 982 4580; x_wconf 87' lang='lat' dir='ltr'><strong>quae</strong></span> 
     </span>
     <span class='ocr_line' id='line_1_49' title="bbox 130 4589 984 4665; baseline 0.011 -22"><span class='ocrx_word' id='word_1_360' title='bbox 130 4589 262 4660; x_wconf 92' lang='lat' dir='ltr'><strong>superius</strong></span> <span class='ocrx_word' id='word_1_361' title='bbox 286 4591 430 4663; x_wconf 89' lang='lat' dir='ltr'><strong>respondi,</strong></span> <span class='ocrx_word' id='word_1_362' title='bbox 457 4592 501 4648; x_wconf 83' lang='lat' dir='ltr'><strong>vel</strong></span> <span class='ocrx_word' id='word_1_363' title='bbox 532 4592 677 4665; x_wconf 88' lang='lat' dir='ltr'><strong>aliquanto</strong></span> <span class='ocrx_word' id='word_1_364' title='bbox 711 4595 837 4664; x_wconf 89' lang='lat' dir='ltr'><strong>uberius,</strong></span> <span class='ocrx_word' id='word_1_365' title='bbox 862 4597 886 4651; x_wconf 90' lang='lat' dir='ltr'><strong>si</strong></span> <span class='ocrx_word' id='word_1_366' title='bbox 910 4602 984 4653; x_wconf 90' lang='lat' dir='ltr'><strong>esset</strong></span> 
     </span>
     <span class='ocr_line' id='line_1_50' title="bbox 131 4675 983 4758; baseline 0.013 -27"><span class='ocrx_word' id='word_1_367' title='bbox 131 4675 240 4733; x_wconf 88' lang='lat' dir='ltr'><strong>durior.</strong></span> <span class='ocrx_word' id='word_1_368' title='bbox 255 4679 332 4737; x_wconf 66' lang='lat' dir='ltr'><strong>⁴(lum</strong></span> <span class='ocrx_word' id='word_1_369' title='bbox 345 4696 412 4735; x_wconf 79' lang='lat' dir='ltr'><strong>vero</strong></span> <span class='ocrx_word' id='word_1_370' title='bbox 421 4679 513 4740; x_wconf 80' lang='lat' dir='ltr'><strong>dicit:</strong></span> <span class='ocrx_word' id='word_1_371' title='bbox 537 4683 600 4737; x_wconf 89' lang='lat' dir='ltr'><strong>Non</strong></span> <span class='ocrx_word' id='word_1_372' title='bbox 617 4682 671 4738; x_wconf 94' lang='lat' dir='ltr'><strong>hoc</strong></span> <span class='ocrx_word' id='word_1_373' title='bbox 692 4682 741 4739; x_wconf 94' lang='lat' dir='ltr'><strong>ille</strong></span> <span class='ocrx_word' id='word_1_374' title='bbox 756 4684 845 4739; x_wconf 90' lang='lat' dir='ltr'><strong>sensit</strong></span> <span class='ocrx_word' id='word_1_375' title='bbox 859 4686 937 4758; x_wconf 91' lang='lat' dir='ltr'><strong>quod</strong></span> <span class='ocrx_word' id='word_1_376' title='bbox 951 4690 983 4742; x_wconf 92' lang='lat' dir='ltr'><strong>tu</strong></span> 
     </span>
     <span class='ocr_line' id='line_1_51' title="bbox 131 4764 980 4846; baseline 0.014 -27"><span class='ocrx_word' id='word_1_377' title='bbox 131 4764 212 4834; x_wconf 90' lang='lat' dir='ltr'><strong>dicis,</strong></span> <span class='ocrx_word' id='word_1_378' title='bbox 240 4768 290 4823; x_wconf 90' lang='lat' dir='ltr'><strong>sed</strong></span> <span class='ocrx_word' id='word_1_379' title='bbox 318 4769 394 4840; x_wconf 91' lang='lat' dir='ltr'><strong>quod</strong></span> <span class='ocrx_word' id='word_1_380' title='bbox 417 4769 500 4840; x_wconf 77' lang='lat' dir='ltr'><strong>dico,</strong></span> <span class='ocrx_word' id='word_1_381' title='bbox 528 4788 622 4844; x_wconf 90' lang='lat' dir='ltr'><strong>neque</strong></span> <span class='ocrx_word' id='word_1_382' title='bbox 650 4776 748 4828; x_wconf 88' lang='lat' dir='ltr'><strong>tamen</strong></span> <span class='ocrx_word' id='word_1_383' title='bbox 775 4778 872 4845; x_wconf 88' lang='lat' dir='ltr'><strong>negat,</strong></span> <span class='ocrx_word' id='word_1_384' title='bbox 902 4775 980 4846; x_wconf 93' lang='lat' dir='ltr'><strong>quod</strong></span> 
     </span>
     <span class='ocr_line' id='line_1_52' title="bbox 128 4857 982 4933; baseline 0.013 -25"><span class='ocrx_word' id='word_1_385' title='bbox 128 4858 250 4927; x_wconf 90' lang='lat' dir='ltr'><strong>uterque</strong></span> <span class='ocrx_word' id='word_1_386' title='bbox 266 4860 397 4912; x_wconf 87' lang='lat' dir='ltr'><strong>nostrum</strong></span> <span class='ocrx_word' id='word_1_387' title='bbox 413 4857 491 4927; x_wconf 90' lang='lat' dir='ltr'><strong>dicit,</strong></span> <span class='ocrx_word' id='word_1_388' title='bbox 504 4864 660 4933; x_wconf 90' lang='lat' dir='ltr'><strong>utrumque</strong></span> <span class='ocrx_word' id='word_1_389' title='bbox 674 4877 776 4917; x_wconf 83' lang='lat' dir='ltr'><strong>verum</strong></span> <span class='ocrx_word' id='word_1_390' title='bbox 792 4877 872 4917; x_wconf 91' lang='lat' dir='ltr'><strong>esse:</strong></span> <span class='ocrx_word' id='word_1_391' title='bbox 888 4879 904 4917; x_wconf 95' lang='lat' dir='ltr'><strong>o</strong></span> <span class='ocrx_word' id='word_1_392' title='bbox 923 4864 982 4919; x_wconf 84' lang='lat' dir='ltr'><strong>rita</strong></span> 
     </span>
     <span class='ocr_line' id='line_1_53' title="bbox 130 4945 980 5020; baseline 0.011 -23"><span class='ocrx_word' id='word_1_393' title='bbox 130 4959 294 5016; x_wconf 87' lang='lat' dir='ltr'><strong>pauperum</strong></span> <span class='ocrx_word' id='word_1_394' title='bbox 309 4945 384 4999; x_wconf 85' lang='lat' dir='ltr'><strong>Deus</strong></span> <span class='ocrx_word' id='word_1_395' title='bbox 398 4960 490 5013; x_wconf 87' lang='lat' dir='ltr'><strong>meus,</strong></span> <span class='ocrx_word' id='word_1_396' title='bbox 506 4947 537 5002; x_wconf 93' lang='lat' dir='ltr'><strong>in</strong></span> <span class='ocrx_word' id='word_1_397' title='bbox 547 4949 628 5020; x_wconf 83' lang='lat' dir='ltr'><strong>qu&#39;us</strong></span> <span class='ocrx_word' id='word_1_398' title='bbox 643 4948 707 5004; x_wconf 91' lang='lat' dir='ltr'><strong>sinu</strong></span> <span class='ocrx_word' id='word_1_399' title='bbox 721 4965 779 5005; x_wconf 92' lang='lat' dir='ltr'><strong>oon</strong></span> <span class='ocrx_word' id='word_1_400' title='bbox 789 4951 980 5006; x_wconf 89' lang='lat' dir='ltr'><strong>estcontradi-</strong></span> 
     </span>
     <span class='ocr_line' id='line_1_54' title="bbox 130 5031 980 5110; baseline 0.009 -24"><span class='ocrx_word' id='word_1_401' title='bbox 130 5032 196 5099; x_wconf 92' lang='lat' dir='ltr'><strong>ctio,</strong></span> <span class='ocrx_word' id='word_1_402' title='bbox 212 5033 280 5104; x_wconf 89' lang='lat' dir='ltr'><strong>plue</strong></span> <span class='ocrx_word' id='word_1_403' title='bbox 295 5031 368 5086; x_wconf 90' lang='lat' dir='ltr'><strong>mihi</strong></span> <span class='ocrx_word' id='word_1_404' title='bbox 383 5032 581 5105; x_wconf 85' lang='lat' dir='ltr'><strong>mitigationes</strong></span> <span class='ocrx_word' id='word_1_405' title='bbox 596 5035 626 5092; x_wconf 90' lang='lat' dir='ltr'><strong>iu</strong></span> <span class='ocrx_word' id='word_1_406' title='bbox 639 5053 697 5101; x_wconf 90' lang='lat' dir='ltr'><strong>eor,</strong></span> <span class='ocrx_word' id='word_1_407' title='bbox 712 5042 745 5092; x_wconf 92' lang='lat' dir='ltr'><strong>ut</strong></span> <span class='ocrx_word' id='word_1_408' title='bbox 757 5038 899 5110; x_wconf 88' lang='lat' dir='ltr'><strong>patienter</strong></span> <span class='ocrx_word' id='word_1_409' title='bbox 909 5040 980 5095; x_wconf 88' lang='lat' dir='ltr'><strong>tales</strong></span> 
     </span>
     <span class='ocr_line' id='line_1_55' title="bbox 128 5120 980 5197; baseline 0.007 -20"><span class='ocrx_word' id='word_1_410' title='bbox 128 5122 219 5177; x_wconf 85' lang='lat' dir='ltr'><strong>ieram</strong></span> <span class='ocrx_word' id='word_1_411' title='bbox 235 5121 285 5195; x_wconf 91' lang='lat' dir='ltr'><strong>qui</strong></span> <span class='ocrx_word' id='word_1_412' title='bbox 299 5120 436 5176; x_wconf 91' lang='lat' dir='ltr'><strong>nonmihi</strong></span> <span class='ocrx_word' id='word_1_413' title='bbox 447 5121 501 5178; x_wconf 91' lang='lat' dir='ltr'><strong>hoc</strong></span> <span class='ocrx_word' id='word_1_414' title='bbox 517 5123 625 5192; x_wconf 90' lang='lat' dir='ltr'><strong>dicunt,</strong></span> <span class='ocrx_word' id='word_1_415' title='bbox 639 5125 706 5197; x_wconf 89' lang='lat' dir='ltr'><strong>quia</strong></span> <span class='ocrx_word' id='word_1_416' title='bbox 720 5125 895 5194; x_wconf 87' lang='lat' dir='ltr'><strong>divinisunt,</strong></span> <span class='ocrx_word' id='word_1_417' title='bbox 908 5127 980 5183; x_wconf 90' lang='lat' dir='ltr'><strong>etin</strong></span> 
     </span>
     <span class='ocr_line' id='line_1_56' title="bbox 128 5209 979 5288; baseline 0.004 -21"><span class='ocrx_word' id='word_1_418' title='bbox 128 5212 214 5267; x_wconf 92' lang='lat' dir='ltr'><strong>corde</strong></span> <span class='ocrx_word' id='word_1_419' title='bbox 223 5210 325 5266; x_wconf 75' lang='lat' dir='ltr'><strong>famuli</strong></span> <span class='ocrx_word' id='word_1_420' title='bbox 333 5209 376 5265; x_wconf 91' lang='lat' dir='ltr'><strong>tui</strong></span> <span class='ocrx_word' id='word_1_421' title='bbox 387 5209 520 5266; x_wconf 85' lang='lat' dir='ltr'><strong>viderunt</strong></span> <span class='ocrx_word' id='word_1_422' title='bbox 531 5213 728 5284; x_wconf 88' lang='lat' dir='ltr'><strong>quoddicunt;</strong></span> <span class='ocrx_word' id='word_1_423' title='bbox 737 5215 787 5271; x_wconf 87' lang='lat' dir='ltr'><strong>sed</strong></span> <span class='ocrx_word' id='word_1_424' title='bbox 799 5214 868 5288; x_wconf 93' lang='lat' dir='ltr'><strong>quia</strong></span> <span class='ocrx_word' id='word_1_425' title='bbox 879 5232 979 5287; x_wconf 90' lang='lat' dir='ltr'><strong>super-</strong></span> 
     </span>
     <span class='ocr_line' id='line_1_57' title="bbox 129 5299 980 5373; baseline 0.006 -18"><span class='ocrx_word' id='word_1_426' title='bbox 129 5299 159 5355; x_wconf 92' lang='lat' dir='ltr'><strong>bi</strong></span> <span class='ocrx_word' id='word_1_427' title='bbox 173 5305 256 5358; x_wconf 88' lang='lat' dir='ltr'><strong>sunt:</strong></span> <span class='ocrx_word' id='word_1_428' title='bbox 272 5316 323 5357; x_wconf 88' lang='lat' dir='ltr'><strong>uec</strong></span> <span class='ocrx_word' id='word_1_429' title='bbox 339 5303 479 5355; x_wconf 79' lang='lat' dir='ltr'><strong>nonerunt</strong></span> <span class='ocrx_word' id='word_1_430' title='bbox 493 5300 580 5371; x_wconf 85' lang='lat' dir='ltr'><strong>bloysi</strong></span> <span class='ocrx_word' id='word_1_431' title='bbox 601 5303 782 5373; x_wconf 87' lang='lat' dir='ltr'><strong>seutentiam,</strong></span> <span class='ocrx_word' id='word_1_432' title='bbox 809 5304 859 5360; x_wconf 91' lang='lat' dir='ltr'><strong>sed</strong></span> <span class='ocrx_word' id='word_1_433' title='bbox 882 5310 980 5360; x_wconf 88' lang='lat' dir='ltr'><strong>amant</strong></span> 
     </span>
    </p>
   </div>
   <div class='ocr_carea' id='block_1_6' title="bbox 130 5386 980 5464">
    <p class='ocr_par' dir='ltr' id='par_1_8' title="bbox 130 5386 980 5464">
     <span class='ocr_line' id='line_1_58' title="bbox 130 5386 980 5464; baseline 0.007 -24"><span class='ocrx_word' id='word_1_434' title='bbox 130 5402 232 5459; x_wconf 82' lang='lat' dir='ltr'><strong>suam3</strong></span> <span class='ocrx_word' id='word_1_435' title='bbox 248 5404 307 5445; x_wconf 91' lang='lat' dir='ltr'><strong>nou</strong></span> <span class='ocrx_word' id='word_1_436' title='bbox 321 5386 390 5460; x_wconf 90' lang='lat' dir='ltr'><strong>quia</strong></span> <span class='ocrx_word' id='word_1_437' title='bbox 404 5402 472 5442; x_wconf 81' lang='lat' dir='ltr'><strong>vera</strong></span> <span class='ocrx_word' id='word_1_438' title='bbox 486 5391 538 5454; x_wconf 91' lang='lat' dir='ltr'><strong>est,</strong></span> <span class='ocrx_word' id='word_1_439' title='bbox 555 5388 604 5443; x_wconf 90' lang='lat' dir='ltr'><strong>sed</strong></span> <span class='ocrx_word' id='word_1_440' title='bbox 617 5390 685 5461; x_wconf 89' lang='lat' dir='ltr'><strong>quia</strong></span> <span class='ocrx_word' id='word_1_441' title='bbox 705 5408 757 5447; x_wconf 89' lang='lat' dir='ltr'><strong>sua</strong></span> <span class='ocrx_word' id='word_1_442' title='bbox 770 5395 826 5448; x_wconf 86' lang='lat' dir='ltr'><strong>est.</strong></span> <span class='ocrx_word' id='word_1_443' title='bbox 844 5390 980 5464; x_wconf 73' lang='lat' dir='ltr'><strong>Alioquin</strong></span> 
     </span>
    </p>
   </div>
   <div class='ocr_carea' id='block_1_7' title="bbox 159 5474 976 5602">
    <p class='ocr_par' dir='ltr' id='par_1_9' title="bbox 159 5474 976 5602">
     <span class='ocr_line' id='line_1_59' title="bbox 159 5474 976 5602; baseline -0.001 -74"><span class='ocrx_word' id='word_1_444' title='bbox 159 5477 170 5571; x_wconf 54' lang='grc' dir='ltr'><strong>ζ</strong></span> <span class='ocrx_word' id='word_1_445' title='bbox 184 5474 612 5602; x_wconf 49' lang='lat' dir='ltr'><strong>qteqqqiejtqqqthoborsqmsgmffi.</strong></span> <span class='ocrx_word' id='word_1_446' title='bbox 626 5481 652 5527; x_wconf 94' lang='lat' dir='ltr'><strong>et</strong></span> <span class='ocrx_word' id='word_1_447' title='bbox 667 5477 753 5529; x_wconf 85' lang='lat' dir='ltr'><strong>Roud.</strong></span> <span class='ocrx_word' id='word_1_448' title='bbox 767 5492 828 5530; x_wconf 91' lang='lat' dir='ltr'><strong>cum</strong></span> <span class='ocrx_word' id='word_1_449' title='bbox 842 5478 928 5531; x_wconf 68' lang='lat' dir='ltr'><strong>thies.</strong></span> <span class='ocrx_word' id='word_1_450' title='bbox 942 5479 976 5529; x_wconf 85' lang='lat' dir='ltr'><strong>bt.</strong></span> 
     </span>
     <span class='ocr_line' id='line_1_60' title="bbox 272 5555 612 5599; baseline -0.009 -10"><span class='ocrx_word' id='word_1_451' title='bbox 272 5555 318 5599; x_wconf 88' lang='grc' dir='ltr'><strong>,ιι</strong></span> <span class='ocrx_word' id='word_1_452' title='bbox 437 5576 444 5590; x_wconf 90' lang='grc'><strong>.</strong></span> <span class='ocrx_word' id='word_1_453' title='bbox 554 5574 612 5589; x_wconf 89' lang='grc'><strong>..</strong></span> 
     </span>
    </p>
   </div>
   <div class='ocr_carea' id='block_1_8' title="bbox 726 276 1898 339">
    <p class='ocr_par' dir='ltr' id='par_1_10' title="bbox 726 276 1898 339">
     <span class='ocr_line' id='line_1_61' title="bbox 726 276 1898 339; baseline 0.003 -4"><span class='ocrx_word' id='word_1_454' title='bbox 726 276 998 337; x_wconf 69' lang='lat' dir='ltr'><strong>consessiones</strong></span> <span class='ocrx_word' id='word_1_455' title='bbox 1022 278 1050 336; x_wconf 87' lang='lat' dir='ltr'><strong>S.</strong></span> <span class='ocrx_word' id='word_1_456' title='bbox 1078 276 1282 336; x_wconf 79' lang='lat' dir='ltr'><strong>auousrmr.</strong></span> <span class='ocrx_word' id='word_1_457' title='bbox 1856 284 1898 339; x_wconf 82' lang='lat' dir='ltr'><strong>su</strong></span> 
     </span>
    </p>
   </div>
   <div class='ocr_carea' id='block_1_9' title="bbox 1032 399 1938 5523">
    <p class='ocr_par' dir='ltr' id='par_1_11' title="bbox 1043 399 1907 2071">
     <span class='ocr_line' id='line_1_62' title="bbox 1045 399 1900 477; baseline 0.002 -21"><span class='ocrx_word' id='word_1_458' title='bbox 1045 405 1074 458; x_wconf 89' lang='lat' dir='ltr'><strong>et</strong></span> <span class='ocrx_word' id='word_1_459' title='bbox 1087 401 1173 458; x_wconf 89' lang='lat' dir='ltr'><strong>aliam</strong></span> <span class='ocrx_word' id='word_1_460' title='bbox 1186 416 1283 457; x_wconf 84' lang='lat' dir='ltr'><strong>reram</strong></span> <span class='ocrx_word' id='word_1_461' title='bbox 1299 399 1408 472; x_wconf 87' lang='lat' dir='ltr'><strong>pariter</strong></span> <span class='ocrx_word' id='word_1_462' title='bbox 1420 406 1566 470; x_wconf 90' lang='lat' dir='ltr'><strong>amarent,</strong></span> <span class='ocrx_word' id='word_1_463' title='bbox 1582 402 1665 458; x_wconf 84' lang='lat' dir='ltr'><strong>sicut</strong></span> <span class='ocrx_word' id='word_1_464' title='bbox 1676 416 1734 475; x_wconf 83' lang='lat' dir='ltr'><strong>ego</strong></span> <span class='ocrx_word' id='word_1_465' title='bbox 1750 418 1820 459; x_wconf 85' lang='lat' dir='ltr'><strong>amo</strong></span> <span class='ocrx_word' id='word_1_466' title='bbox 1837 405 1900 477; x_wconf 86' lang='lat' dir='ltr'><strong>quot</strong></span> 
     </span>
     <span class='ocr_line' id='line_1_63' title="bbox 1045 490 1901 565; baseline 0.004 -19"><span class='ocrx_word' id='word_1_467' title='bbox 1045 490 1154 560; x_wconf 90' lang='lat' dir='ltr'><strong>dicunt,</strong></span> <span class='ocrx_word' id='word_1_468' title='bbox 1170 490 1285 565; x_wconf 91' lang='lat' dir='ltr'><strong>quando</strong></span> <span class='ocrx_word' id='word_1_469' title='bbox 1300 505 1400 546; x_wconf 84' lang='lat' dir='ltr'><strong>rerum</strong></span> <span class='ocrx_word' id='word_1_470' title='bbox 1416 490 1527 560; x_wconf 87' lang='lat' dir='ltr'><strong>dicont;</strong></span> <span class='ocrx_word' id='word_1_471' title='bbox 1545 508 1609 547; x_wconf 93' lang='lat' dir='ltr'><strong>non</strong></span> <span class='ocrx_word' id='word_1_472' title='bbox 1624 490 1700 565; x_wconf 79' lang='lat' dir='ltr'><strong>quia</strong></span> <span class='ocrx_word' id='word_1_473' title='bbox 1711 490 1847 564; x_wconf 89' lang='lat' dir='ltr'><strong>ipsorum</strong></span> <span class='ocrx_word' id='word_1_474' title='bbox 1859 496 1901 561; x_wconf 75' lang='lat' dir='ltr'><strong>ed,</strong></span> 
     </span>
     <span class='ocr_line' id='line_1_64' title="bbox 1045 579 1902 655; baseline 0.005 -21"><span class='ocrx_word' id='word_1_475' title='bbox 1045 579 1094 635; x_wconf 89' lang='lat' dir='ltr'><strong>sed</strong></span> <span class='ocrx_word' id='word_1_476' title='bbox 1106 580 1175 652; x_wconf 87' lang='lat' dir='ltr'><strong>quie</strong></span> <span class='ocrx_word' id='word_1_477' title='bbox 1187 594 1287 635; x_wconf 85' lang='lat' dir='ltr'><strong>rerum</strong></span> <span class='ocrx_word' id='word_1_478' title='bbox 1302 583 1364 647; x_wconf 81' lang='lat' dir='ltr'><strong>est3</strong></span> <span class='ocrx_word' id='word_1_479' title='bbox 1380 579 1480 636; x_wconf 90' lang='lat' dir='ltr'><strong>etideo</strong></span> <span class='ocrx_word' id='word_1_480' title='bbox 1487 580 1548 652; x_wconf 88' lang='lat' dir='ltr'><strong>jam</strong></span> <span class='ocrx_word' id='word_1_481' title='bbox 1560 596 1616 637; x_wconf 90' lang='lat' dir='ltr'><strong>nee</strong></span> <span class='ocrx_word' id='word_1_482' title='bbox 1626 579 1768 652; x_wconf 90' lang='lat' dir='ltr'><strong>ipsorum</strong></span> <span class='ocrx_word' id='word_1_483' title='bbox 1783 585 1839 649; x_wconf 84' lang='lat' dir='ltr'><strong>est,</strong></span> <span class='ocrx_word' id='word_1_484' title='bbox 1849 583 1902 655; x_wconf 85' lang='lat' dir='ltr'><strong>qx&#39;u</strong></span> 
     </span>
     <span class='ocr_line' id='line_1_65' title="bbox 1045 666 1903 741; baseline 0.008 -20"><span class='ocrx_word' id='word_1_485' title='bbox 1045 684 1145 724; x_wconf 85' lang='lat' dir='ltr'><strong>rerum</strong></span> <span class='ocrx_word' id='word_1_486' title='bbox 1163 672 1215 724; x_wconf 89' lang='lat' dir='ltr'><strong>est.</strong></span> <span class='ocrx_word' id='word_1_487' title='bbox 1239 667 1380 724; x_wconf 83' lang='lat' dir='ltr'><strong>Stantem</strong></span> <span class='ocrx_word' id='word_1_488' title='bbox 1402 666 1468 724; x_wconf 91' lang='lat' dir='ltr'><strong>ideo</strong></span> <span class='ocrx_word' id='word_1_489' title='bbox 1488 674 1588 725; x_wconf 84' lang='lat' dir='ltr'><strong>ament</strong></span> <span class='ocrx_word' id='word_1_490' title='bbox 1615 667 1695 725; x_wconf 90' lang='lat' dir='ltr'><strong>illud</strong></span> <span class='ocrx_word' id='word_1_491' title='bbox 1722 669 1799 741; x_wconf 87' lang='lat' dir='ltr'><strong>quia</strong></span> <span class='ocrx_word' id='word_1_492' title='bbox 1817 686 1903 728; x_wconf 77' lang='lat' dir='ltr'><strong>veru</strong></span> 
     </span>
     <span class='ocr_line' id='line_1_66' title="bbox 1044 757 1903 830; baseline 0.006 -19"><span class='ocrx_word' id='word_1_493' title='bbox 1044 759 1096 824; x_wconf 89' lang='lat' dir='ltr'><strong>est,</strong></span> <span class='ocrx_word' id='word_1_494' title='bbox 1113 757 1175 828; x_wconf 89' lang='lat' dir='ltr'><strong>jam</strong></span> <span class='ocrx_word' id='word_1_495' title='bbox 1190 761 1219 811; x_wconf 89' lang='lat' dir='ltr'><strong>et</strong></span> <span class='ocrx_word' id='word_1_496' title='bbox 1243 757 1374 828; x_wconf 86' lang='lat' dir='ltr'><strong>ipsorum</strong></span> <span class='ocrx_word' id='word_1_497' title='bbox 1399 761 1443 812; x_wconf 87' lang='lat' dir='ltr'><strong>est</strong></span> <span class='ocrx_word' id='word_1_498' title='bbox 1472 761 1501 813; x_wconf 92' lang='lat' dir='ltr'><strong>et</strong></span> <span class='ocrx_word' id='word_1_499' title='bbox 1522 774 1625 814; x_wconf 81' lang='lat' dir='ltr'><strong>meum</strong></span> <span class='ocrx_word' id='word_1_500' title='bbox 1641 765 1711 826; x_wconf 89' lang='lat' dir='ltr'><strong>est;</strong></span> <span class='ocrx_word' id='word_1_501' title='bbox 1727 758 1903 830; x_wconf 82' lang='lat' dir='ltr'><strong>quoniamir</strong></span> 
     </span>
     <span class='ocr_line' id='line_1_67' title="bbox 1045 844 1903 905; baseline 0.005 -5"><span class='ocrx_word' id='word_1_502' title='bbox 1045 859 1197 900; x_wconf 88' lang='lat' dir='ltr'><strong>commune</strong></span> <span class='ocrx_word' id='word_1_503' title='bbox 1212 844 1392 900; x_wconf 89' lang='lat' dir='ltr'><strong>omniumest</strong></span> <span class='ocrx_word' id='word_1_504' title='bbox 1403 844 1531 902; x_wconf 80' lang='lat' dir='ltr'><strong>veritatis</strong></span> <span class='ocrx_word' id='word_1_505' title='bbox 1539 850 1724 902; x_wconf 88' lang='lat' dir='ltr'><strong>amatorum.</strong></span> <span class='ocrx_word' id='word_1_506' title='bbox 1732 845 1903 905; x_wconf 83' lang='lat' dir='ltr'><strong>lllodautau</strong></span> 
     </span>
     <span class='ocr_line' id='line_1_68' title="bbox 1045 933 1905 1010; baseline 0.003 -22"><span class='ocrx_word' id='word_1_507' title='bbox 1045 933 1123 1006; x_wconf 92' lang='lat' dir='ltr'><strong>quod</strong></span> <span class='ocrx_word' id='word_1_508' title='bbox 1136 933 1316 989; x_wconf 90' lang='lat' dir='ltr'><strong>contendunt</strong></span> <span class='ocrx_word' id='word_1_509' title='bbox 1329 948 1389 989; x_wconf 93' lang='lat' dir='ltr'><strong>non</strong></span> <span class='ocrx_word' id='word_1_510' title='bbox 1402 933 1457 990; x_wconf 93' lang='lat' dir='ltr'><strong>hoc</strong></span> <span class='ocrx_word' id='word_1_511' title='bbox 1479 934 1603 990; x_wconf 86' lang='lat' dir='ltr'><strong>sensisse</strong></span> <span class='ocrx_word' id='word_1_512' title='bbox 1618 934 1746 1007; x_wconf 65' lang='lat' dir='ltr'><strong>Moysen</strong></span> <span class='ocrx_word' id='word_1_513' title='bbox 1761 935 1843 1007; x_wconf 91' lang='lat' dir='ltr'><strong>quod</strong></span> <span class='ocrx_word' id='word_1_514' title='bbox 1861 950 1905 1010; x_wconf 82' lang='lat' dir='ltr'><strong>ego</strong></span> 
     </span>
     <span class='ocr_line' id='line_1_69' title="bbox 1045 1021 1903 1095; baseline 0.005 -18"><span class='ocrx_word' id='word_1_515' title='bbox 1045 1022 1118 1086; x_wconf 91' lang='lat' dir='ltr'><strong>dico,</strong></span> <span class='ocrx_word' id='word_1_516' title='bbox 1134 1021 1185 1078; x_wconf 92' lang='lat' dir='ltr'><strong>sed</strong></span> <span class='ocrx_word' id='word_1_517' title='bbox 1198 1021 1276 1094; x_wconf 90' lang='lat' dir='ltr'><strong>quod</strong></span> <span class='ocrx_word' id='word_1_518' title='bbox 1287 1021 1342 1094; x_wconf 87' lang='lat' dir='ltr'><strong>ipsi</strong></span> <span class='ocrx_word' id='word_1_519' title='bbox 1357 1022 1474 1092; x_wconf 91' lang='lat' dir='ltr'><strong>dicunt;</strong></span> <span class='ocrx_word' id='word_1_520' title='bbox 1489 1022 1569 1090; x_wconf 90' lang='lat' dir='ltr'><strong>nolo,</strong></span> <span class='ocrx_word' id='word_1_521' title='bbox 1583 1038 1650 1079; x_wconf 91' lang='lat' dir='ltr'><strong>non</strong></span> <span class='ocrx_word' id='word_1_522' title='bbox 1661 1038 1734 1078; x_wconf 87' lang='lat' dir='ltr'><strong>amo</strong></span> <span class='ocrx_word' id='word_1_523' title='bbox 1754 1021 1849 1095; x_wconf 82' lang='lat' dir='ltr'><strong>:quia</strong></span> <span class='ocrx_word' id='word_1_524' title='bbox 1860 1025 1903 1081; x_wconf 76' lang='lat' dir='ltr'><strong>ete&#39;</strong></span> 
     </span>
     <span class='ocr_line' id='line_1_70' title="bbox 1045 1110 1904 1178; baseline 0.006 -13"><span class='ocrx_word' id='word_1_525' title='bbox 1045 1110 1084 1165; x_wconf 90' lang='lat' dir='ltr'><strong>ita</strong></span> <span class='ocrx_word' id='word_1_526' title='bbox 1100 1116 1152 1178; x_wconf 91' lang='lat' dir='ltr'><strong>est,</strong></span> <span class='ocrx_word' id='word_1_527' title='bbox 1167 1114 1263 1166; x_wconf 90' lang='lat' dir='ltr'><strong>tamen</strong></span> <span class='ocrx_word' id='word_1_528' title='bbox 1283 1111 1323 1166; x_wconf 88' lang='lat' dir='ltr'><strong>ita</strong></span> <span class='ocrx_word' id='word_1_529' title='bbox 1336 1112 1483 1168; x_wconf 85' lang='lat' dir='ltr'><strong>temeritas</strong></span> <span class='ocrx_word' id='word_1_530' title='bbox 1502 1127 1561 1168; x_wconf 92' lang='lat' dir='ltr'><strong>non</strong></span> <span class='ocrx_word' id='word_1_531' title='bbox 1582 1112 1723 1168; x_wconf 83' lang='lat' dir='ltr'><strong>scientias</strong></span> <span class='ocrx_word' id='word_1_532' title='bbox 1752 1113 1806 1168; x_wconf 85' lang='lat' dir='ltr'><strong>sed</strong></span> <span class='ocrx_word' id='word_1_533' title='bbox 1827 1114 1904 1170; x_wconf 70' lang='lat' dir='ltr'><strong>sols</strong></span> 
     </span>
     <span class='ocr_line' id='line_1_71' title="bbox 1045 1198 1903 1274; baseline 0.007 -21"><span class='ocrx_word' id='word_1_534' title='bbox 1045 1198 1096 1254; x_wconf 84' lang='lat' dir='ltr'><strong>cire</strong></span> <span class='ocrx_word' id='word_1_535' title='bbox 1111 1204 1173 1268; x_wconf 88' lang='lat' dir='ltr'><strong>est;</strong></span> <span class='ocrx_word' id='word_1_536' title='bbox 1187 1216 1240 1255; x_wconf 92' lang='lat' dir='ltr'><strong>nec</strong></span> <span class='ocrx_word' id='word_1_537' title='bbox 1253 1199 1341 1267; x_wconf 88' lang='lat' dir='ltr'><strong>risus,</strong></span> <span class='ocrx_word' id='word_1_538' title='bbox 1361 1201 1411 1256; x_wconf 87' lang='lat' dir='ltr'><strong>sed</strong></span> <span class='ocrx_word' id='word_1_539' title='bbox 1421 1200 1526 1272; x_wconf 87' lang='lat' dir='ltr'><strong>typhus</strong></span> <span class='ocrx_word' id='word_1_540' title='bbox 1545 1216 1612 1256; x_wconf 87' lang='lat' dir='ltr'><strong>earn</strong></span> <span class='ocrx_word' id='word_1_541' title='bbox 1633 1199 1768 1273; x_wconf 88' lang='lat' dir='ltr'><strong>peperit.</strong></span> <span class='ocrx_word' id='word_1_542' title='bbox 1782 1199 1903 1274; x_wconf 81' lang='lat' dir='ltr'><strong>Ideoque.</strong></span> 
     </span>
     <span class='ocr_line' id='line_1_72' title="bbox 1046 1287 1905 1362; baseline 0.005 -20"><span class='ocrx_word' id='word_1_543' title='bbox 1046 1287 1176 1356; x_wconf 83' lang='lat' dir='ltr'><strong>Domine,</strong></span> <span class='ocrx_word' id='word_1_544' title='bbox 1192 1288 1342 1345; x_wconf 89' lang='lat' dir='ltr'><strong>tremenda</strong></span> <span class='ocrx_word' id='word_1_545' title='bbox 1355 1293 1423 1344; x_wconf 89' lang='lat' dir='ltr'><strong>sunt</strong></span> <span class='ocrx_word' id='word_1_546' title='bbox 1434 1288 1543 1360; x_wconf 86' lang='lat' dir='ltr'><strong>judicia</strong></span> <span class='ocrx_word' id='word_1_547' title='bbox 1555 1292 1629 1357; x_wconf 85' lang='lat' dir='ltr'><strong>toa;</strong></span> <span class='ocrx_word' id='word_1_548' title='bbox 1646 1289 1801 1362; x_wconf 85' lang='lat' dir='ltr'><strong>quoniam</strong></span> <span class='ocrx_word' id='word_1_549' title='bbox 1815 1289 1905 1346; x_wconf 77' lang='lat' dir='ltr'><strong>veritas</strong></span> 
     </span>
     <span class='ocr_line' id='line_1_73' title="bbox 1044 1376 1906 1448; baseline 0.002 -16"><span class='ocrx_word' id='word_1_550' title='bbox 1044 1381 1095 1432; x_wconf 88' lang='lat' dir='ltr'><strong>tue</strong></span> <span class='ocrx_word' id='word_1_551' title='bbox 1106 1392 1159 1433; x_wconf 89' lang='lat' dir='ltr'><strong>nec</strong></span> <span class='ocrx_word' id='word_1_552' title='bbox 1172 1393 1240 1433; x_wconf 91' lang='lat' dir='ltr'><strong>mea</strong></span> <span class='ocrx_word' id='word_1_553' title='bbox 1250 1381 1303 1448; x_wconf 88' lang='lat' dir='ltr'><strong>est,</strong></span> <span class='ocrx_word' id='word_1_554' title='bbox 1317 1392 1368 1432; x_wconf 90' lang='lat' dir='ltr'><strong>uec</strong></span> <span class='ocrx_word' id='word_1_555' title='bbox 1383 1376 1520 1433; x_wconf 90' lang='lat' dir='ltr'><strong>iltiusaut</strong></span> <span class='ocrx_word' id='word_1_556' title='bbox 1531 1376 1623 1446; x_wconf 84' lang='lat' dir='ltr'><strong>illius,</strong></span> <span class='ocrx_word' id='word_1_557' title='bbox 1641 1377 1692 1434; x_wconf 88' lang='lat' dir='ltr'><strong>sed</strong></span> <span class='ocrx_word' id='word_1_558' title='bbox 1710 1377 1855 1434; x_wconf 91' lang='lat' dir='ltr'><strong>omnium</strong></span> <span class='ocrx_word' id='word_1_559' title='bbox 1865 1394 1906 1435; x_wconf 83' lang='lat' dir='ltr'><strong>uo</strong></span> 
     </span>
     <span class='ocr_line' id='line_1_74' title="bbox 1045 1465 1907 1539; baseline 0.005 -18"><span class='ocrx_word' id='word_1_560' title='bbox 1045 1469 1136 1521; x_wconf 75' lang='lat' dir='ltr'><strong>suum</strong></span> <span class='ocrx_word' id='word_1_561' title='bbox 1151 1482 1224 1538; x_wconf 91' lang='lat' dir='ltr'><strong>quos</strong></span> <span class='ocrx_word' id='word_1_562' title='bbox 1235 1466 1271 1522; x_wconf 91' lang='lat' dir='ltr'><strong>ad</strong></span> <span class='ocrx_word' id='word_1_563' title='bbox 1285 1467 1347 1538; x_wconf 88' lang='lat' dir='ltr'><strong>ejus</strong></span> <span class='ocrx_word' id='word_1_564' title='bbox 1360 1465 1597 1523; x_wconf 90' lang='lat' dir='ltr'><strong>communionem</strong></span> <span class='ocrx_word' id='word_1_565' title='bbox 1613 1466 1741 1538; x_wconf 87' lang='lat' dir='ltr'><strong>publice</strong></span> <span class='ocrx_word' id='word_1_566' title='bbox 1759 1472 1907 1539; x_wconf 58' lang='lat' dir='ltr'><strong>roreque</strong></span> 
     </span>
     <span class='ocr_line' id='line_1_75' title="bbox 1044 1555 1907 1630; baseline 0.005 -21"><span class='ocrx_word' id='word_1_567' title='bbox 1044 1555 1164 1610; x_wconf 90' lang='lat' dir='ltr'><strong>ribiliter</strong></span> <span class='ocrx_word' id='word_1_568' title='bbox 1178 1556 1335 1612; x_wconf 89' lang='lat' dir='ltr'><strong>admonens</strong></span> <span class='ocrx_word' id='word_1_569' title='bbox 1345 1571 1408 1625; x_wconf 92' lang='lat' dir='ltr'><strong>nos,</strong></span> <span class='ocrx_word' id='word_1_570' title='bbox 1423 1560 1455 1611; x_wconf 93' lang='lat' dir='ltr'><strong>ut</strong></span> <span class='ocrx_word' id='word_1_571' title='bbox 1465 1555 1590 1610; x_wconf 90' lang='lat' dir='ltr'><strong>nolimus</strong></span> <span class='ocrx_word' id='word_1_572' title='bbox 1606 1571 1676 1611; x_wconf 89' lang='lat' dir='ltr'><strong>eam</strong></span> <span class='ocrx_word' id='word_1_573' title='bbox 1687 1556 1820 1612; x_wconf 86' lang='lat' dir='ltr'><strong>habrere</strong></span> <span class='ocrx_word' id='word_1_574' title='bbox 1829 1557 1907 1630; x_wconf 79' lang='lat' dir='ltr'><strong>paira-</strong></span> 
     </span>
     <span class='ocr_line' id='line_1_76' title="bbox 1044 1643 1904 1717; baseline 0.003 -18"><span class='ocrx_word' id='word_1_575' title='bbox 1044 1648 1114 1712; x_wconf 90' lang='lat' dir='ltr'><strong>tam,</strong></span> <span class='ocrx_word' id='word_1_576' title='bbox 1130 1660 1165 1700; x_wconf 92' lang='lat' dir='ltr'><strong>ne</strong></span> <span class='ocrx_word' id='word_1_577' title='bbox 1178 1644 1325 1716; x_wconf 86' lang='lat' dir='ltr'><strong>privemur</strong></span> <span class='ocrx_word' id='word_1_578' title='bbox 1340 1659 1383 1700; x_wconf 90' lang='lat' dir='ltr'><strong>ea.</strong></span> <span class='ocrx_word' id='word_1_579' title='bbox 1394 1645 1464 1699; x_wconf 88' lang='lat' dir='ltr'><strong>Nam</strong></span> <span class='ocrx_word' id='word_1_580' title='bbox 1476 1643 1611 1717; x_wconf 86' lang='lat' dir='ltr'><strong>quisquis</strong></span> <span class='ocrx_word' id='word_1_581' title='bbox 1625 1643 1659 1701; x_wconf 92' lang='lat' dir='ltr'><strong>id</strong></span> <span class='ocrx_word' id='word_1_582' title='bbox 1673 1645 1763 1717; x_wconf 89' lang='lat' dir='ltr'><strong>qnod</strong></span> <span class='ocrx_word' id='word_1_583' title='bbox 1773 1650 1808 1701; x_wconf 90' lang='lat' dir='ltr'><strong>tu</strong></span> <span class='ocrx_word' id='word_1_584' title='bbox 1820 1646 1904 1702; x_wconf 78' lang='lat' dir='ltr'><strong>omm-</strong></span> 
     </span>
     <span class='ocr_line' id='line_1_77' title="bbox 1044 1731 1903 1806; baseline 0.005 -19"><span class='ocrx_word' id='word_1_585' title='bbox 1044 1732 1099 1788; x_wconf 90' lang='lat' dir='ltr'><strong>bus</strong></span> <span class='ocrx_word' id='word_1_586' title='bbox 1113 1733 1148 1788; x_wconf 92' lang='lat' dir='ltr'><strong>ad</strong></span> <span class='ocrx_word' id='word_1_587' title='bbox 1161 1732 1317 1789; x_wconf 83' lang='lat' dir='ltr'><strong>fruendum</strong></span> <span class='ocrx_word' id='word_1_588' title='bbox 1344 1732 1492 1804; x_wconf 89' lang='lat' dir='ltr'><strong>proponis,</strong></span> <span class='ocrx_word' id='word_1_589' title='bbox 1512 1731 1567 1788; x_wconf 91' lang='lat' dir='ltr'><strong>sibi</strong></span> <span class='ocrx_word' id='word_1_590' title='bbox 1590 1735 1720 1806; x_wconf 90' lang='lat' dir='ltr'><strong>proprie</strong></span> <span class='ocrx_word' id='word_1_591' title='bbox 1736 1734 1903 1798; x_wconf 77' lang='lat' dir='ltr'><strong>vindicatet</strong></span> 
     </span>
     <span class='ocr_line' id='line_1_78' title="bbox 1044 1820 1901 1896; baseline 0.004 -20"><span class='ocrx_word' id='word_1_592' title='bbox 1044 1837 1129 1877; x_wconf 90' lang='lat' dir='ltr'><strong>suum</strong></span> <span class='ocrx_word' id='word_1_593' title='bbox 1142 1822 1204 1876; x_wconf 85' lang='lat' dir='ltr'><strong>vult</strong></span> <span class='ocrx_word' id='word_1_594' title='bbox 1217 1821 1361 1894; x_wconf 85' lang='lat' dir='ltr'><strong>essequod</strong></span> <span class='ocrx_word' id='word_1_595' title='bbox 1372 1820 1503 1876; x_wconf 90' lang='lat' dir='ltr'><strong>omnium</strong></span> <span class='ocrx_word' id='word_1_596' title='bbox 1511 1825 1555 1876; x_wconf 90' lang='lat' dir='ltr'><strong>est</strong></span> <span class='ocrx_word' id='word_1_597' title='bbox 1564 1838 1572 1889; x_wconf 88' lang='lat'>;</span> <span class='ocrx_word' id='word_1_598' title='bbox 1581 1823 1901 1896; x_wconf 86' lang='lat' dir='ltr'><strong>acommunipropetli·</strong></span> 
     </span>
     <span class='ocr_line' id='line_1_79' title="bbox 1043 1908 1901 1979; baseline 0.003 -14"><span class='ocrx_word' id='word_1_599' title='bbox 1043 1914 1092 1965; x_wconf 88' lang='lat' dir='ltr'><strong>tur</strong></span> <span class='ocrx_word' id='word_1_600' title='bbox 1106 1909 1209 1976; x_wconf 85' lang='lat' dir='ltr'><strong>adsue,</strong></span> <span class='ocrx_word' id='word_1_601' title='bbox 1220 1910 1332 1979; x_wconf 86' lang='lat' dir='ltr'><strong>horest,</strong></span> <span class='ocrx_word' id='word_1_602' title='bbox 1346 1926 1363 1965; x_wconf 97' lang='lat' dir='ltr'><strong>a</strong></span> <span class='ocrx_word' id='word_1_603' title='bbox 1376 1908 1495 1965; x_wconf 80' lang='lat' dir='ltr'><strong>veritate</strong></span> <span class='ocrx_word' id='word_1_604' title='bbox 1504 1908 1541 1965; x_wconf 91' lang='lat' dir='ltr'><strong>ad</strong></span> <span class='ocrx_word' id='word_1_605' title='bbox 1551 1909 1763 1968; x_wconf 87' lang='lat' dir='ltr'><strong>mendacium.</strong></span> <span class='ocrx_word' id='word_1_606' title='bbox 1775 1911 1830 1978; x_wconf 78' lang='lat' dir='ltr'><strong>Qui</strong></span> <span class='ocrx_word' id='word_1_607' title='bbox 1838 1912 1901 1968; x_wconf 89' lang='lat' dir='ltr'><strong>enin</strong></span> 
     </span>
     <span class='ocr_line' id='line_1_80' title="bbox 1044 1998 1900 2071; baseline 0.001 -16"><span class='ocrx_word' id='word_1_608' title='bbox 1044 1999 1172 2071; x_wconf 90' lang='lat' dir='ltr'><strong>loquitur</strong></span> <span class='ocrx_word' id='word_1_609' title='bbox 1186 1998 1378 2067; x_wconf 88' lang='lat' dir='ltr'><strong>mendacium,</strong></span> <span class='ocrx_word' id='word_1_610' title='bbox 1394 1998 1430 2054; x_wconf 89' lang='lat' dir='ltr'><strong>de</strong></span> <span class='ocrx_word' id='word_1_611' title='bbox 1441 2014 1493 2055; x_wconf 91' lang='lat' dir='ltr'><strong>suo</strong></span> <span class='ocrx_word' id='word_1_612' title='bbox 1507 1998 1643 2070; x_wconf 91' lang='lat' dir='ltr'><strong>loquitur</strong></span> <span class='ocrx_word' id='word_1_613' title='bbox 1657 2000 1767 2067; x_wconf 77' lang='lat' dir='ltr'><strong>(Joou.</strong></span> <span class='ocrx_word' id='word_1_614' title='bbox 1781 2017 1842 2071; x_wconf 79' lang='lat' dir='ltr'><strong>rur,</strong></span> <span class='ocrx_word' id='word_1_615' title='bbox 1854 2002 1900 2070; x_wconf 75' lang='lat' dir='ltr'><strong>ill.</strong></span> 
     </span>
    </p>

    <p class='ocr_par' dir='ltr' id='par_1_12' title="bbox 1035 2087 1938 4639">
     <span class='ocr_line' id='line_1_81' title="bbox 1079 2087 1901 2162; baseline 0.005 -20"><span class='ocrx_word' id='word_1_616' title='bbox 1079 2091 1123 2143; x_wconf 78' lang='lat'><strong>35.</strong></span> <span class='ocrx_word' id='word_1_617' title='bbox 1140 2087 1273 2158; x_wconf 82' lang='lat' dir='ltr'><strong>Attende,</strong></span> <span class='ocrx_word' id='word_1_618' title='bbox 1285 2087 1374 2159; x_wconf 82' lang='lat' dir='ltr'><strong>judex</strong></span> <span class='ocrx_word' id='word_1_619' title='bbox 1390 2087 1508 2160; x_wconf 90' lang='lat' dir='ltr'><strong>optime,</strong></span> <span class='ocrx_word' id='word_1_620' title='bbox 1523 2089 1601 2144; x_wconf 86' lang='lat' dir='ltr'><strong>Deus</strong></span> <span class='ocrx_word' id='word_1_621' title='bbox 1613 2088 1682 2162; x_wconf 91' lang='lat' dir='ltr'><strong>ipsa</strong></span> <span class='ocrx_word' id='word_1_622' title='bbox 1694 2090 1817 2159; x_wconf 77' lang='lat' dir='ltr'><strong>veritas,</strong></span> <span class='ocrx_word' id='word_1_623' title='bbox 1827 2093 1901 2147; x_wconf 67' lang='lat' dir='ltr'><strong>aaa</strong></span> 
     </span>
     <span class='ocr_line' id='line_1_82' title="bbox 1043 2174 1900 2248; baseline 0.006 -18"><span class='ocrx_word' id='word_1_624' title='bbox 1043 2174 1077 2230; x_wconf 92' lang='lat' dir='ltr'><strong>de</strong></span> <span class='ocrx_word' id='word_1_625' title='bbox 1095 2175 1163 2248; x_wconf 91' lang='lat' dir='ltr'><strong>quid</strong></span> <span class='ocrx_word' id='word_1_626' title='bbox 1185 2175 1278 2231; x_wconf 88' lang='lat' dir='ltr'><strong>dicam</strong></span> <span class='ocrx_word' id='word_1_627' title='bbox 1304 2175 1505 2232; x_wconf 87' lang='lat' dir='ltr'><strong>contradictori</strong></span> <span class='ocrx_word' id='word_1_628' title='bbox 1516 2176 1598 2248; x_wconf 91' lang='lat' dir='ltr'><strong>huic,</strong></span> <span class='ocrx_word' id='word_1_629' title='bbox 1613 2178 1762 2247; x_wconf 83' lang='lat' dir='ltr'><strong>attende;</strong></span> <span class='ocrx_word' id='word_1_630' title='bbox 1777 2182 1900 2235; x_wconf 82' lang='lat' dir='ltr'><strong>coraule</strong></span> 
     </span>
     <span class='ocr_line' id='line_1_83' title="bbox 1043 2264 1897 2339; baseline 0.008 -21"><span class='ocrx_word' id='word_1_631' title='bbox 1043 2264 1121 2319; x_wconf 90' lang='lat' dir='ltr'><strong>euim</strong></span> <span class='ocrx_word' id='word_1_632' title='bbox 1135 2264 1208 2331; x_wconf 87' lang='lat' dir='ltr'><strong>dico,</strong></span> <span class='ocrx_word' id='word_1_633' title='bbox 1224 2268 1253 2320; x_wconf 89' lang='lat' dir='ltr'><strong>et</strong></span> <span class='ocrx_word' id='word_1_634' title='bbox 1264 2281 1361 2321; x_wconf 89' lang='lat' dir='ltr'><strong>coram</strong></span> <span class='ocrx_word' id='word_1_635' title='bbox 1368 2264 1504 2321; x_wconf 82' lang='lat' dir='ltr'><strong>iratribus</strong></span> <span class='ocrx_word' id='word_1_636' title='bbox 1514 2264 1598 2335; x_wconf 90' lang='lat' dir='ltr'><strong>meis,</strong></span> <span class='ocrx_word' id='word_1_637' title='bbox 1612 2266 1666 2337; x_wconf 89' lang='lat' dir='ltr'><strong>qui</strong></span> <span class='ocrx_word' id='word_1_638' title='bbox 1682 2267 1897 2339; x_wconf 79' lang='lat' dir='ltr'><strong>legitlmeutun</strong></span> 
     </span>
     <span class='ocr_line' id='line_1_84' title="bbox 1041 2352 1898 2427; baseline 0.005 -18"><span class='ocrx_word' id='word_1_639' title='bbox 1041 2357 1089 2409; x_wconf 88' lang='lat' dir='ltr'><strong>tur</strong></span> <span class='ocrx_word' id='word_1_640' title='bbox 1103 2352 1175 2424; x_wconf 84' lang='lat' dir='ltr'><strong>hege</strong></span> <span class='ocrx_word' id='word_1_641' title='bbox 1190 2369 1281 2425; x_wconf 90' lang='lat' dir='ltr'><strong>usque</strong></span> <span class='ocrx_word' id='word_1_642' title='bbox 1293 2354 1426 2410; x_wconf 86' lang='lat' dir='ltr'><strong>adfinem</strong></span> <span class='ocrx_word' id='word_1_643' title='bbox 1437 2353 1583 2410; x_wconf 74' lang='lat' dir='ltr'><strong>cornutis</strong></span> <span class='ocrx_word' id='word_1_644' title='bbox 1595 2355 1619 2426; x_wconf 88' lang='lat' dir='ltr'><strong>(l</strong></span> <span class='ocrx_word' id='word_1_645' title='bbox 1632 2357 1712 2412; x_wconf 73' lang='grc' dir='ltr'><strong>Τιίιι.</strong></span> <span class='ocrx_word' id='word_1_646' title='bbox 1722 2372 1747 2425; x_wconf 88' lang='grc' dir='ltr'><strong>ι,</strong></span> <span class='ocrx_word' id='word_1_647' title='bbox 1758 2356 1808 2427; x_wconf 85' lang='grc'><strong>8);</strong></span> <span class='ocrx_word' id='word_1_648' title='bbox 1823 2360 1898 2412; x_wconf 74' lang='lat' dir='ltr'><strong>atter</strong></span> 
     </span>
     <span class='ocr_line' id='line_1_85' title="bbox 1043 2441 1895 2514; baseline 0.005 -18"><span class='ocrx_word' id='word_1_649' title='bbox 1043 2441 1088 2506; x_wconf 91' lang='lat' dir='ltr'><strong>de,</strong></span> <span class='ocrx_word' id='word_1_650' title='bbox 1104 2444 1133 2496; x_wconf 90' lang='lat' dir='ltr'><strong>et</strong></span> <span class='ocrx_word' id='word_1_651' title='bbox 1146 2441 1211 2496; x_wconf 83' lang='lat' dir='ltr'><strong>vide</strong></span> <span class='ocrx_word' id='word_1_652' title='bbox 1226 2442 1296 2514; x_wconf 91' lang='lat' dir='ltr'><strong>quid</strong></span> <span class='ocrx_word' id='word_1_653' title='bbox 1310 2441 1338 2497; x_wconf 93' lang='lat' dir='ltr'><strong>ei</strong></span> <span class='ocrx_word' id='word_1_654' title='bbox 1357 2441 1461 2513; x_wconf 91' lang='lat' dir='ltr'><strong>dicam,</strong></span> <span class='ocrx_word' id='word_1_655' title='bbox 1476 2442 1501 2498; x_wconf 94' lang='lat' dir='ltr'><strong>si</strong></span> <span class='ocrx_word' id='word_1_656' title='bbox 1512 2442 1612 2514; x_wconf 89' lang='lat' dir='ltr'><strong>placet</strong></span> <span class='ocrx_word' id='word_1_657' title='bbox 1639 2443 1710 2500; x_wconf 90' lang='lat' dir='ltr'><strong>tibi.</strong></span> <span class='ocrx_word' id='word_1_658' title='bbox 1742 2446 1823 2500; x_wconf 84' lang='lat' dir='ltr'><strong>lianc</strong></span> <span class='ocrx_word' id='word_1_659' title='bbox 1834 2445 1895 2500; x_wconf 80' lang='lat' dir='ltr'><strong>eain</strong></span> 
     </span>
     <span class='ocr_line' id='line_1_86' title="bbox 1041 2529 1895 2604; baseline 0.007 -20"><span class='ocrx_word' id='word_1_660' title='bbox 1041 2545 1141 2584; x_wconf 80' lang='lat' dir='ltr'><strong>rocem</strong></span> <span class='ocrx_word' id='word_1_661' title='bbox 1156 2529 1225 2586; x_wconf 89' lang='lat' dir='ltr'><strong>huic</strong></span> <span class='ocrx_word' id='word_1_662' title='bbox 1239 2530 1333 2586; x_wconf 90' lang='lat' dir='ltr'><strong>relero</strong></span> <span class='ocrx_word' id='word_1_663' title='bbox 1356 2531 1513 2587; x_wconf 78' lang='lat' dir='ltr'><strong>fraternam</strong></span> <span class='ocrx_word' id='word_1_664' title='bbox 1536 2535 1565 2587; x_wconf 89' lang='lat' dir='ltr'><strong>ct</strong></span> <span class='ocrx_word' id='word_1_665' title='bbox 1580 2531 1748 2604; x_wconf 83' lang='lat' dir='ltr'><strong>pacificam</strong></span> <span class='ocrx_word' id='word_1_666' title='bbox 1763 2550 1772 2590; x_wconf 74' lang='grc' dir='ltr'><strong><em>ε</em></strong></span> <span class='ocrx_word' id='word_1_667' title='bbox 1787 2534 1816 2589; x_wconf 88' lang='lat' dir='ltr'><strong>Si</strong></span> <span class='ocrx_word' id='word_1_668' title='bbox 1828 2533 1895 2590; x_wconf 83' lang='lat' dir='ltr'><strong>amba</strong></span> 
     </span>
     <span class='ocr_line' id='line_1_87' title="bbox 1042 2613 1893 2687; baseline 0.005 -19"><span class='ocrx_word' id='word_1_669' title='bbox 1042 2613 1173 2669; x_wconf 85' lang='lat' dir='ltr'><strong>ridemus</strong></span> <span class='ocrx_word' id='word_1_670' title='bbox 1186 2630 1287 2670; x_wconf 83' lang='lat' dir='ltr'><strong>rerum</strong></span> <span class='ocrx_word' id='word_1_671' title='bbox 1302 2631 1363 2670; x_wconf 91' lang='lat' dir='ltr'><strong>esse</strong></span> <span class='ocrx_word' id='word_1_672' title='bbox 1378 2616 1454 2687; x_wconf 93' lang='lat' dir='ltr'><strong>quod</strong></span> <span class='ocrx_word' id='word_1_673' title='bbox 1468 2614 1550 2684; x_wconf 90' lang='lat' dir='ltr'><strong>dicis,</strong></span> <span class='ocrx_word' id='word_1_674' title='bbox 1565 2620 1597 2671; x_wconf 88' lang='lat' dir='ltr'><strong>et</strong></span> <span class='ocrx_word' id='word_1_675' title='bbox 1609 2616 1704 2672; x_wconf 87' lang='lat' dir='ltr'><strong>ambo</strong></span> <span class='ocrx_word' id='word_1_676' title='bbox 1719 2617 1893 2674; x_wconf 75' lang='lat' dir='ltr'><strong>videmusne·</strong></span> 
     </span>
     <span class='ocr_line' id='line_1_88' title="bbox 1040 2702 1938 2779; baseline 0.011 -22"><span class='ocrx_word' id='word_1_677' title='bbox 1040 2718 1107 2758; x_wconf 92' lang='lat' dir='ltr'><strong>rum</strong></span> <span class='ocrx_word' id='word_1_678' title='bbox 1114 2718 1175 2758; x_wconf 90' lang='lat' dir='ltr'><strong>esse</strong></span> <span class='ocrx_word' id='word_1_679' title='bbox 1190 2702 1340 2774; x_wconf 91' lang='lat' dir='ltr'><strong>qooddico</strong></span> <span class='ocrx_word' id='word_1_680' title='bbox 1354 2702 1437 2776; x_wconf 47' lang='lat' dir='ltr'><strong>stubi,</strong></span> <span class='ocrx_word' id='word_1_681' title='bbox 1453 2720 1563 2776; x_wconf 75' lang='lat' dir='ltr'><strong>queso,</strong></span> <span class='ocrx_word' id='word_1_682' title='bbox 1571 2704 1604 2760; x_wconf 91' lang='lat' dir='ltr'><strong>id</strong></span> <span class='ocrx_word' id='word_1_683' title='bbox 1612 2704 1779 2763; x_wconf 79' lang='lat' dir='ltr'><strong>videmus?</strong></span> <span class='ocrx_word' id='word_1_684' title='bbox 1791 2708 1894 2779; x_wconf 63' lang='lat' dir='ltr'><strong>naas</strong></span> <span class='ocrx_word' id='word_1_685' title='bbox 1936 2742 1938 2767; x_wconf 86' lang='lat' dir='ltr'><strong>t</strong></span> 
     </span>
     <span class='ocr_line' id='line_1_89' title="bbox 1042 2791 1890 2870; baseline 0.007 -25"><span class='ocrx_word' id='word_1_686' title='bbox 1042 2791 1142 2864; x_wconf 89' lang='lat' dir='ltr'><strong>utique</strong></span> <span class='ocrx_word' id='word_1_687' title='bbox 1157 2791 1189 2845; x_wconf 91' lang='lat' dir='ltr'><strong>in</strong></span> <span class='ocrx_word' id='word_1_688' title='bbox 1203 2797 1242 2859; x_wconf 89' lang='lat' dir='ltr'><strong>te,</strong></span> <span class='ocrx_word' id='word_1_689' title='bbox 1257 2795 1348 2847; x_wconf 91' lang='lat' dir='ltr'><strong>neetu</strong></span> <span class='ocrx_word' id='word_1_690' title='bbox 1362 2791 1466 2861; x_wconf 76' lang='lat' dir='ltr'><strong>inme,</strong></span> <span class='ocrx_word' id='word_1_691' title='bbox 1483 2792 1632 2849; x_wconf 89' lang='lat' dir='ltr'><strong>sedambo</strong></span> <span class='ocrx_word' id='word_1_692' title='bbox 1644 2794 1680 2849; x_wconf 92' lang='lat' dir='ltr'><strong>in</strong></span> <span class='ocrx_word' id='word_1_693' title='bbox 1690 2794 1769 2867; x_wconf 87' lang='lat' dir='ltr'><strong>ipsa,</strong></span> <span class='ocrx_word' id='word_1_694' title='bbox 1784 2811 1890 2870; x_wconf 71' lang='lat' dir='ltr'><strong>quesn</strong></span> 
     </span>
     <span class='ocr_line' id='line_1_90' title="bbox 1040 2879 1893 2950; baseline 0.005 -17"><span class='ocrx_word' id='word_1_695' title='bbox 1040 2895 1094 2950; x_wconf 88' lang='lat' dir='ltr'><strong>pra</strong></span> <span class='ocrx_word' id='word_1_696' title='bbox 1108 2882 1218 2935; x_wconf 91' lang='lat' dir='ltr'><strong>meotes</strong></span> <span class='ocrx_word' id='word_1_697' title='bbox 1233 2882 1344 2934; x_wconf 91' lang='lat' dir='ltr'><strong>nostras</strong></span> <span class='ocrx_word' id='word_1_698' title='bbox 1358 2883 1411 2948; x_wconf 88' lang='lat' dir='ltr'><strong>est,</strong></span> <span class='ocrx_word' id='word_1_699' title='bbox 1427 2879 1661 2937; x_wconf 89' lang='lat' dir='ltr'><strong>incommutabili</strong></span> <span class='ocrx_word' id='word_1_700' title='bbox 1683 2883 1824 2940; x_wconf 83' lang='lat' dir='ltr'><strong>Veritate.</strong></span> <span class='ocrx_word' id='word_1_701' title='bbox 1837 2883 1893 2940; x_wconf 78' lang='grc' dir='ltr'><strong>ὓιιιιι</strong></span> 
     </span>
     <span class='ocr_line' id='line_1_91' title="bbox 1041 2967 1890 3039; baseline 0.009 -17"><span class='ocrx_word' id='word_1_702' title='bbox 1041 2983 1111 3039; x_wconf 91' lang='lat' dir='ltr'><strong>ergo</strong></span> <span class='ocrx_word' id='word_1_703' title='bbox 1126 2967 1161 3022; x_wconf 89' lang='lat' dir='ltr'><strong>de</strong></span> <span class='ocrx_word' id='word_1_704' title='bbox 1171 2967 1234 3039; x_wconf 92' lang='lat' dir='ltr'><strong>ipsa</strong></span> <span class='ocrx_word' id='word_1_705' title='bbox 1243 2967 1357 3022; x_wconf 89' lang='lat' dir='ltr'><strong>Domini</strong></span> <span class='ocrx_word' id='word_1_706' title='bbox 1372 2967 1521 3025; x_wconf 86' lang='lat' dir='ltr'><strong>Deinostri</strong></span> <span class='ocrx_word' id='word_1_707' title='bbox 1533 2969 1599 3024; x_wconf 90' lang='lat' dir='ltr'><strong>luce</strong></span> <span class='ocrx_word' id='word_1_708' title='bbox 1610 2985 1675 3026; x_wconf 91' lang='lat' dir='ltr'><strong>nou</strong></span> <span class='ocrx_word' id='word_1_709' title='bbox 1685 2972 1890 3037; x_wconf 70' lang='lat' dir='ltr'><strong>contendamus</strong></span> 
     </span>
     <span class='ocr_line' id='line_1_92' title="bbox 1040 3055 1889 3134; baseline 0.004 -22"><span class='ocrx_word' id='word_1_710' title='bbox 1040 3071 1091 3112; x_wconf 89' lang='lat' dir='ltr'><strong>cur</strong></span> <span class='ocrx_word' id='word_1_711' title='bbox 1106 3057 1140 3112; x_wconf 90' lang='lat' dir='ltr'><strong>de</strong></span> <span class='ocrx_word' id='word_1_712' title='bbox 1152 3055 1275 3127; x_wconf 90' lang='lat' dir='ltr'><strong>proximi</strong></span> <span class='ocrx_word' id='word_1_713' title='bbox 1289 3056 1460 3128; x_wconf 79' lang='lat' dir='ltr'><strong>cogitatione</strong></span> <span class='ocrx_word' id='word_1_714' title='bbox 1475 3058 1797 3134; x_wconf 88' lang='lat' dir='ltr'><strong>contendimus,quam</strong></span> <span class='ocrx_word' id='word_1_715' title='bbox 1811 3060 1848 3117; x_wconf 87' lang='lat' dir='ltr'><strong>sic</strong></span> <span class='ocrx_word' id='word_1_716' title='bbox 1858 3061 1889 3115; x_wconf 86' lang='lat' dir='ltr'><strong>ri·</strong></span> 
     </span>
     <span class='ocr_line' id='line_1_93' title="bbox 1040 3145 1889 3216; baseline 0.009 -15"><span class='ocrx_word' id='word_1_717' title='bbox 1040 3145 1107 3201; x_wconf 90' lang='lat' dir='ltr'><strong>dere</strong></span> <span class='ocrx_word' id='word_1_718' title='bbox 1123 3160 1180 3199; x_wconf 92' lang='lat' dir='ltr'><strong>nou</strong></span> <span class='ocrx_word' id='word_1_719' title='bbox 1195 3160 1348 3216; x_wconf 87' lang='lat' dir='ltr'><strong>possumus</strong></span> <span class='ocrx_word' id='word_1_720' title='bbox 1358 3150 1391 3200; x_wconf 92' lang='lat' dir='ltr'><strong>ut</strong></span> <span class='ocrx_word' id='word_1_721' title='bbox 1404 3145 1889 3211; x_wconf 73' lang='lat' dir='ltr'><strong>udetorincommutabiltsvnites</strong></span> 
     </span>
     <span class='ocr_line' id='line_1_94' title="bbox 1041 3232 1889 3313; baseline 0.008 -23"><span class='ocrx_word' id='word_1_722' title='bbox 1041 3232 1156 3307; x_wconf 90' lang='lat' dir='ltr'><strong>quando</strong></span> <span class='ocrx_word' id='word_1_723' title='bbox 1173 3233 1197 3288; x_wconf 91' lang='lat' dir='ltr'><strong>si</strong></span> <span class='ocrx_word' id='word_1_724' title='bbox 1212 3233 1272 3306; x_wconf 91' lang='lat' dir='ltr'><strong>ipse</strong></span> <span class='ocrx_word' id='word_1_725' title='bbox 1284 3234 1391 3306; x_wconf 87' lang='lat' dir='ltr'><strong>lloyses</strong></span> <span class='ocrx_word' id='word_1_726' title='bbox 1406 3236 1585 3307; x_wconf 87' lang='lat' dir='ltr'><strong>apparuisset</strong></span> <span class='ocrx_word' id='word_1_727' title='bbox 1598 3237 1689 3293; x_wconf 88' lang='lat' dir='ltr'><strong>nobis</strong></span> <span class='ocrx_word' id='word_1_728' title='bbox 1703 3244 1796 3313; x_wconf 87' lang='lat' dir='ltr'><strong>atque</strong></span> <span class='ocrx_word' id='word_1_729' title='bbox 1818 3239 1889 3296; x_wconf 83' lang='lat' dir='ltr'><strong>dixis·</strong></span> 
     </span>
     <span class='ocr_line' id='line_1_95' title="bbox 1038 3321 1889 3401; baseline 0.008 -27"><span class='ocrx_word' id='word_1_730' title='bbox 1038 3325 1090 3387; x_wconf 85' lang='lat' dir='ltr'><strong>set,</strong></span> <span class='ocrx_word' id='word_1_731' title='bbox 1107 3322 1165 3377; x_wconf 88' lang='lat' dir='ltr'><strong>Hoc</strong></span> <span class='ocrx_word' id='word_1_732' title='bbox 1178 3321 1320 3393; x_wconf 86' lang='lat' dir='ltr'><strong>cogitavi;</strong></span> <span class='ocrx_word' id='word_1_733' title='bbox 1335 3339 1387 3378; x_wconf 91' lang='lat' dir='ltr'><strong>uec</strong></span> <span class='ocrx_word' id='word_1_734' title='bbox 1401 3323 1441 3379; x_wconf 90' lang='lat' dir='ltr'><strong>sic</strong></span> <span class='ocrx_word' id='word_1_735' title='bbox 1455 3341 1520 3380; x_wconf 89' lang='lat' dir='ltr'><strong>eam</strong></span> <span class='ocrx_word' id='word_1_736' title='bbox 1534 3324 1720 3395; x_wconf 85' lang='lat' dir='ltr'><strong>videremus,</strong></span> <span class='ocrx_word' id='word_1_737' title='bbox 1732 3328 1795 3401; x_wconf 76' lang='lat' dir='ltr'><strong>lsed</strong></span> <span class='ocrx_word' id='word_1_738' title='bbox 1808 3326 1889 3384; x_wconf 85' lang='lat' dir='ltr'><strong>crede-</strong></span> 
     </span>
     <span class='ocr_line' id='line_1_96' title="bbox 1039 3409 1889 3488; baseline 0.012 -25"><span class='ocrx_word' id='word_1_739' title='bbox 1039 3410 1162 3464; x_wconf 88' lang='lat' dir='ltr'><strong>remus?</strong></span> <span class='ocrx_word' id='word_1_740' title='bbox 1178 3409 1343 3482; x_wconf 87' lang='lat' dir='ltr'><strong>Nonitaque</strong></span> <span class='ocrx_word' id='word_1_741' title='bbox 1358 3412 1757 3485; x_wconf 87' lang='lat' dir='ltr'><strong>supraquamscriptumesl,</strong></span> <span class='ocrx_word' id='word_1_742' title='bbox 1774 3430 1889 3488; x_wconf 85' lang='lat' dir='ltr'><strong>unuspm</strong></span> 
     </span>
     <span class='ocr_line' id='line_1_97' title="bbox 1040 3496 1890 3577; baseline 0.013 -26"><span class='ocrx_word' id='word_1_743' title='bbox 1040 3498 1129 3552; x_wconf 89' lang='lat' dir='ltr'><strong>altero</strong></span> <span class='ocrx_word' id='word_1_744' title='bbox 1144 3496 1262 3552; x_wconf 88' lang='lat' dir='ltr'><strong>intletur</strong></span> <span class='ocrx_word' id='word_1_745' title='bbox 1276 3499 1410 3554; x_wconf 84' lang='lat' dir='ltr'><strong>adversus</strong></span> <span class='ocrx_word' id='word_1_746' title='bbox 1421 3500 1544 3556; x_wconf 89' lang='lat' dir='ltr'><strong>altemm</strong></span> <span class='ocrx_word' id='word_1_747' title='bbox 1559 3501 1583 3573; x_wconf 92' lang='lat' dir='ltr'><strong>(l</strong></span> <span class='ocrx_word' id='word_1_748' title='bbox 1598 3503 1664 3560; x_wconf 82' lang='lat' dir='ltr'><strong>Gor.</strong></span> <span class='ocrx_word' id='word_1_749' title='bbox 1683 3521 1725 3572; x_wconf 87' lang='lat' dir='ltr'><strong>rr,</strong></span> <span class='ocrx_word' id='word_1_750' title='bbox 1747 3504 1787 3577; x_wconf 84' lang='lat' dir='ltr'><strong>o).</strong></span> <span class='ocrx_word' id='word_1_751' title='bbox 1803 3504 1890 3575; x_wconf 71' lang='lat' dir='ltr'><strong>llssige</strong></span> 
     </span>
     <span class='ocr_line' id='line_1_98' title="bbox 1039 3587 1889 3663; baseline 0.009 -23"><span class='ocrx_word' id='word_1_752' title='bbox 1039 3602 1103 3641; x_wconf 90' lang='lat' dir='ltr'><strong>mus</strong></span> <span class='ocrx_word' id='word_1_753' title='bbox 1115 3587 1269 3642; x_wconf 82' lang='lat' dir='ltr'><strong>Dominum</strong></span> <span class='ocrx_word' id='word_1_754' title='bbox 1284 3588 1373 3643; x_wconf 82' lang='lat' dir='ltr'><strong>herrm</strong></span> <span class='ocrx_word' id='word_1_755' title='bbox 1382 3592 1515 3644; x_wconf 88' lang='lat' dir='ltr'><strong>nostrum</strong></span> <span class='ocrx_word' id='word_1_756' title='bbox 1524 3604 1558 3644; x_wconf 88' lang='lat' dir='ltr'><strong>ex</strong></span> <span class='ocrx_word' id='word_1_757' title='bbox 1574 3594 1636 3646; x_wconf 86' lang='lat' dir='ltr'><strong>toto</strong></span> <span class='ocrx_word' id='word_1_758' title='bbox 1649 3593 1754 3663; x_wconf 88' lang='lat' dir='ltr'><strong>corde,</strong></span> <span class='ocrx_word' id='word_1_759' title='bbox 1770 3598 1800 3649; x_wconf 87' lang='lat' dir='ltr'><strong>et</strong></span> <span class='ocrx_word' id='word_1_760' title='bbox 1813 3609 1846 3650; x_wconf 86' lang='lat' dir='ltr'><strong>ex</strong></span> <span class='ocrx_word' id='word_1_761' title='bbox 1855 3598 1889 3648; x_wconf 80' lang='lat' dir='ltr'><strong>te</strong></span> 
     </span>
     <span class='ocr_line' id='line_1_99' title="bbox 1038 3675 1888 3752; baseline 0.008 -23"><span class='ocrx_word' id='word_1_762' title='bbox 1038 3675 1185 3743; x_wconf 74' lang='lat' dir='ltr'><strong>maniosa,</strong></span> <span class='ocrx_word' id='word_1_763' title='bbox 1202 3679 1230 3730; x_wconf 90' lang='lat' dir='ltr'><strong>et</strong></span> <span class='ocrx_word' id='word_1_764' title='bbox 1246 3691 1281 3730; x_wconf 87' lang='lat' dir='ltr'><strong>ex</strong></span> <span class='ocrx_word' id='word_1_765' title='bbox 1300 3679 1361 3732; x_wconf 89' lang='lat' dir='ltr'><strong>tota</strong></span> <span class='ocrx_word' id='word_1_766' title='bbox 1374 3680 1470 3732; x_wconf 89' lang='lat' dir='ltr'><strong>mente</strong></span> <span class='ocrx_word' id='word_1_767' title='bbox 1486 3681 1594 3747; x_wconf 91' lang='lat' dir='ltr'><strong>nostra,</strong></span> <span class='ocrx_word' id='word_1_768' title='bbox 1611 3683 1641 3734; x_wconf 89' lang='lat' dir='ltr'><strong>et</strong></span> <span class='ocrx_word' id='word_1_769' title='bbox 1659 3681 1835 3752; x_wconf 86' lang='lat' dir='ltr'><strong>proximum</strong></span> <span class='ocrx_word' id='word_1_770' title='bbox 1848 3696 1888 3736; x_wconf 82' lang='lat' dir='ltr'><strong>no</strong></span> 
     </span>
     <span class='ocr_line' id='line_1_100' title="bbox 1039 3764 1888 3840; baseline 0.009 -23"><span class='ocrx_word' id='word_1_771' title='bbox 1039 3767 1131 3819; x_wconf 90' lang='lat' dir='ltr'><strong>strum</strong></span> <span class='ocrx_word' id='word_1_772' title='bbox 1143 3764 1215 3819; x_wconf 89' lang='lat' dir='ltr'><strong>sicut</strong></span> <span class='ocrx_word' id='word_1_773' title='bbox 1225 3764 1413 3837; x_wconf 90' lang='lat' dir='ltr'><strong>nosmetipsos</strong></span> <span class='ocrx_word' id='word_1_774' title='bbox 1429 3767 1518 3834; x_wconf 81' lang='lat' dir='ltr'><strong>(Dent.</strong></span> <span class='ocrx_word' id='word_1_775' title='bbox 1535 3784 1571 3836; x_wconf 86' lang='lat' dir='ltr'><strong>vr,</strong></span> <span class='ocrx_word' id='word_1_776' title='bbox 1588 3771 1620 3836; x_wconf 81' lang='grc'><strong>5;</strong></span> <span class='ocrx_word' id='word_1_777' title='bbox 1635 3771 1744 3827; x_wconf 67' lang='lat' dir='ltr'><strong>Mosen</strong></span> <span class='ocrx_word' id='word_1_778' title='bbox 1762 3787 1831 3838; x_wconf 91' lang='lat' dir='ltr'><strong>xxn,</strong></span> <span class='ocrx_word' id='word_1_779' title='bbox 1845 3770 1888 3840; x_wconf 73' lang='lat' dir='ltr'><strong>lli.</strong></span> 
     </span>
     <span class='ocr_line' id='line_1_101' title="bbox 1038 3853 1888 3932; baseline 0.011 -24"><span class='ocrx_word' id='word_1_780' title='bbox 1038 3853 1158 3923; x_wconf 87' lang='lat' dir='ltr'><strong>Propter</strong></span> <span class='ocrx_word' id='word_1_781' title='bbox 1172 3869 1236 3924; x_wconf 83' lang='lat' dir='ltr'><strong>quae</strong></span> <span class='ocrx_word' id='word_1_782' title='bbox 1247 3853 1303 3909; x_wconf 91' lang='lat' dir='ltr'><strong>duo</strong></span> <span class='ocrx_word' id='word_1_783' title='bbox 1314 3860 1457 3927; x_wconf 85' lang='lat' dir='ltr'><strong>praecepta</strong></span> <span class='ocrx_word' id='word_1_784' title='bbox 1466 3855 1613 3911; x_wconf 88' lang='lat' dir='ltr'><strong>charitatis</strong></span> <span class='ocrx_word' id='word_1_785' title='bbox 1628 3859 1762 3915; x_wconf 86' lang='lat' dir='ltr'><strong>sensisse</strong></span> <span class='ocrx_word' id='word_1_786' title='bbox 1778 3861 1888 3932; x_wconf 65' lang='lat' dir='ltr'><strong>loram,</strong></span> 
     </span>
     <span class='ocr_line' id='line_1_102' title="bbox 1038 3940 1889 4017; baseline 0.013 -23"><span class='ocrx_word' id='word_1_787' title='bbox 1038 3940 1178 4013; x_wconf 90' lang='lat' dir='ltr'><strong>quidquid</strong></span> <span class='ocrx_word' id='word_1_788' title='bbox 1193 3941 1289 3996; x_wconf 90' lang='lat' dir='ltr'><strong>inillis</strong></span> <span class='ocrx_word' id='word_1_789' title='bbox 1299 3943 1390 3999; x_wconf 86' lang='lat' dir='ltr'><strong>hibris</strong></span> <span class='ocrx_word' id='word_1_790' title='bbox 1400 3944 1500 4011; x_wconf 89' lang='lat' dir='ltr'><strong>sensit,</strong></span> <span class='ocrx_word' id='word_1_791' title='bbox 1513 3944 1568 3999; x_wconf 92' lang='lat' dir='ltr'><strong>nisi</strong></span> <span class='ocrx_word' id='word_1_792' title='bbox 1578 3944 1813 4017; x_wconf 86' lang='lat' dir='ltr'><strong>crediderimus;</strong></span> <span class='ocrx_word' id='word_1_793' title='bbox 1825 3963 1889 4005; x_wconf 77' lang='lat' dir='ltr'><strong>men</strong></span> 
     </span>
     <span class='ocr_line' id='line_1_103' title="bbox 1038 4027 1889 4100; baseline 0.012 -18"><span class='ocrx_word' id='word_1_794' title='bbox 1038 4027 1889 4100; x_wconf 79' lang='lat' dir='ltr'><strong>dacemlaciemusllominum,cumdeanimocouserrixliter</strong></span> 
     </span>
     <span class='ocr_line' id='line_1_104' title="bbox 1037 4117 1887 4196; baseline 0.012 -25"><span class='ocrx_word' id='word_1_795' title='bbox 1037 4132 1124 4187; x_wconf 88' lang='lat' dir='ltr'><strong>quam</strong></span> <span class='ocrx_word' id='word_1_796' title='bbox 1138 4117 1186 4173; x_wconf 92' lang='lat' dir='ltr'><strong>ille</strong></span> <span class='ocrx_word' id='word_1_797' title='bbox 1202 4117 1301 4174; x_wconf 91' lang='lat' dir='ltr'><strong>docuit</strong></span> <span class='ocrx_word' id='word_1_798' title='bbox 1328 4119 1495 4191; x_wconf 88' lang='lat' dir='ltr'><strong>opinamur.</strong></span> <span class='ocrx_word' id='word_1_799' title='bbox 1511 4123 1574 4176; x_wconf 84' lang='lat' dir='ltr'><strong>tam</strong></span> <span class='ocrx_word' id='word_1_800' title='bbox 1588 4121 1657 4177; x_wconf 82' lang='lat' dir='ltr'><strong>ride</strong></span> <span class='ocrx_word' id='word_1_801' title='bbox 1673 4140 1769 4196; x_wconf 85' lang='lat' dir='ltr'><strong>quam</strong></span> <span class='ocrx_word' id='word_1_802' title='bbox 1782 4124 1887 4183; x_wconf 83' lang='lat' dir='ltr'><strong>stultum</strong></span> 
     </span>
     <span class='ocr_line' id='line_1_105' title="bbox 1037 4203 1888 4287; baseline 0.007 -28"><span class='ocrx_word' id='word_1_803' title='bbox 1037 4203 1114 4259; x_wconf 90' lang='lat' dir='ltr'><strong>sitin</strong></span> <span class='ocrx_word' id='word_1_804' title='bbox 1127 4209 1206 4261; x_wconf 85' lang='lat' dir='ltr'><strong>tanta</strong></span> <span class='ocrx_word' id='word_1_805' title='bbox 1219 4207 1301 4278; x_wconf 88' lang='lat' dir='ltr'><strong>eopia</strong></span> <span class='ocrx_word' id='word_1_806' title='bbox 1313 4207 1526 4264; x_wconf 86' lang='lat' dir='ltr'><strong>rarissimarum</strong></span> <span class='ocrx_word' id='word_1_807' title='bbox 1541 4210 1772 4282; x_wconf 86' lang='lat' dir='ltr'><strong>sententiarum,</strong></span> <span class='ocrx_word' id='word_1_808' title='bbox 1788 4229 1851 4287; x_wconf 75' lang='lat' dir='ltr'><strong>que</strong></span> <span class='ocrx_word' id='word_1_809' title='bbox 1862 4211 1888 4269; x_wconf 88' lang='lat' dir='ltr'><strong>de</strong></span> 
     </span>
     <span class='ocr_line' id='line_1_106' title="bbox 1036 4292 1888 4376; baseline 0.012 -29"><span class='ocrx_word' id='word_1_810' title='bbox 1036 4292 1093 4348; x_wconf 91' lang='lat' dir='ltr'><strong>illis</strong></span> <span class='ocrx_word' id='word_1_811' title='bbox 1112 4294 1206 4350; x_wconf 89' lang='lat' dir='ltr'><strong>verbis</strong></span> <span class='ocrx_word' id='word_1_812' title='bbox 1225 4295 1288 4351; x_wconf 91' lang='lat' dir='ltr'><strong>erui</strong></span> <span class='ocrx_word' id='word_1_813' title='bbox 1306 4300 1427 4367; x_wconf 90' lang='lat' dir='ltr'><strong>possunt</strong></span> <span class='ocrx_word' id='word_1_814' title='bbox 1442 4301 1547 4353; x_wconf 89' lang='lat' dir='ltr'><strong>temere</strong></span> <span class='ocrx_word' id='word_1_815' title='bbox 1568 4297 1734 4371; x_wconf 87' lang='lat' dir='ltr'><strong>allirmare,</strong></span> <span class='ocrx_word' id='word_1_816' title='bbox 1751 4319 1840 4376; x_wconf 87' lang='lat' dir='ltr'><strong>quam</strong></span> <span class='ocrx_word' id='word_1_817' title='bbox 1851 4317 1888 4357; x_wconf 74' lang='lat' dir='ltr'><strong>aa</strong></span> 
     </span>
     <span class='ocr_line' id='line_1_107' title="bbox 1035 4383 1887 4458; baseline 0.012 -22"><span class='ocrx_word' id='word_1_818' title='bbox 1035 4397 1101 4437; x_wconf 90' lang='lat' dir='ltr'><strong>rum</strong></span> <span class='ocrx_word' id='word_1_819' title='bbox 1121 4384 1228 4457; x_wconf 81' lang='lat' dir='ltr'><strong>bloyses</strong></span> <span class='ocrx_word' id='word_1_820' title='bbox 1241 4383 1424 4456; x_wconf 88' lang='lat' dir='ltr'><strong>potissimum</strong></span> <span class='ocrx_word' id='word_1_821' title='bbox 1441 4386 1574 4454; x_wconf 87' lang='lat' dir='ltr'><strong>senserit;</strong></span> <span class='ocrx_word' id='word_1_822' title='bbox 1588 4391 1618 4442; x_wconf 89' lang='lat' dir='ltr'><strong>et</strong></span> <span class='ocrx_word' id='word_1_823' title='bbox 1634 4390 1816 4458; x_wconf 87' lang='lat' dir='ltr'><strong>perniciosis</strong></span> <span class='ocrx_word' id='word_1_824' title='bbox 1832 4406 1887 4447; x_wconf 86' lang='lat' dir='ltr'><strong>eon·</strong></span> 
     </span>
     <span class='ocr_line' id='line_1_108' title="bbox 1036 4473 1888 4554; baseline 0.011 -27"><span class='ocrx_word' id='word_1_825' title='bbox 1036 4473 1215 4529; x_wconf 87' lang='lat' dir='ltr'><strong>tentionibus</strong></span> <span class='ocrx_word' id='word_1_826' title='bbox 1225 4474 1317 4546; x_wconf 90' lang='lat' dir='ltr'><strong>ipsam</strong></span> <span class='ocrx_word' id='word_1_827' title='bbox 1327 4474 1471 4530; x_wconf 79' lang='lat' dir='ltr'><strong>offendere</strong></span> <span class='ocrx_word' id='word_1_828' title='bbox 1483 4475 1666 4546; x_wconf 88' lang='lat' dir='ltr'><strong>charitatem,</strong></span> <span class='ocrx_word' id='word_1_829' title='bbox 1678 4486 1888 4554; x_wconf 82' lang='lat' dir='ltr'><strong>propterquam</strong></span> 
     </span>
     <span class='ocr_line' id='line_1_109' title="bbox 1037 4561 1750 4639; baseline 0.013 -23"><span class='ocrx_word' id='word_1_830' title='bbox 1037 4561 1109 4617; x_wconf 81' lang='lat' dir='ltr'><strong>dixit</strong></span> <span class='ocrx_word' id='word_1_831' title='bbox 1123 4562 1231 4632; x_wconf 88' lang='lat' dir='ltr'><strong>omnia,</strong></span> <span class='ocrx_word' id='word_1_832' title='bbox 1247 4563 1328 4636; x_wconf 86' lang='lat' dir='ltr'><strong>enjus</strong></span> <span class='ocrx_word' id='word_1_833' title='bbox 1343 4563 1419 4620; x_wconf 90' lang='lat' dir='ltr'><strong>dicta</strong></span> <span class='ocrx_word' id='word_1_834' title='bbox 1432 4580 1570 4620; x_wconf 89' lang='lat' dir='ltr'><strong>conamur</strong></span> <span class='ocrx_word' id='word_1_835' title='bbox 1584 4581 1750 4639; x_wconf 83' lang='lat' dir='ltr'><strong>exponere.</strong></span> 
     </span>
    </p>

    <p class='ocr_par' dir='ltr' id='par_1_13' title="bbox 1233 4652 1694 4812">
     <span class='ocr_line' id='line_1_110' title="bbox 1351 4652 1573 4710; baseline 0.009 -2"><span class='ocrx_word' id='word_1_836' title='bbox 1351 4652 1464 4709; x_wconf 78' lang='lat' dir='ltr'>CAPUT</span> <span class='ocrx_word' id='word_1_837' title='bbox 1482 4654 1573 4710; x_wconf 77' lang='lat' dir='ltr'><strong>xxvi.</strong></span> 
     </span>
     <span class='ocr_line' id='line_1_111' title="bbox 1233 4739 1694 4812; baseline 0.015 -18"><span class='ocrx_word' id='word_1_838' title='bbox 1233 4740 1288 4806; x_wconf 84' lang='lat' dir='ltr'><strong>Qui</strong></span> <span class='ocrx_word' id='word_1_839' title='bbox 1299 4754 1385 4795; x_wconf 70' lang='lat' dir='ltr'><strong>some</strong></span> <span class='ocrx_word' id='word_1_840' title='bbox 1398 4739 1489 4796; x_wconf 73' lang='lat' dir='ltr'><strong>decem</strong></span> <span class='ocrx_word' id='word_1_841' title='bbox 1503 4742 1694 4812; x_wconf 78' lang='lat' dir='ltr'><strong>scripturam.</strong></span> 
     </span>
    </p>

    <p class='ocr_par' dir='ltr' id='par_1_14' title="bbox 1032 4827 1886 5523">
     <span class='ocr_line' id='line_1_112' title="bbox 1071 4827 1886 4899; baseline 0.012 -18"><span class='ocrx_word' id='word_1_842' title='bbox 1071 4827 1116 4882; x_wconf 80' lang='grc'><strong>36.</strong></span> <span class='ocrx_word' id='word_1_843' title='bbox 1132 4828 1165 4883; x_wconf 80' lang='lat' dir='ltr'><strong>lit</strong></span> <span class='ocrx_word' id='word_1_844' title='bbox 1179 4831 1277 4883; x_wconf 89' lang='lat' dir='ltr'><strong>tamen</strong></span> <span class='ocrx_word' id='word_1_845' title='bbox 1292 4843 1354 4899; x_wconf 92' lang='lat' dir='ltr'><strong>ego,</strong></span> <span class='ocrx_word' id='word_1_846' title='bbox 1374 4829 1450 4884; x_wconf 85' lang='lat' dir='ltr'><strong>Deus</strong></span> <span class='ocrx_word' id='word_1_847' title='bbox 1467 4844 1549 4885; x_wconf 89' lang='lat' dir='ltr'><strong>meus</strong></span> <span class='ocrx_word' id='word_1_848' title='bbox 1562 4829 1705 4888; x_wconf 88' lang='lat' dir='ltr'><strong>celsitudo</strong></span> <span class='ocrx_word' id='word_1_849' title='bbox 1721 4832 1886 4891; x_wconf 78' lang='lat' dir='ltr'><strong>humilitatis</strong></span> 
     </span>
     <span class='ocr_line' id='line_1_113' title="bbox 1033 4916 1884 4990; baseline 0.012 -21"><span class='ocrx_word' id='word_1_850' title='bbox 1033 4930 1117 4986; x_wconf 77' lang='lat' dir='ltr'><strong>mea,</strong></span> <span class='ocrx_word' id='word_1_851' title='bbox 1128 4919 1156 4970; x_wconf 92' lang='lat' dir='ltr'><strong>et</strong></span> <span class='ocrx_word' id='word_1_852' title='bbox 1170 4917 1284 4987; x_wconf 89' lang='lat' dir='ltr'><strong>requies</strong></span> <span class='ocrx_word' id='word_1_853' title='bbox 1303 4916 1408 4972; x_wconf 89' lang='lat' dir='ltr'><strong>laboris</strong></span> <span class='ocrx_word' id='word_1_854' title='bbox 1422 4917 1491 4985; x_wconf 92' lang='lat' dir='ltr'><strong>mei,</strong></span> <span class='ocrx_word' id='word_1_855' title='bbox 1515 4917 1566 4990; x_wconf 92' lang='lat' dir='ltr'><strong>qui</strong></span> <span class='ocrx_word' id='word_1_856' title='bbox 1589 4918 1676 4974; x_wconf 90' lang='lat' dir='ltr'><strong>audis</strong></span> <span class='ocrx_word' id='word_1_857' title='bbox 1695 4923 1884 4979; x_wconf 73' lang='lat' dir='ltr'><strong>confessiones</strong></span> 
     </span>
     <span class='ocr_line' id='line_1_114' title="bbox 1034 5003 1886 5083; baseline 0.012 -25"><span class='ocrx_word' id='word_1_858' title='bbox 1034 5018 1123 5070; x_wconf 87' lang='lat' dir='ltr'><strong>meas,</strong></span> <span class='ocrx_word' id='word_1_859' title='bbox 1138 5007 1166 5058; x_wconf 94' lang='lat' dir='ltr'><strong>et</strong></span> <span class='ocrx_word' id='word_1_860' title='bbox 1181 5003 1303 5060; x_wconf 91' lang='lat' dir='ltr'><strong>dimittis</strong></span> <span class='ocrx_word' id='word_1_861' title='bbox 1317 5009 1433 5076; x_wconf 85' lang='lat' dir='ltr'><strong>peccata</strong></span> <span class='ocrx_word' id='word_1_862' title='bbox 1440 5021 1517 5074; x_wconf 88' lang='lat' dir='ltr'><strong>mea;</strong></span> <span class='ocrx_word' id='word_1_863' title='bbox 1534 5006 1717 5078; x_wconf 87' lang='lat' dir='ltr'><strong>quoniamtu</strong></span> <span class='ocrx_word' id='word_1_864' title='bbox 1732 5010 1886 5083; x_wconf 77' lang='lat' dir='ltr'><strong>mihipte·</strong></span> 
     </span>
     <span class='ocr_line' id='line_1_115' title="bbox 1033 5091 1885 5172; baseline 0.008 -27"><span class='ocrx_word' id='word_1_865' title='bbox 1033 5091 1105 5163; x_wconf 90' lang='lat' dir='ltr'><strong>cipis</strong></span> <span class='ocrx_word' id='word_1_866' title='bbox 1116 5097 1147 5147; x_wconf 89' lang='lat' dir='ltr'><strong>ut</strong></span> <span class='ocrx_word' id='word_1_867' title='bbox 1158 5092 1278 5164; x_wconf 78' lang='lat' dir='ltr'><strong>diligam</strong></span> <span class='ocrx_word' id='word_1_868' title='bbox 1290 5092 1455 5166; x_wconf 90' lang='lat' dir='ltr'><strong>proximum</strong></span> <span class='ocrx_word' id='word_1_869' title='bbox 1467 5110 1564 5150; x_wconf 90' lang='lat' dir='ltr'><strong>meum</strong></span> <span class='ocrx_word' id='word_1_870' title='bbox 1580 5095 1655 5152; x_wconf 88' lang='lat' dir='ltr'><strong>sicut</strong></span> <span class='ocrx_word' id='word_1_871' title='bbox 1666 5098 1825 5172; x_wconf 88' lang='lat' dir='ltr'><strong>meipsum,</strong></span> <span class='ocrx_word' id='word_1_872' title='bbox 1835 5113 1885 5154; x_wconf 89' lang='lat' dir='ltr'><strong>nou</strong></span> 
     </span>
     <span class='ocr_line' id='line_1_116' title="bbox 1032 5181 1884 5255; baseline 0.008 -22"><span class='ocrx_word' id='word_1_873' title='bbox 1032 5196 1153 5251; x_wconf 88' lang='lat' dir='ltr'><strong>possum</strong></span> <span class='ocrx_word' id='word_1_874' title='bbox 1172 5181 1268 5238; x_wconf 90' lang='lat' dir='ltr'><strong>minus</strong></span> <span class='ocrx_word' id='word_1_875' title='bbox 1288 5182 1402 5238; x_wconf 90' lang='lat' dir='ltr'><strong>credere</strong></span> <span class='ocrx_word' id='word_1_876' title='bbox 1422 5183 1457 5239; x_wconf 91' lang='lat' dir='ltr'><strong>de</strong></span> <span class='ocrx_word' id='word_1_877' title='bbox 1475 5184 1567 5255; x_wconf 83' lang='lat' dir='ltr'><strong>lloyse</strong></span> <span class='ocrx_word' id='word_1_878' title='bbox 1587 5183 1762 5244; x_wconf 80' lang='lat' dir='ltr'><strong>fidelissimo</strong></span> <span class='ocrx_word' id='word_1_879' title='bbox 1785 5188 1884 5245; x_wconf 84' lang='lat' dir='ltr'><strong>lamuh</strong></span> 
     </span>
     <span class='ocr_line' id='line_1_117' title="bbox 1033 5269 1883 5343; baseline 0.007 -22"><span class='ocrx_word' id='word_1_880' title='bbox 1033 5271 1093 5335; x_wconf 91' lang='lat' dir='ltr'><strong>tuo,</strong></span> <span class='ocrx_word' id='word_1_881' title='bbox 1115 5284 1201 5340; x_wconf 91' lang='lat' dir='ltr'><strong>quam</strong></span> <span class='ocrx_word' id='word_1_882' title='bbox 1222 5269 1295 5325; x_wconf 93' lang='lat' dir='ltr'><strong>mihi</strong></span> <span class='ocrx_word' id='word_1_883' title='bbox 1314 5275 1445 5343; x_wconf 91' lang='lat' dir='ltr'><strong>optarem</strong></span> <span class='ocrx_word' id='word_1_884' title='bbox 1459 5287 1492 5327; x_wconf 88' lang='lat' dir='ltr'><strong>ae</strong></span> <span class='ocrx_word' id='word_1_885' title='bbox 1506 5270 1701 5330; x_wconf 88' lang='lat' dir='ltr'><strong>desiderarem</strong></span> <span class='ocrx_word' id='word_1_886' title='bbox 1722 5276 1776 5332; x_wconf 86' lang='lat' dir='ltr'><strong>abs</strong></span> <span class='ocrx_word' id='word_1_887' title='bbox 1789 5272 1883 5331; x_wconf 80' lang='lat' dir='ltr'><strong>lodari</strong></span> 
     </span>
     <span class='ocr_line' id='line_1_118' title="bbox 1033 5356 1882 5434; baseline 0.008 -26"><span class='ocrx_word' id='word_1_888' title='bbox 1033 5356 1171 5426; x_wconf 90' lang='lat' dir='ltr'><strong>muneris,</strong></span> <span class='ocrx_word' id='word_1_889' title='bbox 1188 5357 1212 5412; x_wconf 89' lang='lat' dir='ltr'><strong>si</strong></span> <span class='ocrx_word' id='word_1_890' title='bbox 1224 5362 1354 5431; x_wconf 91' lang='lat' dir='ltr'><strong>tempore</strong></span> <span class='ocrx_word' id='word_1_891' title='bbox 1372 5359 1422 5416; x_wconf 92' lang='lat' dir='ltr'><strong>illo</strong></span> <span class='ocrx_word' id='word_1_892' title='bbox 1435 5363 1520 5416; x_wconf 87' lang='lat' dir='ltr'><strong>natus</strong></span> <span class='ocrx_word' id='word_1_893' title='bbox 1535 5376 1628 5417; x_wconf 86' lang='lat' dir='ltr'><strong>essem</strong></span> <span class='ocrx_word' id='word_1_894' title='bbox 1648 5378 1709 5434; x_wconf 94' lang='lat' dir='ltr'><strong>quo</strong></span> <span class='ocrx_word' id='word_1_895' title='bbox 1723 5362 1786 5433; x_wconf 86' lang='lat' dir='ltr'><strong>ille,</strong></span> <span class='ocrx_word' id='word_1_896' title='bbox 1802 5376 1882 5434; x_wconf 85' lang='lat' dir='ltr'><strong>eoque</strong></span> 
     </span>
     <span class='ocr_line' id='line_1_119' title="bbox 1032 5443 1879 5523; baseline 0.007 -24"><span class='ocrx_word' id='word_1_897' title='bbox 1032 5443 1093 5500; x_wconf 90' lang='lat' dir='ltr'><strong>loco</strong></span> <span class='ocrx_word' id='word_1_898' title='bbox 1106 5460 1153 5500; x_wconf 92' lang='lat' dir='ltr'><strong>me</strong></span> <span class='ocrx_word' id='word_1_899' title='bbox 1165 5447 1368 5516; x_wconf 69' lang='lat' dir='ltr'><strong>constituisses}</strong></span> <span class='ocrx_word' id='word_1_900' title='bbox 1383 5453 1415 5505; x_wconf 93' lang='lat' dir='ltr'><strong>ut</strong></span> <span class='ocrx_word' id='word_1_901' title='bbox 1426 5465 1478 5523; x_wconf 90' lang='lat' dir='ltr'><strong>per</strong></span> <span class='ocrx_word' id='word_1_902' title='bbox 1491 5448 1662 5506; x_wconf 78' lang='lat' dir='ltr'><strong>servitutem</strong></span> <span class='ocrx_word' id='word_1_903' title='bbox 1675 5451 1774 5508; x_wconf 87' lang='lat' dir='ltr'><strong>cordis</strong></span> <span class='ocrx_word' id='word_1_904' title='bbox 1787 5467 1819 5508; x_wconf 83' lang='lat' dir='ltr'><strong>ec</strong></span> <span class='ocrx_word' id='word_1_905' title='bbox 1831 5450 1879 5505; x_wconf 92' lang='lat' dir='ltr'><strong>lin·</strong></span> 
     </span>
    </p>
   </div>
   <div class='ocr_carea' id='block_1_10' title="bbox 1033 5536 1880 5617">
    <p class='ocr_par' dir='ltr' id='par_1_15' title="bbox 1033 5536 1880 5617">
     <span class='ocr_line' id='line_1_120' title="bbox 1033 5536 1880 5617; baseline 0 -25"><span class='ocrx_word' id='word_1_906' title='bbox 1033 5549 1098 5605; x_wconf 84' lang='lat' dir='ltr'><strong>gues</strong></span> <span class='ocrx_word' id='word_1_907' title='bbox 1124 5551 1206 5604; x_wconf 78' lang='lat' dir='ltr'><strong>mere,</strong></span> <span class='ocrx_word' id='word_1_908' title='bbox 1231 5538 1345 5596; x_wconf 75' lang='lat' dir='ltr'><strong>litterae</strong></span> <span class='ocrx_word' id='word_1_909' title='bbox 1367 5536 1425 5595; x_wconf 78' lang='lat' dir='ltr'><strong>illa</strong></span> <span class='ocrx_word' id='word_1_910' title='bbox 1449 5539 1697 5614; x_wconf 88' lang='lat' dir='ltr'><strong>dispensarentur,</strong></span> <span class='ocrx_word' id='word_1_911' title='bbox 1721 5558 1788 5617; x_wconf 74' lang='lat' dir='ltr'><strong>quaa</strong></span> <span class='ocrx_word' id='word_1_912' title='bbox 1812 5544 1880 5598; x_wconf 86' lang='lat' dir='ltr'><strong>tanto</strong></span> 
     </span>
    </p>
   </div>
   <div class='ocr_carea' id='block_1_11' title="bbox 0 0 1946 6112">
    <p class='ocr_par' dir='ltr' id='par_1_16' title="bbox 0 0 1946 6112">
     <span class='ocr_line' id='line_1_121' title="bbox 0 0 1946 6112; baseline 0 4"><span class='ocrx_word' id='word_1_913' title='bbox 0 0 1946 6112; x_wconf 95' lang='lat' dir='ltr'><strong> </strong></span> 
     </span>
    </p>
   </div>
  </div>
 </body>
</html>
