3884 6112
697 274 799 333 66666
818 277 957 336 sexsus
1647 302 1700 356 „3

71 403 99 461 td
112 406 162 460 ner
176 406 365 476 testirtmtioue
378 408 533 479 firuiureut,
553 427 612 466 cum
625 415 714 479 ruisse
728 415 794 471 car.
849 400 979 472 ipsorum
991 406 1182 476 arrogantiam
1193 407 1245 462 hac
1260 409 1364 479 agendi
1375 411 1486 467 ratione
1496 415 1564 469 satis
1577 418 1700 474 declara·

71 493 185 562 quondo
196 500 341 564 praenites
353 498 533 565 presentibus
542 500 751 565 mandaverunt,
763 509 793 558 ur
849 490 926 545 bant.
942 494 975 547 Ct
988 493 1104 565 qrridem
1119 494 1149 549 in
1163 495 1248 550 tertia
1264 497 1420 553 Collationc
1436 501 1575 557 Catholici
1589 521 1641 574 per
1656 523 1700 561 oc·

71 586 147 637 reret.
171 582 223 636 Ubi
236 583 417 638 veliementior
430 586 595 653 perturbari,
612 604 664 643 nec
679 606 708 643 50
725 607 793 662 per.
849 579 995 636 cessionem
1009 583 1199 654 quarumdam
1216 584 1373 640 litterarum
1388 587 1423 642 ab
1442 588 1498 643 illis
1516 591 1698 662 scriptarum,
1754 629 1757 635 -

71 682 141 738 gare
157 669 229 735 ausi,
244 671 441 739 responderunt
461 689 468 727 ε
485 674 557 740 Quid
570 675 596 729 si
613 682 639 730 et
657 679 730 734 ultus
741 695 794 749 pro
849 668 954 738 quibus
981 671 1202 742 respondebant,
1226 673 1413 730 deridiculum
1440 677 1519 733 illam
1545 679 1699 736 venitatem

71 757 196 827 posuit?
206 760 383 813 Heraeorum
391 761 543 826 salsitatem
552 763 794 837 reprehensamju.
849 757 1040 827 perstrinxere
1058 775 1064 813 :
1080 759 1188 830 quippe
1203 777 1252 816 eos
1267 761 1427 834 Scripturas
1440 781 1592 837 perperam
1608 768 1699 823 inter·

73 845 792 924 66116666661666116616666οωί666661166111166616.
848 845 969 915 preteri;
994 850 1043 901 oui
1067 847 1090 902 si
1113 853 1231 920 propior
1254 851 1340 905 verbo
1368 853 1483 922 psalmi,
1506 857 1567 911 Nou
1589 858 1650 912 sedi
1670 861 1699 912 in

71 936 93 1004 l,
106 947 167 1004 cop.
186 934 406 1007 11).)11666116
425 939 588 1002 Donatista,
604 941 654 1012 qui
670 942 793 996 raphon.
849 934 960 988 concilio
980 937 1136 1005 impiorum,
1158 954 1265 1005 secum,
1285 955 1357 1010 quos
1375 939 1533 1010 impiorum
1552 959 1699 1017 nuncupa·

71 1021 292 1093 subscriptiones
321 1022 425 1078 idcirco
448 1026 598 1081 voluerant
626 1029 793 1098 examinari,
848 1019 925 1074 11666
956 1026 1068 1077 notatos
1099 1024 1242 1091 volebant,
1276 1027 1429 1082 consedere
1462 1031 1695 1102 prohiberentur,

71 1109 150 1163 min
163 1109 205 1163 eis
220 1111 372 1165 nonnullas
386 1111 563 1182 deprehendi
573 1131 655 1185 posse
665 1116 794 1171 credide.
848 1123 942 1179 neque
956 1109 1043 1165 etiam
1055 1110 1086 1165 in
1099 1114 1231 1167 eumdem
1246 1113 1359 1185 ingredi
1375 1117 1469 1172 locum
1484 1118 1615 1175 debuisse
1630 1137 1696 1192 pro·

71 1196 229 1253 lDouctisl.
243 1203 304 1267 post
319 1200 419 1254 Callai.
443 1217 471 1255 6.
493 1201 549 1272 66),
570 1202 673 1259 saissa
688 1204 795 1260 retibus
848 1201 913 1265 pter
927 1197 1057 1266 proxime
1067 1203 1217 1268 sequentes
1232 1202 1474 1274 ejusdempsalmi
1488 1222 1581 1277 voces,
1592 1211 1627 1263 111
1639 1225 1699 1264 cum

71 1298 122 1340 tre.
137 1286 170 1339 ln
184 1285 237 1340 hac
251 1292 348 1341 autern
362 1289 545 1344 contentione
559 1306 625 1344 cum
637 1292 794 1364 subfrigide
849 1287 1114 1354 1616669666ίὸυὸ
1134 1304 1187 1342 uon
1205 1288 1323 1344 introibo
1337 1292 1420 1360 (Psoi.
1443 1310 1508 1360 xxv,
1524 1297 1565 1362 1);
1582 1299 1697 1367 quaudo

71 1373 240 1443 Petilianus,
258 1377 318 1430 Nan
332 1381 371 1430 est
385 1377 534 1432 temanum
548 1381 637 1435 mori?
658 1381 794 1435 continu0
849 1388 916 1427 vero
927 1374 987 1445 jam
1005 1390 1102 1429 secum
1117 1376 1217 1430 codem
1236 1376 1357 1432 introire
1376 1379 1497 1436 minime
1512 1382 1698 1448 dubitassent,

71 1477 94 1516 ιο
106 1477 279 1534 responsum
290 1468 341 1531 est,
355 1466 543 1522 Humanitatis
553 1472 592 1522 est
606 1471 686 1535 mari,
697 1470 745 1524 sed
754 1472 796 1524 in.
849 1462 1002 1532 quominus
1021 1462 1107 1517 etiam
1131 1464 1328 1532 consederent,
1349 1465 1505 1522 detrectare
1527 1469 1698 1542 neutiquam

71 1552 121 1605 6116
131 1552 272 1617 estsallere
280 1552 385 1622 (Cottot.
393 1554 525 1623 Corthop.
544 1558 719 1626 6666661).
731 1559 794 1612 Ρ66-
850 1550 954 1606 666666
968 1551 1080 1622 (ltreuic.
1097 1553 1234 1618 6611613,
1250 1569 1279 1608 n.
1298 1555 1350 1623 18).

71 1639 248 1693 *artistarum
258 1639 516 1711 subscriptionibus
526 1643 645 1715 Alypius
655 1645 795 1699 sexdecim
884 1644 912 1693 ’1.
928 1640 1090 1695 Marcellino
1108 1640 1198 1712 igitur
1216 1643 1384 1715 caterisque
1403 1645 1545 1700 stantibus
1569 1648 1698 1715 Notoria,

71 1725 206 1797 piscopos
229 1727 393 1795 catholicos,
418 1730 468 1799 qui
492 1732 657 1787 mandatum
672 1733 795 1788 subscri·
850 1743 937 1798 quam
950 1727 1042 1797 pridie
1057 1728 1220 1783 obtulerant
1230 1731 1384 1787 Donatista
1396 1733 1521 1804 perlecta
1534 1739 1576 1789 est
1592 1735 1698 1807 (Collut.

71 1814 428 1886 praeter'quatuoruliosin
439 1819 511 1873 urbe
520 1819 621 1874 morbo
632 1820 794 1892 impeditos,
850 1816 980 1882 Cortbou.
1009 1819 1037 1885 r,
1069 1832 1128 1885 cop.
1159 1819 1213 1884 tr).
1240 1817 1400 1875 sciscitanti
1431 1821 1534 1877 661666
1561 1823 1698 1892 Tribuno,

71 1902 145 1969 bid„
160 1918 240 1973 capp.
267 1906 330 1970 rto,
354 1906 429 1974 116).
455 1906 516 1970 Quo
540 1906 647 1962 iactum
662 1911 751 1963 estut
765 1908 795 1961 in
849 1903 991 1974 numquid
1013 1903 1105 1974 parati
1129 1910 1223 1958 essent
1245 1906 1371 1978 episcopi
1395 1925 1446 1963 sua
1468 1909 1591 1981 quisque
1613 1912 1701 1966 rerba

71 2005 142 2045 »rum
150 1991 280 2045 omniurn
286 1993 489 2062 supputatione
503 1995 664 2050 Donatistae
675 2012 795 2050 numero
850 1991 1026 2047 subscribere
1036 1991 1131 2063 (toto,
1143 2009 1166 2046 c.
1180 1995 1221 2063 13)
1230 2012 1237 2061 ;
1247 1994 1341 2063 primo
1351 1996 1468 2068 quidem
1480 1998 1634 2054 bonatista
1645 2016 1699 2054 mo·

71 2082 90 2134 it
106 2079 254 2135 Catholici.
276 2080 347 2135 [lein
368 2081 516 2154 episcopos
536 2099 646 2150 omnes,
669 2083 795 2154 exceptis
850 2079 889 2133 ris
910 2079 964 2134 hoc
987 2095 1048 2135 esse
1071 2087 1262 2150 negaverunt3
1285 2083 1389 2138 deinde
1408 2101 1473 2139 vero
1497 2091 1558 2141 1666
1580 2103 1701 2160 respon·

76 2181 128 2223 sex
143 2168 210 2234 iltis,
226 2168 276 2239 qui
290 2168 325 2222 66
340 2169 527 2224 Collationem
548 2171 645 2226 selecti
669 2172 794 2238 luerent,
851 2183 933 2221 suros
956 2183 1017 2222 sose
1039 2167 1181 2236 dixerunt,
1208 2186 1274 2224 curn
1296 2170 1350 2225 sibi
1375 2177 1522 2242 gestorum
1544 2175 1701 2245 superioris

71 2261 114 2313 snt
123 2257 217 2328 (1616,
227 2258 373 2327 capilo).
383 2258 727 2330 Sodquoniamhoradiei
733 2261 795 2331 jam
850 2253 1019 2322 collationis,
1038 2271 1105 2328 quaa
1128 2256 1256 2311 noudum
1280 2257 1397 2312 omnino
1418 2259 1558 2331 descripta
1576 2262 1700 2329 lucrant,

71 2360 97 2401 te
120 2345 309 2416 praeterierat,
335 2347 389 2401 hoc
414 2353 468 2416 est,
493 2352 571 2402 serta
599 2335 796 2420 pomeridir'ena
850 2343 988 2398 traditum
1017 2349 1091 2398 esset
1113 2346 1276 2416 exemplum
1302 2363 1308 2400 :
1334 2363 1438 2417 cupere
1465 2349 1543 2404 enim
1569 2366 1598 2404 se
1620 2351 1699 2422 prius

71 2433 548 2505 ,666111616666666666666666666
563 2436 750 2492 Collationem
765 2438 796 2492 in
851 2448 938 2503 quam
953 2434 1088 2487 resultus
1105 2438 1334 2504 promoveretur,
1351 2452 1384 2490 ee
1404 2437 1498 2491 denuo
1513 2438 1620 2508 legere,
1634 2455 1700 2494 nec·

71 2537 137 2577 rum
154 2522 238 2585 diens,
257 2521 394 2576 nimirum
410 2523 529 2577 indiam
543 2524 662 2592 6666611,
678 2526 796 2581 tertium
850 2537 908 2575 non
929 2521 1099 2576 accuratiori
1124 2520 1231 2591 judicio
1252 2522 1424 2592 expendere,
1446 2525 1521 2594 quod
1547 2525 1645 2597 utique
1668 2527 1699 2582 in

71 2608 155 2676 tuias,
173 2609 292 2670 distulit.
307 2614 338 2663 ut
351 2626 415 2681 quae
430 2610 505 2665 dicta
516 2611 632 2666 lucrant
645 2617 673 2667 et
684 2618 795 2668 tantum
851 2609 1010 2679 exemplari
1026 2610 1100 2663 notis
1120 2613 1233 2662 exarato
1253 2610 1348 2663 minus
1367 2614 1512 2681 poterant,
1532 2617 1630 2684 utpote
1649 2615 1700 2687 qui

71 2701 159 2768 repta,
170 2698 500 2768 perinterjectumillum
513 2699 588 2753 diem
600 2700 797 2756 exscribietin
852 2713 899 2750 eas
919 2712 978 2750 non
999 2701 1133 2763 nossent;
1156 2712 1222 2751 cum
1244 2697 1371 2767 alioquin
1386 2703 1468 2752 notas
1485 2700 1602 2753 alterius
1616 2701 1702 2756 sciret

71 2800 144 2839 irem
159 2785 279 2840 formam
298 2785 388 2855 digeri
403 2790 520 2856 possent
538 2787 629 2856 (1616,
646 2804 706 2859 cop.
722 2792 796 2859 213).
851 2801 936 2839 nemo
952 2784 1046 2855 (1616,
1071 2800 1150 2853 capp.
1176 2787 1222 2852 16,
1247 2786 1292 2854 ro,
1317 2787 1360 2852 33,
1377 2788 1421 2851 38,
1442 2787 1496 2856 43).
1514 2788 1548 2841 Et
1566 2787 1620 2842 hoc
1643 2805 1701 2843 non

71 2871 797 2944 66616666666166116616666616616666616666-
851 2873 929 2927 61166
953 2877 1023 2939 6661,
1048 2888 1134 2944 quarn
1158 2876 1272 2942 tempus
1296 2873 1470 2941 1661166666
1493 2874 1701 2944 prolationibus

71 2974 113 3015 ira
127 2960 453 3032 quadringentesimum,
470 2977 535 3032 quse
550 2967 627 3017 sexta
637 2967 698 3017 erat
713 2963 794 3031 feria,
851 2976 936 3032 agere
948 2961 1020 3015 velle
1035 2976 1071 3013 ne
1087 2960 1121 3014 66
1137 2959 1280 3030 judicium
1299 2959 1445 3014 veniretur
1458 2961 1549 3030 (1616,
1566 2978 1625 3033 cup.
1643 2966 1699 3034 36).

75 3048 242 3116 Donatistae,
261 3048 442 3104 defensorum
467 3049 597 3104 Ecclesia
617 3051 745 3104 veritatis
760 3051 796 3105 ti·
851 3050 950 3120 llaque
971 3047 1198 3119 respondebatur
1210 3063 1228 3100 6
1244 3047 1405 3114 Catholicis,
1422 3065 1468 3103 eos
1482 3049 1511 3102 iu
1527 3050 1619 3121 prima
1634 3052 1698 3107 Col-

71 3135 108 3191 661
120 3140 298 3206 arrogantes,
315 3137 476 3191 Marcellino
493 3137 641 3193 Notoriam
653 3138 796 3205 obtulere,
852 3136 969 3204 latione,
985 3136 1008 3191 si
1023 3136 1092 3208 quid
1105 3141 1253 3206 gestorum
1267 3136 1435 3209 apographo
1451 3153 1523 3207 opus
1538 3144 1623 3210 esset,
1637 3154 1702 3209 pro-

71 3224 419 3296 .666666166661,16631666
427 3242 487 3280 6666
496 3225 795 3296 superiorisCollatio·
852 3226 959 3297 spicere
975 3226 1116 3292 debuisse,
1127 3240 1180 3279 nec
1193 3224 1323 3296 polliceri
1339 3242 1368 3280 se
1383 3227 1462 3297 prius
1476 3228 1511 3281 66
1526 3229 1701 3300 colloquium

71 3329 178 3384 ,quem
195 3313 318 3368 6166661
332 3313 569 3380 describerentur,
584 3315 796 3369 Catholicorum
851 3313 1004 3384 redituros,
1018 3329 1106 3384 quam
1120 3312 1175 3368 sibi
1189 3312 1225 3367 66
1240 3312 1270 3366 16
1288 3313 1394 3383 paratis
1408 3329 1467 3368 csse
1486 3313 1584 3369 liceret
1601 3332 1608 3370 :
1624 3332 1701 3371 nunc

71 3402 197 3474 Leopiam
207 3403 323 3457 interim
334 3403 459 3458 sibiheri
473 3404 631 3474 petierunt,
641 3408 674 3459 ut
684 3405 720 3459 ad
730 3421 796 3477 pro·
851 3417 918 3455 6666
932 3404 999 3471 post
1015 3401 1103 3455 iidem
1121 3400 1217 3455 datam
1232 3400 1356 3471 amplius
1375 3396 1593 3473 procrastinare,
1609 3404 1700 3459 haud-

71 3489 140 3551 lam,
156 3507 243 3562 quam
254 3495 447 3563 susceperant,
460 3507 585 3557 causam,
597 3497 694 3547 essent
703 3493 795 3563 parati
852 3504 997 3560 quaquam
1008 3488 1153 3558 integrum
1170 3504 1244 3555 esse;
1261 3489 1327 3542 illos
1340 3488 1433 3558 pridie
1448 3489 1510 3559 ejus
1525 3489 1584 3544 diei
1598 3491 1701 3546 Catho-

75 3580 102 3648 2,
140 3595 200 3649 cop.
240 3581 291 3648 11).
325 3581 413 3635 tussit
449 3581 628 3635 Marcellinus
668 3581 797 3636 mandati
851 3577 971 3631 licorum
985 3576 1153 3631 mandatum
1164 3576 1289 3647 petiisse,
1305 3591 1357 3629 nec
1373 3575 1459 3630 ullius
1474 3582 1614 3647 praterea
1628 3579 1701 3635 elte-

71 3681 110 3722 tm
125 3666 181 3721 iltis
199 3668 260 3722 dari
283 3684 289 3722 :
316 3668 394 3738 quod
408 3668 508 3739 utique
522 3668 553 3722 iu
568 3684 669 3723 eorum
685 3669 797 3723 animos
851 3665 911 3719 rius
925 3663 967 3718 rei
981 3664 1155 3718 mentionem
1171 3661 1268 3718 iecisse
1278 3664 1372 3731 (1616,
1383 3679 1442 3733 cup.
1457 3666 1511 3735 19).
1527 3665 1701 3730 Quinetiam

71 3751 200 3820 itionem,
226 3760 257 3810 ut
283 3755 338 3824 ipsi
359 3755 481 3810 confessi
508 3760 585 3822 sunt,
612 3755 712 3826 injecit
737 3772 796 3811 non
851 3752 1028 3823 superiorem
1053 3751 1238 3808 Collationem
1261 3751 1358 3822 potius
1382 3752 1412 3807 in
1436 3753 1619 3809 recensendis
1644 3755 1701 3825 epi·

71 3856 92 3897 6
116 3842 211 3914 (totu,
225 3859 306 3912 capp.
321 3846 365 3909 33,
383 3846 440 3914 36),
457 3860 521 3898 cum
542 3860 650 3905 revera,
672 3845 748 3916 quod
769 3844 795 3899 ei
851 3857 1005 3912 scoporum
1020 3840 1285 3914 subscriptionibus,
1301 3845 1387 3912 atque
1401 3841 1431 3896 in
1445 3842 1509 3896 aliis
1524 3842 1699 3913 hujusmodi,

71 3934 160 3998 erent,
184 3931 258 3984 nihil
280 3935 465 3985 succurreret.
491 3931 561 3985 lliuc
588 3931 796 4003 prosequendae
852 3945 938 4003 quam
949 3929 979 3984 in
988 3929 1116 3984 reullius
1126 3930 1161 3984 ad
1172 3929 1323 4000 negotium
1333 3931 1480 3995 momenti,
1489 3930 1575 3985 luisse
1584 3931 1703 3986 colloca·

80 4017 137 4086 die,
159 4018 188 4073 id
210 4024 253 4073 est
273 4018 358 4073 tertio
379 4035 470 4074 nonas
490 4019 598 4089 junias,
619 4019 795 4085 Collationis,
850 4024 910 4073 tarn
921 4018 1266 4088 (lbid.,cop.40).llerum
1275 4017 1336 4072 istis
1345 4018 1465 4073 minime
1476 4019 1614 4086 contenti,
1625 4020 1701 4075 diem

71 4105 127 4162 6616
139 4106 175 4162 66
190 4107 218 4162 16
232 4107 315 4161 666116
330 4123 358 4161 66
373 4106 523 4178 promissis
538 4107 721 4178 obligassent,
733 4123 796 4162 mn·
852 4105 1003 4162 Collationi
1017 4105 1205 4160 constitutum
1216 4105 1279 4175 jam
1292 4104 1359 4161 inde
1374 4124 1389 4160 a
1405 4111 1507 4177 quarto
1522 4105 1633 4161 decimo
1649 4106 1702 4161 ka·

71 4195 226 4260 sensilium,
252 4200 399 4266 sperantes
413 4196 519 4249 scilicet
533 4195 603 4262 iore,
620 4201 651 4249 ut
665 4212 717 4267 per
731 4210 796 4248 mo·
851 4195 949 4249 landas
961 4193 1057 4265 junius
1071 4195 1200 4263 elapsum
1215 4210 1286 4258 esse,
1300 4194 1544 4265 quemadmodum
1555 4193 1647 4265 pridie
1661 4195 1701 4249 16-

71 4297 146 4354 [uum
161 4283 272 4337 animos
288 4284 414 4354 recipere
430 4283 484 4338 sibi
494 4283 603 4337 liceret.
615 4286 750 4338 Attamen
761 4284 796 4337 66
851 4286 958 4350 cerunt,
984 4282 1102 4335 moleste
1128 4280 1310 4351 objectabant
1339 4281 1430 4351 (1616,
1458 4295 1538 4349 corp.
1567 4282 1612 4347 48,
1641 4281 1699 4352 66).

71 4369 538 4443 11666666666161661116611666
555 4372 747 4437 contulere,er
761 4370 796 4426 iis
852 4369 980 4440 lienique
998 4384 1061 4423 cum
1081 4367 1112 4422 iu
1126 4369 1251 4439 petenda
1269 4369 1404 4423 dilatione
1420 4373 1546 4422 mentem
1564 4368 1699 4423 66116666-

85 4460 140 4515 6611
164 4465 274 4532 septem
299 4460 503 4532 disputatores;
526 4477 541 4514 6
563 4459 715 4514 Catholicis
730 4475 796 4513 vero
850 4461 926 4525 rent,
942 4462 972 4512 ut
989 4456 1045 4512 hoc
1063 4456 1120 4511 illis
1139 4456 1269 4526 ajudice
1290 4455 1503 4522 concederetur,
1523 4456 1701 4526 Augustinus

71 4563 102 4604 66
124 4548 324 4618 delegatorum
345 4550 442 4604 nullus
460 4548 550 4603 deluit
570 4548 661 4618 (1616,
678 4562 739 4616 cup.
757 4548 795 4618 2).
851 4545 977 4600 obtinuit
992 4545 1083 4616 (1616,
1099 4559 1159 4614 cup.
1175 4543 1229 4612 66).
1251 4545 1282 4597 Et
1301 4543 1355 4614 ipsi
1373 4543 1489 4614 quidem
1510 4544 1587 4610 haud
1600 4544 1701 4617 iniqua

79 4635 176 4692 66666
188 4638 377 4704 Marcellinus,
388 4637 430 4691 uti
441 4635 723 4691 sedereutCoutinuo
733 4651 796 4688 mo·
850 4632 1052 4703 postulabant:
1065 4631 1113 4685 sed
1128 4646 1194 4684 cum
1204 4647 1234 4684 se
1247 4628 1340 4699 pridie
1349 4630 1489 4700 promisso
1503 4631 1539 4684 66
1554 4633 1698 4702 egendum

71 4739 141 4780 isere
157 4725 303 4780 Catholici.
329 4726 433 4779 Verum
454 4724 608 4779 Donatistae
630 4739 689 4778 nou
710 4723 796 4778 modo
851 4719 905 4774 hoc
929 4720 975 4774 die
999 4717 1147 4789 negotium
1173 4716 1443 4786 obligassent31'um
1461 4734 1520 4772 non
1548 4724 1618 4784 6661,
1649 4737 1701 4775 666

71 4828 180 4868 tuorem
204 4816 386 4883 respuerunt,
407 4813 456 4867 sed
471 4813 556 4867 etiarn
568 4812 745 4883 jactitarunt,
759 4826 797 4866 ne
851 4806 1014 4862 istiusmodi
1034 4806 1244 4877 postulatorum
1262 4803 1417 4858 haberetur
1436 4806 1494 4860 6116
1512 4806 1585 4861 66116
1606 4807 1698 4874 (loto,

71 4899 176 4957 helicis
195 4916 254 4956 una
266 4902 409 4968 sederent,
424 4900 527 4955 divinis
539 4901 651 4971 legibus
666 4900 721 4954 sihi
735 4916 796 4954 esse
851 4911 911 4965 cop.
928 4898 982 4963 66).
994 4894 1051 4949 11116
1061 4892 1159 4963 igitur,
1171 4890 1301 4962 quamvis
1316 4906 1417 4961 perum
1426 4893 1526 4948 libenti
1539 4895 1648 4961 animo,
1660 4900 1700 4949 la·

71 5031 73 5042 .
89 4988 150 5044 1166
164 4989 261 5042 Patres
276 4988 409 5042 catholici
424 4987 651 5055 dissimularunt,
665 4992 698 5042 ut
712 5004 748 5041 na
765 4987 796 5040 in
851 5000 918 5064 meu
933 4981 1100 5037 dilationem
1119 4979 1238 5034 indulsit
1253 4979 1431 5035 Marcellinus
1451 4982 1542 5050 (1616,
1562 4999 1622 5052 cup.
1638 4984 1697 5050 61);

71 5075 123 5132 ldis
146 5075 182 5129 iis
205 5076 320 5146 quaed
344 5092 406 5132 rem
425 5075 497 5130 nihil
512 5076 646 5141 iacerent,
662 5075 797 5130 luderent
850 5087 974 5144 cumque
984 5068 1088 5125 notarii
1102 5084 1162 5122 sese
1175 5067 1277 5122 eodem
1293 5068 1339 5123 die
1353 5069 1504 5142 castigatas
1518 5070 1635 5124 schedas
1650 5085 1698 5122 cx·

83 5164 233 5234 Extemplo
255 5170 352 5220 tamen
373 5180 576 5220 consurrexere
594 5179 704 5219 omnes,
721 5163 796 5228 Quin
850 5155 1434 5229 pleturospromisisseniiibiti„cap.63),
1451 5156 1699 5227 111οωί56165ἰωὶ-

95 5251 240 5308 removeri
258 5253 349 5320 iussa,
378 5253 558 5308 Marcellinus
580 5252 642 5323 ipse
664 5251 696 5306 in
710 5251 797 5323 pedes
849 5247 976 5301 11166666
999 5261 1029 5299 66
1054 5244 1264 5315 subscripturos
1280 5244 1433 5300 Donatistae
1459 5245 1548 5314 11616,
1564 5260 1625 5313 cup.
1639 5245 1695 5312 61).

71 5341 190 5397 66166666
199 5341 252 5394 sibi
263 5358 322 5395 non
336 5341 422 5396 licere
432 5357 485 5412 per
495 5358 559 5395 cam
571 5339 793 5405 venerationem,
851 5337 908 5391 lloc
921 5338 1004 5405 pacto
1016 5337 1102 5403 caput
1117 5333 1198 5399 illud,
1214 5333 1260 5388 cni
1271 5333 1365 5404 primo
1379 5331 1513 5401 refragati
1525 5336 1616 5402 66661,
1632 5336 1698 5387 tan·

71 5428 241 5502 sequebatur
254 5429 519 5497 antistitessedere,
529 5431 598 5484 dum
612 5428 687 5483 idem
703 5428 795 5482 166666
850 5424 916 5478 dem
927 5421 1082 5493 aliquando
1095 5421 1236 5476 admisere
1249 5421 1305 5492 (Ad
1318 5423 1414 5475 Donet.
1426 5423 1486 5487 post
1496 5419 1590 5474 Cultor.
1602 5435 1630 5474 6.
1645 5424 1696 5485 to).

71 5522 172 5574 seram
196 5516 291 5588 (toto,
311 5532 391 5587 capp.
418 5520 445 5581 3,
468 5517 505 5589 t).
537 5515 691 5571 Donatistae
714 5530 794 5569 suam
852 5513 914 5567 lton
937 5509 1015 5565 enim
1040 5508 1239 5580 eoslugiebat,
1256 5507 1337 5578 quin,
1362 5507 1387 5560 si
1409 5505 1614 5577 dictepropria
1629 5507 1697 5562 sub·
