3884 6112
99 177 150 231 70³

99 296 124 352 si
139 299 236 352 autem
250 293 438 366 improbaret,
452 292 628 349 sauciaretur
643 307 807 348 corsanum
825 294 855 345 et
867 290 953 346 inane

101 383 253 441 soliditatis
268 387 336 439 tuce.
346 385 379 439 Et
389 388 486 439 tamen
496 383 647 455 pulchrum
658 381 728 436 illud
748 385 952 452 atqneeptum,

102 473 179 530 unde
193 473 228 528 ad
244 488 310 528 eum
326 472 507 544 scripseram,
533 472 654 527 libenter
676 469 773 524 animo
795 469 953 538 versabam,

103 562 139 618 ob
164 578 195 617 os
222 560 474 632 contemplationis
495 561 590 626 meael,
613 563 641 613 ct
663 557 742 613 nullo
762 556 954 612 collaudatore

102 652 236 707 mirabar.

435 738 547 794 CAPUT
566 739 619 792 XV.

105 831 184 898 Quod
195 828 380 898 corporalibus
395 827 560 895 inminibus
571 825 784 893 contenebratus,
801 841 852 880 rien
866 828 956 895 potuit

387 931 481 985 cupere
499 917 669 985 spiritualia.

141 1008 185 1062 ιι.
200 1006 254 1061 Sed
269 1009 356 1059 tantae
369 1003 411 1058 rei
426 1004 571 1059 cardinem
586 1004 616 1058 ιιι
631 1008 690 1059 arte
703 1008 751 1060 tua
767 1005 897 1060 noudum
913 1004 954 1058 vi·

107 1095 219 1162 debam,
237 1093 435 1166 Omnipotens,
453 1093 503 1165 qni
517 1094 586 1149 iacis
604 1093 746 1149 mirabilia
765 1095 841 1149 solus
860 1095 951 1164 (Psoi.

106 1200 178 1250 ιιιι,
195 1185 235 1253 ι8)
247 1200 254 1238 :
268 1188 296 1238 et
308 1182 369 1237 ibat
383 1182 496 1238 enimus
508 1199 589 1238 meus
602 1200 653 1254 per
664 1184 771 1238 formas
786 1198 955 1253 corporeas3

105 1279 133 1328 et
147 1273 297 1345 pulchrum
322 1272 399 1344 quod
410 1273 592 1343 perseipsum
604 1289 611 1339 ;
628 1276 736 1343 aptum,
759 1277 866 1340 autem,
878 1271 955 1343 quod

107 1364 141 1417 ad
157 1361 266 1434 aliquid
280 1362 526 1417 accommodatum
538 1361 659 1426 deceret,
671 1360 843 1416 deliniebam
858 1365 887 1415 et
901 1359 956 1438 dis-

106 1451 284 1522 tinguebem,
298 1455 326 1506 et
340 1450 479 1522 exemplis
492 1449 635 1522 corporeis
650 1450 820 1505 astruebam.
839 1450 872 1503 Et
885 1465 957 1504 con·

107 1539 177 1594 verti
192 1556 238 1594 me
253 1540 286 1595 ad
304 1539 393 1594 animi
406 1543 558 1606 naturam,
575 1544 604 1593 et
619 1555 676 1593 non
692 1555 738 1593 me
755 1539 865 1593 sinebat
887 1538 957 1593 laisa

108 1629 207 1706 opinio
231 1628 373 1700 quamde
395 1627 590 1699 spiritualibus
612 1628 762 1693 habebam,
780 1643 878 1683 verum
896 1643 957 1681 cer·

107 1716 236 1771 nesciit
257 1714 385 1771 irruebat
407 1714 437 1769 in
463 1716 559 1769 ocules
583 1715 644 1786 ipsa
668 1714 709 1768 ris
728 1714 799 1784 veri,
822 1719 851 1769 et
876 1730 956 1770 aver-

107 1804 203 1858 tebam
218 1803 406 1874 palpitantem
422 1806 548 1858 mentem
558 1804 593 1858 ab
603 1803 769 1874 incorporea
781 1819 811 1857 re
822 1803 856 1858 ad
870 1803 958 1857 linee-

108 1897 215 1960 meuta,
236 1897 264 1946 et
280 1893 397 1960 colores,
410 1897 438 1947 et
453 1897 593 1946 tumentes
604 1892 827 1964 magnitudines.
848 1894 881 1948 Et
890 1892 958 1964 qnia

107 1998 165 2038 non
178 1987 309 2053 poteram
325 1998 358 2036 ea
371 1980 467 2037 nidere
485 1981 515 2036 in
538 1981 646 2049 animo,
671 1982 806 2053 putabam
829 1998 875 2036 me
898 1998 958 2037 non

107 2071 294 2145 possevidere
304 2070 433 2125 animum
445 2086 553 2125 meum.
569 2071 606 2127 Et
619 2087 684 2126 cum
696 2071 725 2125 in
738 2070 842 2126 virtute
857 2086 958 2141 pacem

109 2176 246 2226 amarem,
263 2159 293 2213 in
312 2158 464 2214 vitiositate
479 2163 575 2213 autem
589 2159 710 2214 odissem
726 2159 914 2226 discordiau13
928 2158 958 2213 in

110 2249 159 2303 illa
174 2248 323 2314 unitatem,
339 2248 370 2302 in
390 2247 444 2302 ista
458 2247 613 2320 quamdam
629 2247 797 2303 divisionem
813 2248 957 2302 notabam.

110 2339 200 2408 Inque
215 2336 383 2391 illauuitate
397 2352 479 2390 mens
488 2336 669 2391 rationaliset
678 2341 779 2391 natura
789 2336 915 2391 veritatis
927 2353 959 2391 ac

111 2423 291 2480 summiboni
302 2423 374 2479 mihi
387 2440 446 2479 esse
457 2424 618 2480 videbatur:
629 2425 659 2478 in
673 2425 726 2479 ista
741 2441 806 2479 uero
820 2425 959 2480 divisione

111 2511 284 2568 irrationalis
299 2512 364 2567 vitas
379 2511 401 2580 ¹,
416 2512 511 2568 nescio
527 2529 613 2585 quam
630 2513 816 2569 substantiam
836 2518 865 2568 et
879 2519 960 2569 natu·

113 2618 176 2657 ram
189 2600 295 2656 summi
307 2600 387 2668 mali,
403 2618 468 2673 quae
477 2618 534 2660 non
545 2602 637 2656 solum
648 2607 722 2657 esset
730 2602 899 2669 substantia,
911 2602 960 2656 sed

112 2691 230 2746 omnino
245 2690 302 2745 vite
327 2693 409 2756 essct,
436 2696 465 2746 et
482 2696 579 2746 tamen
594 2690 642 2745 ebs
663 2694 690 2746 te
709 2708 767 2747 nou
788 2696 872 2761 esset,
887 2692 970 2746 Deus,

114 2797 204 2847 mens,
219 2796 252 2834 ex
265 2795 323 2850 quo
337 2784 404 2835 snut
418 2781 525 2849 omnia,
545 2779 632 2834 miser
654 2779 802 2852 opinabar.
819 2782 852 2836 Et
865 2784 962 2835 umen

113 2870 192 2926 illam
207 2869 361 2925 monadem
385 2869 575 2940 appellabam,
591 2875 728 2941 tanquam
743 2870 804 2924 siue
820 2870 878 2924 ullo
893 2886 962 2925 sexu

116 2963 241 3013 mentem
256 2962 283 3023 ’ς
306 2958 381 3013 hanc
404 2973 472 3012 vero
489 2957 622 3028 dyadem,
637 2958 710 3012 iram
733 2957 763 3012 in
778 2958 963 3029 facinoribus,

114 3047 261 3103 libidinem
277 3046 306 3100 iu
331 3045 456 3118 llagitiis,
483 3045 613 3102 nesciens
633 3047 704 3120 quid
731 3048 875 3120 loquerer.
901 3049 963 3103 Nou

115 3136 192 3191 enim
203 3150 337 3190 noveram
352 3150 445 3207 nequae
459 3134 626 3204 didiceram,
649 3152 701 3191 nec
720 3137 808 3191 ullam
831 3138 963 3193 snbstan-

116 3227 184 3280 tiam
200 3224 308 3279 malum
323 3239 395 3292 esse,
420 3239 472 3278 ucc
495 3224 588 3295 ipsam
602 3229 729 3280 mentem
744 3229 871 3281 nostram
886 3243 964 3281 sum·

117 3326 196 3364 mum
216 3316 299 3382 atque
313 3310 547 3368 incommutabile
561 3312 679 3368 bonum.

151 3403 196 3456 25.
211 3401 290 3457 Sicut
312 3401 389 3456 enim
410 3401 536 3457 facinora
559 3408 635 3470 sunt,
664 3403 687 3457 si
711 3403 829 3458 vitiosus
853 3409 896 3459 est
917 3405 966 3460 ille

117 3489 207 3546 animi
220 3495 325 3560 motus,
337 3489 369 3545 in
383 3506 440 3562 quo
450 3495 493 3545 est
507 3492 642 3564 impetus,
659 3497 687 3547 et
701 3509 730 3546 se
741 3492 830 3562 jactat
843 3493 967 3549 insolen-

117 3585 160 3636 ter
172 3596 204 3635 ac
218 3579 350 3648 turbide;
366 3585 395 3636 et
413 3581 528 3653 ilagitia,
544 3581 568 3636 si
583 3587 626 3637 est
642 3582 832 3638 immoderata
845 3581 966 3637 illaani·

118 3685 173 3724 mae
192 3667 313 3736 allectio,
329 3685 386 3741 qua
401 3673 528 3725 carnales
543 3670 717 3726 hauriuntur
729 3673 906 3743 voluptates:
928 3670 968 3725 ita

119 3774 229 3814 errores
244 3762 272 3812 et
286 3757 365 3815 lalsca
380 3758 530 3829 opiniones
544 3760 629 3814 vitam
655 3760 861 3823 contaminant,
877 3759 901 3813 si
921 3775 968 3813 ra·

119 3846 234 3901 tionalis
249 3862 329 3900 mens
343 3846 405 3918 ipsa
414 3848 516 3903 vitiosa
531 3853 591 3913 est,
608 3848 700 3919 qualis
713 3848 744 3902 in
757 3864 803 3902 me
818 3853 886 3902 tunc
897 3850 970 3916 erat,

120 3933 262 3989 nesciente
289 3933 345 3988 alio
359 3934 467 3989 lumine
488 3936 567 3991 illam
582 3935 780 3990 illustrandam
802 3951 861 3990 esse
877 3939 908 3988 nt
935 3935 970 3989 sit

120 4021 262 4094 particeps
275 4021 413 4090 vannus,
427 4024 494 4094 quie
510 4038 568 4078 uon
583 4027 626 4078 est
640 4023 702 4093 ipsa
717 4030 818 4078 natura
835 4023 969 4079 veritalis.

119 4111 259 4179 Quoniam
274 4116 305 4166 ιιι
331 4111 509 4168 illuminabis
528 4114 676 4168 lucernam
700 4129 804 4180 meam,
830 4112 971 4179 Domiue3

121 4205 194 4259 Deus
217 4216 308 4256 meus.
335 4199 513 4256 illuminabis
540 4202 673 4257 tenebras
697 4218 775 4256 meas
803 4201 892 4270 (Psoi.
916 4218 969 4264 ιιιι,

119 4291 182 4362 ιιιε
200 4295 229 4345 et
252 4290 287 4345 de
303 4289 483 4362 plenitudiue
498 4295 548 4345 tua
563 4307 616 4346 uos
635 4307 734 4346 omues
748 4291 920 4363 accepimus.
936 4291 972 4346 Es

120 4379 455 4435 enimtulumenverum
466 4379 972 4452 qnodilluminutomnemhominem

120 4468 284 4524 venientem
299 4467 329 4524 in
348 4468 425 4524 hunc
439 4467 580 4523 mundum
598 4470 684 4533 (loon.
698 4486 718 4537 ι,
738 4473 780 4536 ιιι,
795 4469 840 4539 u);
861 4468 929 4539 quie
942 4467 974 4523 in

121 4563 149 4613 te
164 4573 221 4612 non
235 4562 277 4612 est
287 4557 501 4628 transmutatio,
513 4572 566 4612 nec
578 4556 717 4612 momenti
730 4556 909 4612 obumbratio
919 4556 974 4627 (Ja-

120 4646 179 4700 cobi
192 4661 211 4714 1,
234 4647 285 4714 Π).

158 4737 201 4790 td.
217 4734 273 4790 Sed
289 4751 341 4806 ego
357 4737 483 4792 conabar
498 4735 535 4793 ad
547 4740 587 4805 te,
606 4739 635 4792 et
652 4734 812 4807 repellebar
826 4734 875 4789 abs
889 4738 927 4802 te,
944 4737 976 4788 ut

123 4838 252 4894 saperem
269 4827 403 4894 mortem,
419 4825 556 4896 quoniam
565 4824 695 4897 superbis
707 4823 826 4880 resistis.
842 4823 915 4889 Quid
928 4839 975 4877 an·

122 4916 182 4967 tem
195 4910 451 4984 superbius,quam
468 4918 498 4968 ιιι
513 4929 671 4968 assererem
688 4912 760 4967 mira
775 4911 918 4967 dementia
929 4926 975 4966 me

156 5002 163 5033 ¹
174 5001 235 5049 Aru.
244 4999 525 5050 cumeditienabloreti
533 5014 576 5051 au.
590 5005 650 5051 lesu
665 5002 702 5050 sic
714 5000 804 5050 hehet:
816 5003 975 5050 Animoccr-

122 5062 976 5129 sobametostentationemcontemplationismea.lttss.sex:llo·

122 5125 494 5260 doiliiiniiigiileumnostris
503 5187 608 5238 babent:
621 5184 976 5239 viciuoactrrotionolibtlis

124 5252 192 5306 cita,
208 5249 263 5299 sire
276 5248 538 5313 malleacensem
546 5251 619 5311 Lon,
629 5250 784 5309 rationalis,
797 5249 932 5307 mendose,
949 5250 978 5295 ut

162 5378 173 5410 ³
185 5350 215 5424 lia
228 5375 289 5424 llas.
303 5375 420 5438 quinque
430 5373 706 5423 nouuenriorienoue
717 5373 838 5436 liabetur,
850 5375 908 5424 siue
917 5368 977 5422 aelio

125 5448 203 5486 senen
221 5439 335 5487 mentam
348 5453 354 5497 ;
369 5449 426 5500 pro,
441 5436 498 5486 sine
513 5435 564 5487 tito
579 5447 657 5485 earu.

697 167 971 225 courssslouuu
1000 167 1028 224 S.
1056 167 1260 225 auuusuru.
1807 176 1854 230 rot

1007 307 1038 364 id
1052 324 1114 365 esse
1128 308 1297 391 naturaliter
1310 310 1390 384 qnod
1402 315 1435 368 tu
1449 315 1504 368 eet
1521 313 1594 370 cum
1612 312 1694 370 anim
1705 329 1761 385 ago
1771 328 1854 371 essen

1007 397 1165 466 mutabilis,
1181 407 1209 453 et
1227 415 1261 454 eo
1286 399 1358 455 mibi
1381 400 1565 458 manifestum
1588 406 1671 471 esset,
1696 403 1776 476 qued
1800 403 1856 460 idco

1008 488 1109 560 utique
1124 487 1237 559 sapiens
1251 505 1312 545 csse
1327 489 1489 560 cupiebam,
1506 496 1538 546 ut
1549 507 1582 546 ex
1597 491 1741 548 deteriore
1760 492 1857 548 melior

1008 577 1124 644 fierem3
1139 578 1283 633 malebam
1297 582 1395 634 tamen
1410 579 1496 635 etiam
1509 583 1537 635 te
1553 581 1668 652 opinari
1682 581 1857 652 mutabilem,

1008 682 1096 740 qnam
1115 683 1161 722 me
1174 682 1231 722 nen
1244 667 1297 722 hoc
1310 684 1371 723 esse
1385 669 1465 740 quod
1477 674 1506 723 tu
1521 685 1560 725 es.
1576 671 1678 743 ltaque
1692 670 1857 743 repellebar,

1009 760 1038 812 et
1050 756 1201 812 resistebas
1212 761 1336 812 ventosae
1350 757 1451 812 cervici
1465 774 1557 814 meae:
1572 763 1601 814 et
1614 759 1801 831 imaginabar
1810 761 1857 816 for·

1008 862 1071 902 mas
1085 862 1248 918 corporeas,
1261 850 1289 902 et
1303 862 1492 902 caroearnem
1509 848 1688 916 accusabam,
1704 853 1735 904 et
1749 849 1858 920 spiritus

1010 935 1161 990 ambulans
1176 935 1306 990 nondum
1319 936 1483 991 revertebar
1496 937 1565 991 adte
1577 937 1666 1008 (Psoi.
1686 952 1790 1004 uxvsr,
1805 938 1856 1007 tul:

1010 1028 1038 1079 et
1054 1024 1227 1078 ambulando
1240 1024 1422 1080 ambulabam
1431 1025 1461 1079 in
1474 1041 1507 1080 ea
1521 1042 1587 1096 quae
1600 1041 1660 1080 non
1674 1029 1756 1092 sunl,
1773 1042 1857 1099 neqm

1010 1113 1039 1168 in
1055 1118 1093 1178 te,
1104 1128 1197 1184 neque
1206 1113 1299 1180 inme,
1309 1129 1404 1185 neque
1412 1113 1442 1167 iu
1452 1129 1572 1185 corpore
1582 1130 1589 1180 ;
1598 1130 1695 1186 neque
1707 1115 1782 1170 mibi
1790 1131 1859 1170 crea·

1009 1203 1114 1258 bantur
1127 1220 1144 1257 a
1158 1202 1275 1257 veritate
1290 1207 1349 1269 tua,
1366 1202 1414 1257 sed
1429 1219 1446 1259 a
1460 1219 1524 1258 mea
1536 1205 1662 1259 vanitate
1677 1203 1859 1274 fingebantur

1011 1309 1043 1347 ex
1058 1308 1178 1362 corpore
1189 1308 1196 1346 ι
1208 1295 1236 1346 et
1251 1290 1380 1346 dicebam
1394 1292 1662 1362 parerilislidalibus
1671 1291 1742 1360 tuis,
1759 1293 1858 1348 civibus

1010 1381 1093 1448 meis,
1119 1381 1264 1452 a'qnibus
1288 1381 1416 1436 nesciens
1444 1380 1629 1449 exsulabam,
1653 1381 1788 1437 dicebam
1810 1381 1859 1436 illis

1011 1472 1144 1544 garrulus
1159 1474 1187 1524 et
1201 1469 1327 1542 ineptus,
1343 1471 1399 1525 Cur
1414 1486 1482 1541 ergo
1498 1475 1574 1525 errat
1587 1470 1686 1525 anima
1701 1471 1860 1543 quemfecit

1012 1559 1109 1616 Deus?
1122 1561 1154 1615 ut
1168 1558 1240 1614 mibi
1255 1559 1387 1613 nolebam
1400 1558 1467 1625 dici,
1481 1560 1538 1615 Cur
1548 1575 1617 1630 ergo
1629 1564 1710 1614 errat
1726 1560 1822 1614 Densi
1832 1561 1859 1615 Ει

1013 1651 1221 1707 contendebam
1244 1650 1335 1720 magis
1350 1649 1616 1705 incommutabilem
1636 1654 1720 1705 tuam
1734 1650 1859 1706 substau-

1012 1742 1082 1797 tiam
1105 1744 1232 1795 coaeum
1247 1756 1353 1807 errare,
1369 1755 1455 1811 quam
1471 1755 1563 1794 meam
1580 1739 1754 1795 mutabilem
1768 1743 1859 1813 sponte

1013 1830 1148 1895 deviasse,
1166 1833 1193 1884 et
1204 1845 1289 1901 poena
1305 1845 1399 1883 errare
1414 1829 1571 1885 confitebar
1581 1831 1600 1884 ¹.

1049 1923 1092 1975 m.
1111 1921 1143 1974 Et
1158 1935 1235 1973 eram
1251 1922 1334 1973 aetate
1344 1918 1614 1974 annorumiortasse
1629 1916 1736 1989 viginti
1750 1933 1799 1972 sax
1817 1921 1861 1971 aut

1014 2013 1134 2080 septem,
1149 2024 1214 2063 cum
1229 2008 1279 2062 illa
1301 2008 1449 2062 volumina
1468 2006 1577 2079 scripsi,
1591 2007 1712 2061 volvens
1726 2006 1801 2078 apud
1820 2022 1859 2060 ma

1014 2097 1174 2170 corporalia
1188 2097 1335 2168 figmenta,
1345 2096 1538 2168 obstrepentia
1548 2095 1642 2151 cordis
1652 2096 1712 2150 mei
1728 2094 1857 2160 auribus;

1014 2204 1085 2259 quas
1099 2185 1295 2252 intendebam,
1310 2185 1400 2241 dulcis
1415 2185 1528 2248 veritas,
1542 2185 1573 2239 ιιι
1587 2184 1759 2239 interiorem
1774 2183 1858 2238 melo·

1014 2277 1092 2333 diam
1106 2281 1195 2336 triam.
1211 2274 1338 2346 cogitans
1352 2273 1386 2329 de
1400 2274 1521 2346 pulchro
1543 2278 1571 2329 at
1586 2277 1662 2346 epto,
1685 2278 1715 2328 et
1729 2276 1803 2328 stara
1816 2287 1859 2324 en·

1014 2366 1097 2438 piens
1110 2369 1138 2420 et
1152 2364 1251 2419 audire
1268 2369 1306 2431 te,
1324 2369 1351 2419 et
1366 2364 1471 2436 gaudio
1486 2363 1611 2435 gaudere
1635 2365 1758 2434 propter
1771 2376 1858 2415 socan

1015 2454 1112 2527 sponsi
1132 2455 1223 2524 (Joen.
1241 2471 1282 2520 ιιι,
1296 2457 1353 2521 29),
1373 2457 1402 2507 et
1417 2468 1474 2508 non
1488 2456 1636 2525 poteram:
1657 2451 1730 2524 quia
1751 2449 1858 2505 vocibus

1015 2543 1121 2599 erroris
1135 2542 1192 2597 mei
1207 2542 1340 2613 rapiebar
1354 2542 1440 2609 iores,
1454 2546 1481 2597 et
1498 2541 1623 2612 pondere
1638 2539 1784 2612 superbiae
1797 2554 1859 2594 mea

1017 2632 1047 2687 in
1062 2633 1118 2687 ima
1133 2631 1307 2687 decidebam.
1326 2632 1388 2686 Non
1404 2631 1481 2687 enim
1496 2631 1583 2687 dabas
1597 2629 1711 2685 auditui
1728 2645 1793 2684 meo
1802 2643 1861 2701 gau·

1017 2723 1097 2778 dium
1112 2726 1140 2776 el
1152 2720 1292 2789 lentitiam,
1307 2724 1357 2776 eut
1370 2721 1552 2776 exsultabant
1565 2736 1629 2775 ossa
1643 2735 1721 2789 mea,
1736 2735 1802 2791 qua
1813 2718 1859 2772 hu·

1017 2812 1126 2866 miliata
1141 2827 1197 2866 non
1211 2815 1292 2865 erant
1306 2811 1390 2881 (Psoi.
1404 2827 1424 2878 1,
1439 2812 1490 2877 ιθ).

1342 2900 1455 2955 CAPUT
1469 2900 1536 2955 lllll.

1019 2991 1175 3061 Cataporios
1187 2989 1345 3045 Aristotelis
1360 2993 1385 3043 ct
1399 2989 1551 3043 tiberalium
1564 2989 1668 3042 ortium
1689 2988 1774 3042 libros
1783 3002 1831 3057 per
1841 3002 1863 3040 sc

1373 3079 1515 3132 intellexit.

1054 3171 1098 3223 28.
1114 3168 1147 3222 Et
1159 3165 1230 3238 qnid
1242 3165 1315 3219 mihi
1327 3166 1465 3236 proderat
1478 3164 1555 3236 quod
1577 3181 1668 3220 anuos
1684 3170 1771 3220 natus
1786 3164 1863 3223 ierne

1020 3256 1132 3330 viginti,
1162 3271 1228 3311 cum
1252 3254 1282 3308 iu
1307 3270 1409 3308 manus
1430 3269 1509 3309 meas
1527 3253 1673 3309 venissent
1694 3253 1863 3309 Aristotelian

1021 3346 1164 3420 quaedam,
1181 3359 1254 3416 quas
1269 3343 1414 3415 appellent
1435 3344 1534 3398 decem
1553 3343 1736 3414 categoriam
1752 3357 1862 3415 quarum

1020 3434 1147 3501 nomine,
1163 3449 1229 3488 cnm
1241 3431 1392 3487 easrhetor
1405 3431 1636 3502 Carthaginensis
1645 3432 1786 3503 magister
1796 3447 1863 3487 mens

1021 3524 1117 3580 buccis
1140 3523 1228 3593 typho
1248 3520 1429 3592 crepantibus
1450 3525 1699 3586 commemoraret,
1716 3519 1804 3575 etalii
1823 3517 1863 3591 qui

1022 3613 1096 3670 docti
1110 3612 1298 3678 habebantur,
1313 3615 1452 3682 tanquam
1464 3610 1493 3664 in
1506 3609 1602 3664 nescio
1616 3610 1688 3681 qnid
1699 3613 1863 3682 magnumat

1023 3703 1151 3759 divinum
1166 3716 1319 3771 suspensus
1333 3698 1480 3754 inhiabam
1493 3715 1500 3766 ;
1521 3697 1577 3770 legi
1591 3714 1639 3752 eas
1655 3699 1735 3753 solus
1753 3703 1781 3753 et
1792 3697 1863 3753 inlel-

1022 3791 1187 3856 lexi‘lQnus
1206 3804 1272 3843 cum
1291 3787 1473 3842 contulissem
1486 3803 1550 3842 cum
1566 3787 1608 3840 eis
1626 3787 1678 3858 qni
1693 3803 1723 3841 se
1746 3786 1865 3842 dicebaut

1024 3880 1068 3935 vix
1090 3896 1146 3944 aas,
1169 3875 1534 3949 magistriseruditissimis,
1550 3891 1608 3929 nou
1620 3875 1807 3947 loquentibus
1816 3879 1864 3927 tau-

1025 3974 1097 4034 tum,
1111 3967 1158 4022 sed
1174 3965 1302 4022 multain
1313 3965 1428 4038 pulvere
1443 3964 1674 4036 depingentibus,
1690 3963 1864 4023 intellexisse

1024 4059 1097 4113 nihil
1111 4057 1179 4112 iude
1195 4055 1272 4111 aliud
1287 4054 1359 4109 mihi
1373 4053 1466 4108 dicere
1481 4057 1649 4125 potueruut,
1666 4069 1756 4125 quam
1769 4068 1820 4123 ego
1832 4067 1863 4104 so

1025 4147 1069 4201 lus
1082 4146 1158 4218 apud
1168 4145 1309 4216 meipsum
1326 4143 1424 4215 legans
1439 4157 1639 4213 cognoveram,
1656 4147 1685 4196 et
1698 4142 1769 4197 satis
1783 4144 1867 4211 aperte

1026 4235 1097 4291 mibi
1112 4235 1281 4290 videbantur
1295 4233 1446 4304 loquentes
1466 4231 1501 4287 de
1526 4228 1707 4295 substantiis,
1734 4229 1817 4285 sicuti
1835 4230 1870 4281 est

1026 4326 1134 4392 homo,
1152 4329 1181 4378 et
1196 4339 1260 4396 qum
1275 4322 1305 4376 in
1320 4321 1378 4377 illis
1391 4325 1496 4388 essent,
1516 4319 1599 4374 sicuti
1620 4323 1663 4373 est
1677 4319 1774 4390 figura
1787 4315 1869 4374 homi·

1026 4413 1089 4480 nis;
1104 4412 1197 4484 qualis
1211 4412 1248 4466 sit
1262 4415 1291 4466 et
1305 4415 1421 4474 statura,
1439 4413 1510 4482 quot
1523 4407 1629 4481 pedum
1644 4407 1682 4462 sit
1697 4425 1704 4476 ;
1724 4414 1755 4463 et
1777 4422 1870 4479 cogna-

1026 4503 1078 4565 tio,
1089 4500 1266 4573 cujuslrater
1275 4501 1312 4555 sit
1323 4517 1329 4568 ;
1342 4503 1390 4554 aut
1401 4499 1449 4553 nbi
1460 4498 1497 4553 sit
1506 4497 1679 4553 constitutus
1690 4513 1697 4564 ;
1711 4493 1872 4570 autquando

1027 4596 1111 4646 natus
1124 4608 1131 4658 ;
1144 4593 1193 4645 aut
1207 4593 1328 4656 stet,aut
1341 4589 1458 4656 sedeet;
1474 4592 1523 4643 aut
1537 4587 1679 4642 calceatus
1693 4587 1740 4642 vel
1756 4590 1873 4642 armatus

1029 4681 1085 4749 sit;
1100 4685 1151 4735 aut
1164 4656 1273 4750 aliquid
1282 4678 1385 4744 feciat3
1401 4682 1452 4732 eut
1465 4677 1589 4748 patiatur
1604 4675 1733 4747 aliquid:
1751 4680 1780 4730 et
1802 4686 1874 4746 quae

1029 4785 1151 4842 cumque
1162 4769 1191 4823 in
1202 4769 1246 4823 his
1257 4783 1360 4822 novem
1370 4765 1533 4839 generibus,
1546 4780 1670 4837 qnorum
1681 4763 1807 4836 exempli
1816 4776 1874 4835 gra·

1029 4861 1068 4916 tia
1081 4859 1212 4931 quadam
1234 4857 1329 4927 posui,
1345 4856 1390 4910 vel
1405 4855 1435 4910 iu
1454 4854 1516 4926 ipso
1533 4853 1701 4909 substantiae
1717 4867 1822 4926 &aare
1834 4849 1874 4905 in·

1029 4946 1221 5005 numerabilia
1236 4944 1432 5016 reperiuntur.
1494 4988 1497 4993 ι

1064 5042 1109 5094 ιι).
1120 5036 1193 5102 Quid
1203 5037 1257 5090 hoc
1266 5034 1339 5089 mihi
1351 5033 1499 5105 proderat,
1514 5031 1631 5103 quando
1647 5031 1808 5086 etoberatl
1819 5040 1875 5083 cum

1030 5127 1116 5182 etiam
1126 5130 1164 5192 te,
1186 5127 1260 5180 Deus
1276 5139 1357 5178 meus
1372 5121 1544 5177 mirabiliter
1561 5119 1723 5191 simplicem
1736 5123 1823 5191 atque
1834 5115 1875 5170 in·

1030 5214 1275 5280 commutabilem,
1299 5211 1356 5268 illis
1389 5212 1487 5266 decem
1515 5208 1749 5282 predicamentis
1782 5210 1876 5280 putans

1031 5304 1172 5377 quidquid
1188 5307 1262 5358 esset
1275 5301 1392 5357 omuino
1407 5301 1659 5372 comprehensum,
1672 5297 1713 5353 sic
1725 5297 1874 5367 intelligere

1065 5434 1070 5464 ¹
1086 5429 1162 5486 Eud..
1173 5441 1240 5491 pene
1252 5439 1346 5478 errare
1362 5423 1511 5488 confitebor,
1533 5423 1676 5472 manilesto
1692 5423 1776 5486 lapsu.
