3884 6112
53 231 109 284 937

55 368 118 424 que
134 351 263 419 venisse3
281 353 329 407 sad
344 357 462 425 repente
477 371 543 410 cum
556 357 685 413 dexteras
702 357 911 430 interposuisti,

54 439 305 511 disjunctissimos
325 457 377 496 nos
392 458 452 496 esse
467 448 495 497 et
511 443 540 497 in
556 445 673 516 longum
688 462 854 518 progressos
869 447 911 501 vi·

53 527 133 582 deo:
155 528 286 583 videlicet
309 530 385 601 quod
408 530 542 585 hesterno
564 533 610 588 die
626 550 642 587 a
661 534 745 589 nobis
763 535 842 589 nulla
856 534 912 588 alia

55 617 183 688 questio
198 616 353 671 constituta
366 618 517 673 videbatur
535 620 590 674 nisi
610 622 685 691 quod
702 622 860 692 sapientem
876 622 910 676 od

54 705 349 776 comprehensionem
370 707 428 760 veri
453 709 602 778 pervenire
630 725 722 778 posse,
751 710 911 764 affirmante

56 796 102 863 te,
118 809 170 864 ego
187 809 376 864 negaveram:
400 811 476 849 nunc
496 812 562 850 vero
577 796 649 850 nibil
663 813 708 851 me
723 797 826 867 opinor
840 814 911 851 con-

55 883 180 937 cessisse
194 882 256 946 tibi,
278 899 365 953 quam
380 883 470 937 videri
484 900 566 955 posse
579 884 702 954 sapienti
715 885 910 955 probabilium

52 984 158 1024 rerum
174 986 203 1023 se
225 975 408 1024 consecutum
426 987 487 1025 esse
502 971 670 1042 sapientiam
687 989 695 1024 .·
710 988 795 1043 quam
812 977 909 1028 tamen

56 1057 233 1129 sapientiam
249 1056 278 1111 in
294 1058 512 1128 investigatione
527 1059 688 1114 divinarum
704 1062 909 1116 humanarum·

57 1162 118 1218 quo
134 1162 229 1200 rerum
242 1162 288 1200 me
302 1147 480 1202 constituisse
495 1149 567 1203 nulli
580 1154 707 1203 nostrum
721 1150 846 1204 arbitror
860 1151 911 1205 du-

56 1234 153 1290 bium.
179 1236 251 1304 Non,
274 1236 404 1307 inquam,
420 1235 484 1290 ideo
508 1236 575 1308 quia
597 1236 725 1303 involvis,
746 1238 908 1300 evolveris:

55 1323 165 1378 videris
177 1322 254 1378 enim
265 1324 326 1394 jam
339 1324 412 1378 mihi
427 1324 576 1379 exercendi
590 1324 633 1379 tui
649 1341 734 1379 causa
747 1325 905 1397 disputare.

56 1413 92 1467 Et
109 1411 177 1483 qnia
200 1411 272 1467 bene
296 1413 371 1466 nosti
396 1412 464 1466 isles
493 1414 719 1468 adolescentulos
744 1413 789 1468 vix
817 1415 910 1469 adhuc

55 1515 144 1572 posse
160 1499 320 1554 discernere
339 1517 404 1572 quae
419 1506 500 1555 ecrite
517 1517 549 1556 ac
564 1501 706 1557 subtiliter
719 1495 907 1569 disseruntur,

56 1593 200 1660 tanquam
219 1589 348 1659 judicum
369 1588 495 1644 abuteris
512 1589 684 1661 ignorantia,
704 1595 735 1645 ιιι
749 1589 802 1645 tibi
816 1607 910 1662 quan·

56 1677 193 1733 tumlibct
216 1677 295 1749 loqui
319 1677 398 1732 nullo
422 1677 507 1732 liceat
528 1679 710 1733 reclamante.
735 1679 806 1734 Nam
822 1681 908 1751 panto

59 1771 127 1821 ante
143 1765 247 1833 dixisti,
269 1781 333 1821 crim
349 1783 508 1839 quaererem
522 1771 620 1821 utnrm
637 1766 720 1821 sciret
738 1766 849 1838 sapiens
864 1784 908 1821 so-

57 1856 211 1927 pientiam,
233 1855 305 1910 scire
326 1855 379 1909 sibi
394 1855 494 1910 videri.
519 1855 570 1910 Cui
587 1871 654 1923 ergo
668 1854 781 1909 ridetur
794 1855 908 1925 sapien-

58 1951 129 2008 tem,
146 1943 217 1999 scire
237 1943 417 2014 sapientiam,
434 1960 493 1998 non
512 1943 611 2015 utique
624 1944 737 1997 videtur
751 1943 822 1997 nihil
837 1944 908 1998 scire

58 2032 229 2110 sapientem.
251 2033 308 2087 Hoc
323 2031 400 2086 enim
418 2031 551 2086 contendi
564 2048 622 2086 non
637 2034 741 2102 potest,
758 2029 813 2085 nisi
828 2031 908 2102 quis-

57 2136 148 2193 quam
163 2119 256 2176 dicere
274 2121 385 2188 audeat,
410 2120 483 2174 nihil
507 2136 567 2175 esse
592 2119 772 2194 sapientiam.
793 2121 908 2190 Exque

57 2209 103 2279 tlt,
131 2212 164 2263 ut
187 2209 247 2279 jam
272 2209 326 2263 hoc
353 2208 416 2276 tibi,
441 2207 623 2280 quodetiam
652 2207 733 2274 mihi,
759 2207 908 2274 videatur3

56 2312 127 2352 nam
152 2296 225 2351 mihi
251 2297 363 2352 videtur
396 2297 555 2368 sapientem
580 2313 640 2351 non
664 2295 737 2351 nihil
766 2297 849 2364 scire,
880 2300 910 2351 et

57 2385 125 2452 tibi,
152 2385 264 2456 opinor,
294 2386 341 2440 cui
363 2385 466 2456 placet,
488 2384 578 2439 videri
600 2384 721 2456 sapienti
749 2385 909 2455 sapientem

59 2473 136 2529 scire
162 2475 343 2546 sapientiam.
367 2475 439 2529 Tunr
466 2473 525 2538 ille,
554 2474 616 2528 Non
641 2472 734 2543 magis
755 2487 802 2526 me
826 2471 908 2544 inge-

59 2562 147 2618 nium
182 2579 312 2618 exereere
347 2563 418 2617 velle
454 2577 541 2633 quam
574 2564 613 2631 te,
649 2560 789 2627 arbitror;
823 2566 852 2615 et
878 2560 908 2615 id

57 2651 163 2719 miror,
180 2667 238 2706 non
257 2651 332 2706 enim
347 2650 399 2705 tibi
420 2649 479 2703 ulla
493 2649 522 2704 in
538 2648 611 2703 hanc
631 2665 693 2704 rem
708 2647 908 2703 exercitatione

54 2756 135 2811 opus
144 2743 195 2794 est.
212 2739 283 2793 Nam
295 2738 365 2792 mihi
376 2737 466 2792 adhuc
478 2737 598 2792 tortasse
611 2752 685 2791 coeco
698 2736 809 2790 videtur
822 2734 910 2789 inter-

54 2844 122 2883 esse
143 2827 219 2882 inter
241 2825 330 2881 videri
353 2825 407 2881 sibi
431 2824 514 2892 scire,
547 2828 576 2879 et
597 2823 684 2891 scire;
714 2827 742 2878 et
769 2822 844 2877 inter
864 2839 909 2876 sa-

52 2915 201 2988 pientiam
216 2931 280 2987 qnae
297 2914 327 2969 ia
343 2912 560 2984 investigatione
582 2911 676 2985 posita
691 2914 743 2980 est,
758 2915 787 2965 et
803 2909 909 2965 verita·

53 3010 135 3060 tem:
150 3020 214 3076 quae
227 3021 243 3058 a
258 3001 340 3058 nobis
356 3019 420 3058 cunr
436 3003 574 3058 alterutra
588 3001 730 3066 dicantur,
743 2998 796 3054 sibi
811 3015 909 3070 quern-

55 3092 218 3149 admodum
241 3092 384 3164 quadrent
408 3107 467 3147 non
496 3088 620 3145 invenio.
647 3090 719 3143 Tum
751 3103 814 3159 ego,
843 3103 909 3142 cum

49 3185 120 3256 jam
141 3181 176 3236 ad
195 3180 348 3253 prandium
373 3195 559 3247 vocaremur;
587 3179 660 3245 Non,
685 3176 815 3248 inquam,
838 3175 909 3231 mihi

56 3271 139 3344 quod
152 3272 265 3325 tantum
283 3268 414 3324 reniteris
430 3267 579 3341 displicet:
596 3270 645 3321 aut
662 3265 739 3321 enim
758 3265 843 3319 ambo
858 3281 910 3319 ne-

54 3359 168 3416 scimus
184 3357 254 3429 quid
281 3357 444 3429 loquamur,
468 3359 497 3412 et
516 3354 609 3410 danda
625 3357 667 3409 est
688 3368 829 3425 operans
848 3355 908 3407 tam

54 3450 160 3518 turpes
182 3444 287 3511 simus3
309 3447 360 3498 aut
383 3459 456 3498 unus
474 3445 614 3507 nostrum,
637 3440 712 3510 quod
731 3439 800 3494 item
824 3437 910 3494 relin-

57 3550 152 3608 quere
167 3538 253 3605 atqus
271 3533 418 3605 negligere
434 3546 493 3586 non
504 3529 600 3584 minus
613 3531 697 3599 turpe
709 3531 753 3582 est
768 3542 775 3582 :
789 3526 836 3581 sed
856 3542 908 3598 po-

56 3620 229 3680 meridianis
243 3621 324 3677 horis
333 3620 478 3677 rediemus
488 3619 524 3673 ad
534 3615 667 3672 invicem.
677 3614 745 3672 ldihi
755 3613 832 3670 enim
843 3630 909 3669 cum

55 3712 207 3768 videretur
228 3711 288 3782 jam
322 3725 375 3766 nos
405 3709 439 3763 ad
470 3706 576 3762 calcem
597 3703 770 3778 pervenisse,
797 3719 909 3776 pugnos

56 3801 146 3857 etiam
159 3798 307 3855 miscuisti.
323 3798 374 3854 llic
387 3812 452 3852 cum
465 3794 635 3862 arrisissent,
647 3792 836 3848 discessimus.

335 3901 487 3942 orsrurarro
506 3899 637 3939 secunus.

58 3980 185 4038 CAPUT.
205 4007 240 4020 -
254 3979 359 4033 Rursus
373 3976 446 4047 quod
461 3975 570 4044 sapiens
585 3986 638 4027 non
651 3971 750 4041 estqui
764 3970 834 4025 nibil
846 3971 907 4026 scit.

95 4074 123 4124 7.
142 4069 175 4123 st
197 4082 261 4122 cum
285 4063 467 4129 redissemus,
489 4059 651 4116 invenimus
673 4058 839 4123 licentium,
863 4057 910 4114 cai

59 4166 213 4223 nunquam
236 4150 344 4207 sitienti
368 4149 486 4206 Helicon
505 4147 693 4213 subvenisset,
715 4146 909 4218 excogitandis

58 4240 191 4297 versibus
212 4239 383 4295 inhiantem.
412 4240 484 4293 Nam
508 4235 657 4293 demedio
679 4250 753 4307 pene
775 4233 908 4305 prandio,

58 4329 193 4403 quemvis
208 4329 298 4383 nostri
321 4326 437 4399 prandii
460 4325 538 4381 idem
554 4323 669 4378 initium
691 4320 822 4394 quiduis
844 4320 908 4385 fuit,

58 4419 136 4475 clam
162 4421 335 4485 surrexerat,
361 4414 491 4485 nihilque
517 4411 637 4467 biberat.
667 4409 719 4466 Cui
747 4425 810 4481 ego,
837 4409 909 4480 Opto

57 4505 188 4578 quidem,
213 4504 343 4576 inquam,
357 4502 412 4558 tibi
434 4506 467 4556 ut
480 4500 564 4556 istam
584 4497 724 4571 poeticam
740 4513 827 4571 (ιιιιιιιι
841 4513 909 4553 eon-

57 4593 176 4664 cupisti.
192 4590 389 4664 complectaris
403 4589 574 4662 aliquando:
595 4604 653 4643 non
668 4586 746 4659 quod
764 4585 911 4641 menimis

58 4681 183 4738 delectet
210 4681 265 4736 ista
286 4679 444 4751 perfectio;
470 4677 517 4733 sed
542 4676 619 4748 quod
640 4675 724 4730 video
745 4677 775 4731 te
798 4677 910 4729 tantum

59 4769 210 4837 exarsisse,
233 4771 266 4824 ut
287 4767 343 4823 nisi
361 4766 474 4823 fastidio
491 4765 609 4820 evadere
623 4764 659 4819 ab
673 4764 727 4819 hoc
740 4778 837 4817 amora
852 4778 911 4818 non

58 4857 173 4931 possis;
196 4856 274 4929 quod
294 4855 407 4911 evenire
424 4857 490 4926 post
511 4851 716 4926 perfectionem
730 4850 811 4906 facile
827 4851 908 4905 solet.

60 4945 172 5003 Deinde
185 4961 250 5001 curn
266 4943 304 4999 sis
319 4944 391 4999 bene
406 4958 538 5010 canorus,
552 4940 653 4997 malim
670 4939 787 4995 auribus
804 4937 911 4993 nostris

61 5034 189 5089 inculces
211 5036 276 5087 tuos
299 5047 420 5099 versus3
441 5045 528 5103 qnam
554 5033 587 5084 ut
607 5029 636 5084 in
658 5027 714 5083 illis
735 5025 834 5098 grans
852 5029 911 5081 tra-

62 5102 176 5195 goediis,
207 5136 287 5176 more
310 5119 486 5176 avicularum
515 5133 587 5189 quas
613 5115 643 5171 in
671 5114 762 5172 caveis
789 5114 912 5170 inclusas

61 5210 206 5275 videmus,
226 5208 312 5264 verba
331 5223 395 5280 quae
415 5222 475 5262 non
494 5204 630 5276 intelligis
648 5207 751 5260 cantes.
766 5202 912 5258 hdmnneo

61 5304 164 5355 tamen
176 5302 208 5352 ut
221 5313 325 5369 pergas
347 5301 460 5368 potum,
485 5294 509 5350 si
525 5294 611 5362 voles,
628 5296 657 5347 et
670 5293 706 5348 ad
721 5292 847 5348 scholam
866 5307 912 5348 re·

67 5389 137 5444 deas
152 5390 291 5455 nostram,
307 5383 331 5439 si
344 5388 443 5440 temen
460 5381 569 5455 aliquid
580 5381 641 5452 jam
656 5380 690 5436 de
705 5383 733 5435 to
747 5380 914 5436 Hortensius

65 5482 97 5533 et
111 5474 294 5547 philosophia
306 5477 443 5541 meretur,
453 5471 500 5527 cui
510 5469 686 5528 dulcissimas
699 5467 841 5541 primitias
852 5469 913 5539 jam

219 5579 360 5647 Parnon.
384 5576 508 5644 XXXII.

791 235 898 292 LIBER
922 235 1088 294 TERTIUS.

1761 252 1812 308 938

965 363 1057 415 vestro
1071 360 1120 415 illo
1135 377 1265 417 sermone
1281 362 1386 429 libasti,
1405 364 1496 436 quite
1511 366 1707 423 vehementius
1724 388 1810 443 quam

966 443 1017 498 ista
1039 447 1152 517 poetica
1174 448 1341 505 incenderat
1367 452 1402 506 ad
1425 469 1596 523 magnarum
1620 459 1648 508 at
1667 471 1731 510 vere
1751 458 1809 511 lra-

965 538 1128 588 ctuosarum
1154 551 1250 591 rerum
1276 538 1433 594 scientiam.
1457 541 1511 595 Sed
1537 541 1606 596 dum
1631 543 1666 596 ad
1692 544 1811 599 istarum

965 619 1192 692 disciplinarum,
1223 625 1327 696 quibus
1356 627 1525 682 excoluntur
1552 629 1650 695 animi,
1680 630 1811 686 οιιοιιιιιι

964 725 1095 769 revocare
1109 728 1158 766 vos
1180 713 1284 784 cupio;
1301 718 1398 769 metuo
1413 731 1449 770 ne
1464 716 1544 770 vobis
1559 717 1736 788 labyrinthus
1751 720 1811 788 liat,

964 803 993 852 et
1007 815 1096 869 prope
1117 817 1164 856 me
1184 801 1305 871 poenitet
1324 803 1359 856 ab
1379 803 1429 858 illo
1453 808 1481 858 te
1504 804 1615 874 impetu
1633 807 1810 876 repressisse.

964 887 1085 942 Erubuit
1099 889 1156 951 ille,
1173 889 1358 961 discessitque
1373 896 1405 945 nt
1419 891 1539 946 biberet.
1557 893 1627 947 Nam
1647 899 1675 948 et
1689 896 1812 951 multum

963 974 1086 1044 sitiebat,
1119 981 1147 1031 et
1186 978 1294 1032 occasio
1324 979 1444 1033 dabatur
1482 980 1607 1035 evitandi
1634 998 1690 1050 me,
1727 984 1812 1054 plura

963 1062 1081 1118 sortasse
1096 1069 1181 1135 atque
1196 1067 1339 1136 asperiora
1355 1067 1507 1122 dicturum.

999 1153 1025 1206 8.
1042 1153 1075 1206 Et
1095 1169 1160 1206 cum
1184 1153 1324 1219 rediisset,
1349 1155 1466 1209 intentis
1486 1155 1627 1222 omnibus,
1652 1157 1690 1211 sic
1712 1161 1784 1231 coepi
1802 1179 1808 1215 ι

963 1241 1042 1294 ltane
1066 1245 1118 1304 est,
1142 1241 1237 1312 Alypi,
1262 1245 1294 1295 ut
1319 1241 1395 1296 inter
1419 1259 1472 1296 nos
1491 1243 1526 1297 de
1549 1260 1579 1297 ra
1597 1245 1668 1314 jam,
1688 1251 1720 1300 ιιι
1738 1250 1811 1303 ιιιιιιί

963 1328 1083 1396 videtur,
1109 1328 1338 1383 manifestissima
1361 1345 1418 1384 non
1433 1331 1604 1385 conveniat?
1622 1333 1683 1387 Non
1704 1335 1810 1391 mirum

963 1421 1015 1482 est,
1031 1416 1136 1487 inquit,
1149 1416 1172 1469 si
1191 1417 1265 1488 quod
1281 1416 1331 1471 tibi
1349 1417 1529 1488 inpromptu
1544 1435 1603 1472 esse
1615 1421 1726 1488 asseris,
1738 1425 1810 1477 mihi

963 1503 1117 1558 obscurum
1132 1504 1189 1558 sit:
1210 1504 1352 1576 siquidem
1371 1506 1508 1576 pleraque
1527 1506 1686 1574 manifesta,
1702 1511 1811 1578 possint
1870 1526 1874 1531 ·

962 1591 1025 1645 aliis
1056 1592 1259 1660 manifestiora,
1284 1598 1313 1647 et
1335 1592 1404 1648 item
1428 1594 1548 1648 obscura
1577 1597 1720 1666 quendam,
1741 1615 1811 1652 non-

962 1680 1049 1735 nullis
1064 1681 1228 1735 obscuriora
1243 1697 1312 1735 essa.
1340 1682 1411 1735 Nam
1434 1681 1457 1735 si
1482 1685 1509 1736 et
1529 1681 1582 1752 hoc
1596 1683 1648 1738 tibi
1669 1701 1735 1739 vere
1750 1703 1810 1741 ma-

962 1769 1099 1824 nifestum
1126 1773 1177 1837 est,
1209 1769 1281 1823 mihi
1302 1769 1395 1836 crede,
1425 1785 1485 1823 esse
1521 1769 1609 1824 alium
1634 1788 1810 1844 quemquam

963 1855 1009 1911 cui
1028 1862 1055 1911 et
1069 1857 1124 1911 hoc
1147 1857 1331 1911 manifestum
1344 1861 1425 1911 tuum
1442 1857 1620 1911 manifestius
1633 1859 1686 1927 sit;
1699 1865 1727 1914 et
1741 1861 1810 1916 item

963 1944 1052 1999 elium
1077 1944 1123 1999 cui
1146 1960 1243 2000 meum
1270 1945 1422 1999 obscurum
1452 1945 1599 1999 obscurius
1616 1946 1666 2002 sit.
1694 1949 1747 2004 Sed
1774 1966 1809 2005 ne

962 2045 1009 2085 me
1024 2047 1238 2102 perpugnacem
1252 2031 1359 2087 diutius
1372 2036 1466 2102 putes,
1488 2033 1694 2090 obsecraverim
1710 2040 1742 2091 ιιι
1756 2038 1810 2092 hoc

962 2118 1144 2173 manifestum
1163 2119 1342 2173 manifestius
1361 2119 1508 2173 edisseras.
1528 2122 1658 2190 Attenda,
1680 2122 1809 2194 inquam,

962 2222 1060 2277 quasso
1093 2207 1255 2278 diligenter,
1282 2211 1310 2261 et
1337 2207 1419 2276 quasi
1448 2207 1572 2278 seposita
1591 2210 1741 2278 paululum
1766 2228 1811 2268 re-

963 2294 1124 2364 spondendi
1146 2310 1224 2349 cura.
1247 2294 1276 2349 Si
1291 2294 1368 2348 enim
1383 2295 1456 2348 beno
1471 2300 1617 2367 meatque
1638 2301 1666 2352 te
1687 2298 1754 2352 novi
1768 2299 1810 2354 fu-

962 2381 1015 2436 cile
1030 2382 1096 2437 data
1110 2398 1197 2453 opera
1211 2381 1330 2436 clarebit
1344 2375 1422 2452 qriod
1441 2382 1516 2453 dico,
1529 2387 1557 2437 et
1572 2385 1739 2441 alteralteri
1757 2387 1812 2443 cito

962 2472 1156 2543 persuadebit.
1187 2471 1325 2527 llixistirie
1351 2472 1479 2540 tandem,
1508 2489 1544 2527 an
1571 2474 1689 2531 tortasse
1710 2478 1811 2533 obsur-

962 2561 1091 2626 dueram,
1111 2559 1198 2614 videri
1214 2560 1336 2632 sapienti
1354 2577 1383 2614 se
1400 2560 1472 2615 scire
1485 2561 1678 2632 sapientiem?
1691 2567 1810 2621 Annuit.

963 2648 1147 2714 Omittamus,
1162 2648 1293 2719 inquam,
1308 2648 1459 2719 paululum
1475 2649 1562 2704 istam
1578 2653 1747 2722 sapientem.
1770 2656 1811 2709 Tu

962 2737 1023 2809 ipse
1044 2736 1157 2808 sapiens
1181 2752 1221 2802 es,
1237 2752 1275 2790 on
1290 2738 1372 2790 non‘?
1387 2736 1471 2804 Nihil,
1493 2737 1599 2809 inquit,
1619 2739 1724 2795 minus.
1741 2742 1811 2796 Volo

962 2830 1070 2893 tomen,
1086 2824 1215 2895 inquam,
1232 2824 1406 2894 respondeas
1430 2824 1503 2878 mihi
1526 2825 1593 2896 quid
1621 2826 1681 2897 ipse
1706 2828 1812 2882 sentias

964 2914 998 2969 do
1013 2912 1141 2984 sapiente
1156 2911 1325 2966 Academico
1338 2932 1346 2979 3
1358 2916 1522 2966 utrumnam
1535 2912 1586 2967 tibi
1596 2913 1726 2969 videatur
1738 2915 1809 2969 scire

963 2998 1155 3072 sapientiem?
1175 2999 1275 3054 Utrum
1301 2998 1365 3066 sibi,
1390 2999 1495 3071 inquit,
1524 3000 1595 3056 seire
1621 3001 1750 3057 videnlur
1775 3021 1810 3057 an

963 3087 1041 3157 sciat,
1058 3103 1187 3143 unrrrnne
1210 3103 1247 3141 an
1271 3086 1415 3142 diversum
1434 3088 1542 3159 putas?
1564 3089 1657 3144 Metuo
1680 3091 1756 3145 enim
1775 3109 1811 3148 ne

962 3175 1024 3231 hae
1052 3175 1180 3231 conlusio
1202 3175 1337 3247 cuiquam
1352 3180 1480 3233 nostrum
1501 3175 1657 3248 suffugium
1674 3180 1809 3249 praebeat.

999 3267 1026 3319 o.
1042 3265 1101 3319 lloc
1124 3266 1176 3330 est,
1199 3262 1329 3335 inquam,
1351 3264 1473 3318 Tuscum
1493 3262 1573 3319 illud
1584 3265 1714 3338 jurgium
1733 3268 1809 3339 quod

962 3351 1018 3408 dici
1032 3353 1114 3416 solet,
1130 3367 1196 3406 cum
1213 3351 1367 3424 quaestioni
1383 3351 1532 3406 intentatas
1547 3369 1605 3407 non
1621 3356 1681 3425 ejus
1696 3356 1809 3424 solutio,

963 3439 1013 3496 sed
1025 3440 1142 3495 alterius
1151 3439 1273 3511 objectio
1284 3439 1396 3495 videtur
1405 3440 1525 3496 mederi.
1538 3441 1617 3505 Quod
1628 3442 1713 3497 etiam
1725 3448 1811 3514 poeta

962 3533 1059 3584 noster
1070 3527 1114 3597 (ut
1125 3544 1170 3582 mo
1184 3526 1364 3598 aliquantum
1376 3526 1494 3582 Licentii
1504 3528 1622 3583 auribus
1635 3529 1749 3600 dedam)
1764 3532 1811 3586 do-

962 3619 1058 3671 center
1077 3615 1108 3670 in
1127 3615 1257 3670 Bucolico
1271 3615 1397 3672 carmina
1416 3614 1471 3669 hoc
1486 3616 1664 3672 rusticanum
1679 3622 1707 3674 et
1725 3621 1811 3691 plane

962 3697 1146 3778 pastoricium
1157 3702 1368 3774 essejudicavit,
1386 3719 1453 3758 cum
1462 3703 1545 3759 aliter
1555 3705 1677 3761 alterum
1687 3706 1810 3763 interro-

962 3796 1020 3865 gat,
1045 3790 1094 3846 ubi
1108 3791 1171 3846 coeli
1187 3789 1310 3860 spatium
1325 3806 1384 3845 non
1399 3790 1524 3862 amplius
1545 3809 1631 3865 quam
1646 3799 1704 3850 tres
1728 3797 1811 3852 ulnas

961 3884 1058 3952 pateat
1069 3896 1076 3934 :
1089 3879 1137 3934 ille
1152 3882 1260 3943 autem,

1070 3976 1117 4026 Dic
1129 3976 1226 4040 quibus
1236 3977 1263 4025 in
1273 3977 1351 4027 terris
1364 3976 1485 4041 inscripti
1500 3979 1609 4030 nomina
1620 3993 1711 4046 regum

1070 4057 1217 4106 Nascantur
1230 4056 1315 4106 tloros.

1256 4138 1350 4201 (Vtra,
1366 4137 1464 4202 Betopu
1481 4141 1506 4200 ³,
1521 4153 1563 4191 vu.
1580 4143 1632 4198 106,
1650 4143 1714 4205 llll.)

962 4226 1044 4292 Quod
1058 4241 1166 4299 quase,
1189 4224 1284 4296 hippi,
1301 4241 1337 4280 ne
1359 4226 1473 4282 invilla
1491 4227 1572 4282 nobis
1594 4227 1679 4283 licere
1694 4229 1811 4284 arbitre-

962 4314 1020 4369 ris:
1041 4317 1116 4369 certe
1129 4314 1175 4368 vel
1188 4312 1250 4368 istae
1268 4312 1408 4368 balneolae
1423 4314 1548 4386 aliquam
1561 4315 1669 4370 decoris
1688 4331 1810 4388 gymna-

963 4404 1071 4459 siorum
1085 4401 1190 4458 iaciant
1208 4401 1455 4458 recordationem:
1472 4402 1563 4469 adid,
1579 4402 1604 4456 si
1615 4403 1718 4474 placet,
1733 4407 1810 4477 qnod

963 4507 1044 4562 rogo,
1082 4489 1232 4562 responde.
1263 4490 1417 4546 videturne
1440 4489 1492 4546 tibi
1519 4488 1633 4560 sapiens
1659 4491 1829 4553 Academi-i

963 4593 1061 4634 corum
1077 4577 1148 4633 scire
1163 4576 1359 4648 sapientiam?
1380 4579 1420 4633 Ne
1437 4577 1523 4632 verba
1538 4576 1630 4631 verbis
1649 4579 1809 4652 referendo,

963 4667 1067 4739 inquit,
1082 4665 1113 4721 in
1137 4667 1257 4739 longum
1277 4682 1386 4732 eamus,
1401 4664 1515 4720 videtur
1534 4664 1625 4720 videri
1649 4667 1703 4722 sibi
1726 4671 1808 4728 scire.

964 4755 1082 4811 Videtur
1096 4770 1177 4827 ergo,
1202 4756 1332 4828 inquam,
1358 4752 1410 4808 tibi
1432 4751 1563 4809 nescire?
1582 4755 1644 4810 Non
1663 4757 1742 4813 enim
1757 4776 1810 4831 ego

964 4860 1063 4916 quaero
1083 4843 1153 4916 quid
1174 4844 1226 4899 tibi
1243 4842 1371 4897 videatur
1388 4839 1477 4895 videri
1499 4841 1630 4914 sapienti,
1644 4844 1693 4900 sed
1712 4850 1811 4904 utrum

963 4931 1017 4988 titi
1046 4931 1176 4988 videatur
1203 4929 1317 5001 sapiens
1344 4928 1415 4984 seire
1449 4927 1629 5001 sapientiam.
1658 4934 1750 4999 Potes,
1780 4940 1813 4992 ιιι

964 5020 1077 5094 opinor,
1098 5019 1146 5076 hic
1166 5021 1215 5074 aut
1235 5017 1322 5083 aiere,
1338 5021 1516 5088 autnegare.
1531 5017 1687 5084 adunam,
1706 5023 1811 5095 inquit,

966 5114 1016 5165 eut
1038 5107 1079 5163 ita
1100 5105 1173 5161 mihi
1192 5104 1273 5161 facile
1296 5108 1369 5160 esset
1396 5108 1428 5159 ut
1452 5104 1513 5174 tibi,
1539 5110 1589 5161 aut
1611 5107 1652 5162 ita
1679 5109 1733 5164 tibi
1756 5111 1811 5167 dii·

966 5196 1040 5253 licilc
1063 5198 1096 5250 ιιι
1109 5193 1198 5250 mihi!
1216 5210 1269 5248 nec
1283 5197 1343 5248 tam
1370 5193 1508 5250 molestus
1533 5211 1619 5267 esses,
1641 5213 1693 5252 nec
1713 5197 1743 5253 in
1767 5201 1812 5256 his

967 5284 1125 5357 quidquam
1139 5298 1277 5355 sperares.
1294 5283 1367 5338 Nam
1380 5298 1445 5338 cunr
1460 5300 1507 5340 me
1522 5284 1723 5358 interrogares,
1743 5288 1813 5359 quid

967 5373 1038 5430 mihi
1053 5372 1087 5427 de
1108 5371 1276 5427 Academico
1299 5371 1428 5444 sapiente
1446 5372 1594 5441 videatur3
1610 5375 1755 5445 respondi,
1769 5377 1813 5434 ri-

1001 5473 1202 5537 ιΕιιίιιιιιιιειιι,
1210 5475 1351 5529 circulum.
1359 5475 1410 5528 Sed
1421 5475 1516 5527 melius
1524 5477 1585 5533 llas.
1592 5475 1693 5540 decem,
1701 5480 1814 5534 atreum.

1493 5574 1649 5660 (Trente.)
