3884 6112
708 197 816 256 nrenn
839 200 1005 262 rannus.
1101 176 1107 185 ’

80 330 119 370 ou
143 313 253 369 sinatur
267 313 318 386 qui
331 316 436 386 pocula
454 315 616 372 ministrat:
642 323 691 374 aut
719 320 829 393 aliquid

76 401 280 473 aesopianam,
296 403 375 476 quod
389 409 455 460 ante
469 421 598 461 mensam
621 408 828 479 probibeatar;

76 496 194 565 ‚gnatum
205 508 271 547 eum
283 491 320 547 sit
330 509 420 549 unum
434 493 665 551 habitaculumet
679 513 737 552 una
746 498 829 553 lami-

76 597 99 637 m
112 580 219 653 ubique
235 585 322 653 atque
336 581 469 636 omnibus
489 581 568 638 idem
583 584 680 640 tribui.
704 586 748 641 Sic
762 591 828 642 sunt

76 668 291 740 iindignantur,
303 669 519 725 eumaudierint
529 670 579 725 illo
595 672 700 727 saeculo
712 672 827 730 licuisse

76 757 194 831 aliquid,
211 758 288 830 quod
306 757 361 813 isto
377 775 436 813 non
450 759 518 814 licet
526 759 630 830 iustis3
646 766 675 815 et
689 761 757 833 quia
771 762 827 817 illis

75 848 200 919 iraeeepit
211 849 295 919 oeus,
311 848 374 904 istis
383 849 461 904 aliud
473 865 525 919 pro
539 852 745 921 temporalibus
759 869 826 907 cau-

75 953 98 992 n
111 936 203 992 eidem
216 937 335 1008 justitiae
350 939 465 1010 utrique
474 939 623 994 servierint
635 956 641 994 :
653 957 719 996 cum
728 942 758 996 in
770 959 826 997 uno

76 1042 102 1087 e,
118 1025 189 1080 etin
202 1025 327 1093 unodie‚
342 1031 370 1081 et
384 1027 488 1081 inunis
503 1028 611 1082 adibus
622 1029 735 1084 videant
749 1030 826 1086 aliud

75 1115 168 1169 embro
184 1130 352 1186 congruere,
369 1120 397 1170 et
412 1115 489 1170 aliud
508 1117 680 1188 jamdudum
701 1118 823 1176 licuisse.

75 1219 153 1257 oram
169 1219 227 1257 non
246 1202 348 1269 licere3
364 1202 501 1275 quiddam
515 1203 545 1258 in
564 1203 613 1258 illo
629 1207 735 1278 ungulo
759 1224 825 1278 per-

74 1296 114 1347 iut
124 1291 231 1373 juberi,
247 1292 325 1356 quod
338 1291 368 1346 in
383 1292 436 1346 isto
448 1292 525 1364 juste
536 1298 646 1348 vetetur
661 1299 689 1349 et
703 1294 827 1350 vindice-

74 1380 193 1452 umquid
204 1380 315 1451 justitia
325 1380 403 1436 varia
413 1387 455 1436 est
465 1386 494 1436 et
508 1383 738 1439 mutabilislsed
752 1389 824 1438 tem·

74 1469 157 1526 uibus
171 1471 315 1542 presidet,
325 1488 383 1526 non
395 1472 504 1543 pariter
514 1477 583 1528 eunt
594 1489 602 1540 ;
612 1474 826 1546 temporaenim

74 1558 203 1614 llomines
217 1563 314 1614 autem
329 1577 452 1632 quorum
468 1560 523 1615 vita
540 1577 626 1632 super
641 1566 747 1617 terram
761 1564 824 1618 bre-

75 1648 162 1719 ,quia
176 1665 262 1703 sensu
275 1665 334 1703 non
348 1649 444 1704 valent
456 1666 554 1705 causas
568 1657 719 1707 conterere
734 1669 825 1708 saecu·

86 1736 225 1809 priorum,
233 1737 411 1808 aliarumque
424 1738 552 1809 gentium
566 1756 636 1810 quas
647 1741 757 1810 experti
766 1757 825 1796 non

73 1840 134 1879 :um
149 1825 193 1879 his
208 1841 279 1896 quas
292 1826 400 1896 experti
414 1832 497 1893 sunt;
513 1827 543 1881 in
558 1844 616 1883 uno
642 1833 738 1883 autem
761 1847 825 1884 cor-

73 1913 185 1980 veldie,
208 1914 251 1968 vel
266 1914 363 1983 domo,
390 1915 471 1970 facile
486 1922 607 1987 possunt
638 1917 734 1972 videre
756 1918 826 1990 quid

73 2002 176 2069 imbro,
193 2001 296 2074 quibus
316 2003 480 2070 momentis,
496 2004 601 2075 quibus
615 2005 745 2078 partibus
759 2023 825 2078 per·

73 2094 256 2161 econgruat:
272 2089 303 2144 in
328 2089 384 2145 illis
411 2091 605 2158 offenduntur,
622 2093 667 2148 bis
686 2094 823 2150 serviunt.

73 2178 137 2234 llaec
151 2193 204 2248 ego
220 2180 288 2231 tunc
303 2177 473 2245 nesciebam,
494 2182 522 2233 et
543 2195 602 2234 non
623 2180 823 2250 advertebam

72 2266 156 2322 ebant
171 2266 299 2338 undique
309 2266 363 2321 ista
374 2268 565 2335 oculosmcos,
574 2273 603 2323 et
614 2285 672 2324 non
682 2269 823 2325 videbam.

72 2353 172 2410 tabam
186 2353 324 2421 carmina,
338 2359 367 2409 et
381 2370 439 2410 non
454 2355 525 2410 mihi
536 2355 640 2411 licebat
654 2372 761 2427 ponere
777 2373 825 2428 pe·

72 2442 223 2514 numlibet,
235 2442 365 2506 ubilibet,
382 2445 430 2498 sed
446 2443 476 2498 in
491 2444 548 2499 alio
564 2449 648 2518 atque
664 2446 720 2501 alio
733 2454 824 2502 metro

72 2535 150 2604 itque
165 2530 266 2598 aliter;
282 2537 311 2586 ct
325 2531 354 2585 in
371 2548 427 2586 nno
443 2531 539 2604 aliquo
552 2549 646 2601 versu,
660 2549 718 2589 non
729 2534 823 2590 omui·

72 2619 110 2676 cis
125 2620 258 2675 eumdem
270 2621 384 2691 pedem.
401 2622 435 2677 Et
451 2638 497 2675 ars
511 2621 574 2693 ipsa
595 2639 652 2694 qua
673 2623 822 2693 canebam,

72 2709 168 2765 ebebat
183 2709 259 2763 aliud
272 2708 350 2772 alibi,
367 2709 417 2764 sed
432 2710 529 2765 omnia
544 2711 640 2766 simul.
657 2712 691 2766 Et
704 2728 763 2767 non
778 2712 824 2766 in-

78 2798 219 2873 iustitiam
234 2798 281 2852 cui
294 2798 434 2854 servirent
446 2799 516 2854 boni
530 2805 559 2855 et
574 2800 663 2856 sancti
677 2800 820 2869 homines,

71 2888 340 2959 excellentiusatque
352 2888 503 2943 sublimius
513 2889 619 2944 habere
629 2889 713 2945 simul
725 2889 824 2944 omnia

74 2976 189 3047 recepit
203 2973 225 3043 ¹,
239 2981 267 3029 et
281 2977 361 3032 nulla
383 2981 513 3048 exparte
539 2977 653 3045 variari,
675 2982 703 3032 ei
724 2983 821 3033 tamen

71 3065 245 3136 temporibus
254 3081 312 3120 non
327 3065 424 3120 omnia
433 3066 529 3133 simul,
541 3066 589 3120 sed
601 3065 717 3136 propria
728 3065 823 3121 distri·

71 3171 106 3211 =m
131 3172 164 3210 ac
185 3155 409 3226 praecipientem.
427 3156 459 3210 Et
472 3155 718 3226 reprehendebam
732 3172 823 3210 caecns

70 3246 162 3308 atres3
183 3257 240 3296 non
256 3244 348 3296 solum
364 3242 437 3297 sicut
449 3244 524 3298 liene
535 3243 651 3314 juberet
672 3247 756 3315 atque
776 3243 822 3298 in·

70 3334 92 3386 st
113 3335 226 3385 utentes
253 3331 455 3401 praesentibus,
485 3347 587 3386 verum
609 3348 725 3404 quoque
751 3333 824 3388 sicut

70 3420 199 3475 evelaret
212 3420 310 3475 lutura
324 3421 561 3491 praenuntiantes.

292 3526 406 3582 CAPUT
430 3528 500 3583 Vlll.

70 3615 244 3671 ,Muniebaeos
255 3615 323 3671 elicit
337 3631 397 3685 qua
414 3617 522 3685 stapitia
536 3631 639 3688 senipcr
653 3616 821 3683 mactanda,

292 3720 352 3772 quae
365 3706 500 3771 facinora.

70 3792 215 3865 Numquid
228 3792 383 3863 aliquando
394 3797 444 3848 aut
457 3792 562 3848 alicubi
575 3792 716 3865 injustum
727 3797 770 3848 est
779 3792 822 3847 di·

70 3882 160 3939 ileum
176 3886 274 3937 extoto
284 3881 379 3949 corde,
393 3886 419 3936 et
435 3898 468 3937 ex
480 3886 539 3936 tota
554 3882 660 3943 anima,
672 3886 701 3937 et
715 3897 751 3937 ex
764 3885 824 3937 tota

69 4012 78 4038 ,
89 3975 118 4026 et
127 3970 691 4042 diligereproximumtanquameeipsum
701 3972 715 4026 ‘l
725 3972 823 4042 ltaque

69 4076 80 4116 ι
95 4076 160 4132 quae
180 4063 247 4114 sunt
261 4064 359 4114 contra
374 4063 518 4127 naturam,
534 4059 642 4131 ubique
656 4076 689 4114 ac
709 4076 824 4132 semper

69 4149 139 4204 enda
154 4152 239 4220 atque
253 4148 399 4220 punienda
414 4152 492 4218 sunt,
508 4149 604 4220 qualia
612 4147 824 4204 Sodomitarum

68 4243 100 4295 st.
113 4238 183 4303 Quae
198 4237 222 4291 si
237 4254 337 4292 omnes
352 4240 452 4309 gentes
467 4238 601 4303 lacerent,
616 4237 718 4293 eodem
728 4236 824 4292 crimi-

68 4332 113 4383 atu
127 4327 224 4382 divina
243 4328 307 4398 lege
327 4332 505 4393 tenerentur,
532 4343 596 4398 quae
621 4341 679 4380 non
703 4326 742 4381 sic
759 4326 825 4382 tecit

68 4432 103 4472 ‚ee
119 4421 151 4471 nt
171 4432 199 4470 se
219 4416 269 4470 illo
291 4420 440 4470 uterentur
455 4416 550 4470 modo.
568 4415 697 4470 Violatur
716 4415 824 4486 quippe

68 4503 170 4560 scietas
185 4522 250 4577 quae
262 4520 328 4559 cum
342 4506 398 4559 ileo
414 4504 495 4560 nobis
509 4521 570 4558 esse
586 4503 761 4572 debetcum
780 4519 824 4559 ea-

68 4596 166 4660 iatnra,
177 4593 259 4664 cujus
268 4593 316 4648 ille
329 4597 492 4660 auctorest,
502 4592 629 4648 libidinis
641 4592 824 4664 perversitate

67 4686 122 4737 tur.
148 4684 217 4746 Quae
234 4686 328 4736 autem
349 4686 448 4736 eontra
470 4697 564 4736 mores
587 4682 738 4736 bominum
758 4687 825 4737 sunt

67 4786 94 4840 a,
107 4785 160 4842 pro
174 4787 288 4825 morum
304 4771 469 4826 diversitate
490 4771 604 4826 vitanda
623 4774 707 4839 sunt;
725 4775 758 4825 ut
777 4787 825 4841 pa-

67 4858 141 4915 inter
155 4876 184 4914 se
199 4859 321 4914 civitatis
331 4863 380 4914 aut
388 4859 481 4932 gentis
492 4859 750 4915 consuetudinerel
762 4859 825 4930 lege

67 4963 131 5015 nm,
146 4949 226 5003 nulla
240 4948 309 5003 civis
324 4954 374 5004 aut
388 4948 534 5020 peregrini
549 4947 669 5004 libidine
692 4947 823 5003 violetur.

67 5053 74 5092 s
97 5037 176 5094 enim
195 5038 288 5092 omnis
310 5054 377 5109 pars
393 5043 435 5093 est
450 5054 501 5092 suo
517 5037 650 5093 universo
673 5053 733 5092 non
755 5052 825 5092 con-

67 5143 92 5183 s.
111 5127 183 5183 Cum
197 5130 294 5181 autem
311 5129 386 5182 Deus
401 5126 509 5198 aliquid
524 5131 624 5182 contra
648 5140 758 5180 morem
777 5128 827 5177 ant

66 5232 89 5272 n
106 5215 304 5290 quorumlibet
316 5217 410 5287 jubet,
426 5216 478 5270 etsi
493 5232 643 5290 nunquam
657 5214 698 5270 ibi
719 5214 826 5268 laetrrm

66 5357 106 5408 ud
123 5359 185 5408 Lov.
199 5358 306 5409 additur
321 5354 827 5418 Deus3sedeavoxabestab1ss.etple·

74 5419 150 5478 Edd„
167 5419 230 5484 quia
244 5434 303 5483 qum
316 5420 359 5469 bic
369 5419 674 5478 laudaturluetitis,non
687 5420 727 5466 est
737 5415 786 5464 alia
795 5417 827 5465 ab

66 5495 101 5533 eo
120 5482 165 5546 qui
183 5483 316 5548 precepit.

1685 218 1737 274 eso
1795 196 1798 201 ’

884 330 938 393 est,
957 326 1120 385 laciendum
1131 333 1192 386 est:
1213 334 1242 386 et
1255 330 1279 385 si
1292 332 1439 398 omissum,
1453 334 1689 406 instaurandum
1706 346 1736 395 et

884 414 908 469 si
920 415 1083 472 institutum
1093 433 1150 472 non
1165 423 1236 486 erat,
1251 419 1457 476 instituendum
1468 428 1517 478 est.
1530 424 1558 479 si
1571 425 1648 481 enim
1659 427 1735 500 regis

884 503 950 560 licet
963 505 993 560 in
1008 504 1120 561 civitate
1134 507 1180 561 cni
1193 513 1304 580 regnat,
1320 509 1423 580 jubere
1432 511 1540 584 aliquid
1555 513 1632 585 quod
1643 531 1735 587 neque

884 598 949 648 ante
971 594 1055 650 illum
1076 595 1240 667 quisquam,
1256 614 1309 653 nec
1321 598 1382 671 ipse
1397 617 1525 673 unquam
1546 602 1690 673 jusserat;
1708 609 1737 659 et

883 699 943 738 non
957 677 1234 741 eontra'sociatatem
1248 688 1369 745 civitatis
1389 689 1416 744 ei
1430 686 1656 763 obtemperatur,
1674 693 1732 748 imo

882 777 981 826 contra
989 773 1152 829 societatem
1171 777 1612 850 nonobtemperatur13enerale
1627 781 1733 854 quippe

882 865 998 931 pactum
1018 866 1060 916 est
1074 861 1215 919 societatis
1229 866 1363 921 humanm
1385 867 1500 923 obedire
1516 869 1632 941 regibus
1654 872 1731 926 suis:

882 951 1091 1024 quantomagis
1103 953 1159 1008 ileo
1172 955 1316 1024 regnatori
1328 956 1466 1013 universe
1476 963 1688 1027 creaturmsuae,
1698 962 1734 1016 ad

882 1055 988 1110 eaquae
997 1039 1123 1112 jusserit,
1133 1041 1193 1096 sine
1201 1043 1380 1099 dubitatione
1391 1046 1644 1104 seruiendumest‘l
1654 1050 1733 1104 Sicut

881 1127 995 1182 enimin
1006 1130 1195 1199 potestatibus
1206 1132 1349 1187 societatis
1359 1135 1733 1208 humanae,majorpotcstas

881 1216 988 1271 minori
998 1218 1033 1271 ad
1046 1219 1238 1274 obediendum
1247 1224 1440 1293 praeponitur3
1455 1225 1492 1278 ita
1505 1226 1577 1280 Deus
1587 1226 1730 1283 omnibus.

921 1309 960 1361 16.
972 1307 1043 1361 item
1055 1307 1084 1361 in
1099 1307 1283 1376 facinoribus,
1301 1311 1347 1365 ubi
1365 1311 1453 1367 libido
1468 1317 1511 1368 est
1527 1315 1659 1382 nocendi,
1675 1316 1733 1372 sive

880 1410 932 1466 per
942 1394 1156 1462 contumeliam,
1174 1396 1232 1450 sivo
1246 1413 1298 1468 per
1313 1398 1467 1469 injuriam;
1481 1406 1511 1456 et
1521 1407 1675 1474 utrumque
1688 1406 1732 1459 vel

882 1483 1037 1539 ulciscendi
1064 1501 1158 1550 eausa,
1179 1485 1252 1539 sicut
1274 1486 1391 1542 inimico
1407 1487 1560 1556 inimicus3
1582 1491 1623 1544 rel
1640 1490 1732 1562 adipi-

881 1570 978 1626 scendi
992 1571 1112 1643 alicujus
1125 1577 1204 1626 extra
1219 1574 1373 1640 commodi,
1386 1575 1458 1631 sicut
1471 1577 1542 1631 latro
1552 1577 1672 1646 viatori;
1689 1580 1732 1634 sel

881 1660 1005 1716 evitandi
1018 1661 1086 1716 mali
1101 1705 1107 1727 ,
1123 1661 1195 1716 sicut
1214 1662 1240 1717 ei
1266 1663 1317 1735 qui
1338 1664 1474 1732 timetur;
1498 1667 1541 1721 vel
1563 1666 1731 1733 invidendo,

881 1748 954 1804 sicut
976 1749 1095 1805 feliciori
1119 1750 1266 1820 miserior;
1281 1757 1330 1807 aut
1342 1752 1373 1807 in
1384 1753 1480 1825 aliquo
1494 1761 1689 1826 prosperatus,
1705 1757 1731 1811 ci

881 1853 969 1910 quem
983 1837 1037 1893 sibi
1052 1838 1160 1911 equari
1177 1841 1260 1895 timet
1278 1846 1328 1895 aut
1341 1843 1481 1912 aqualem
1496 1842 1587 1912 dolat;
1606 1846 1649 1900 vel
1673 1846 1732 1900 sola

880 1927 1027 1998 voluptate
1045 1926 1130 1982 alieni
1144 1929 1224 1995 mali,
1245 1928 1318 1983 sicut
1339 1934 1509 2000 spectatores
1529 1932 1730 2002 gladiatorum,

880 2019 931 2071 aut
949 2015 1090 2083 irrisores,
1119 2021 1169 2071 aut
1190 2017 1322 2072 illusores
1341 2020 1556 2090 quorumlibet:
1578 2023 1639 2076 boec
1665 2027 1733 2077 sunt

880 2104 974 2176 capita
986 2105 1157 2176 iniquitatis,
1174 2122 1238 2177 quae
1259 2106 1403 2177 pullulant
1422 2109 1600 2180 principandi
1615 2114 1643 2166 et
1666 2127 1730 2183 spe·
1753 2157 1759 2167 .

880 2194 975 2250 ctandi
988 2199 1016 2250 et
1030 2195 1173 2249 sentiendi
1187 2195 1315 2262 libidine,
1329 2203 1379 2251 ant
1393 2213 1462 2267 una,
1486 2204 1537 2254 aut
1550 2199 1662 2254 duabus
1683 2216 1730 2255 ea-

880 2298 956 2346 rum,
973 2283 1117 2338 autsimul
1128 2283 1261 2338 omnibus
1273 2301 1280 2351 ;
1295 2284 1515 2341 etviviturmale
1530 2288 1665 2343 aduersus
1676 2289 1731 2343 tria

880 2377 910 2426 et
923 2376 1043 2443 septem,
1059 2364 1229 2443 psalterium
1244 2372 1342 2427 decem
1362 2374 1536 2429 chordarum
1560 2375 1730 2448 decalogum

879 2464 974 2527 tuum,
990 2462 1065 2516 Deus
1083 2459 1222 2515 altissime
1234 2464 1264 2515 et
1275 2460 1448 2518 dulcissime.
1470 2462 1523 2518 Sed
1541 2479 1605 2534 quae
1622 2464 1731 2534 llugitia

878 2549 909 2605 in
924 2553 952 2604 te
967 2549 1017 2622 qui
1032 2564 1090 2604 non
1105 2549 1318 2620 corrumperis?
1328 2555 1379 2606 aut
1394 2567 1459 2623 quae
1474 2552 1609 2606 adversus
1624 2558 1651 2607 te
1665 2553 1731 2608 laei-

879 2654 959 2703 nora‚
970 2636 1017 2692 cui
1024 2636 1122 2692 noceri
1132 2652 1190 2692 non
1197 2638 1367 2709 potest‘lSed
1377 2639 1432 2694 hoc
1441 2640 1566 2695 vindicas
1574 2641 1728 2712 quaequod

879 2726 909 2782 in
923 2743 952 2781 se
964 2726 1094 2782 homines
1108 2730 1285 2797 perpetrant,
1300 2726 1368 2797 quia
1380 2727 1466 2782 etiam
1480 2743 1546 2782 cum
1566 2728 1596 2782 in
1616 2731 1644 2782 te
1663 2745 1729 2799 pec-

878 2821 955 2884 cant,
968 2814 1058 2886 impie
1071 2814 1225 2871 faciuntin
1238 2813 1348 2869 animas
1370 2830 1445 2882 suas,
1469 2820 1498 2870 et
1521 2815 1660 2870 mentitur
1683 2816 1727 2870 in-

877 2904 984 2976 iquitas
994 2903 1059 2970 sibi,
1070 2902 1128 2956 sire
1140 2903 1392 2973 corrumpendoae
1402 2904 1728 2974 pervertendonaturam

878 3008 959 3048 suam
975 3007 1062 3064 quam
1076 2994 1107 3046 tu
1128 2990 1219 3046 fecisti
1244 2996 1273 3046 et
1298 2991 1446 3062 ordinasti,
1470 2993 1516 3048 rel
1538 2992 1728 3048 immoderate

877 3081 986 3138 utendo
1001 3080 1140 3137 concessis
1151 3081 1247 3149 rebus,
1262 3082 1306 3135 vel
1320 3081 1350 3135 in
1361 3098 1418 3136 nnn
1432 3097 1566 3137 concessa
1580 3082 1728 3153 flagrando

878 3172 908 3227 in
916 3186 1073 3226 eumaeum
1089 3169 1139 3243 qui
1149 3174 1297 3226 estcontra
1307 3175 1457 3238 naturam;
1470 3175 1519 3225 sut
1528 3170 1571 3225 rei
1580 3175 1726 3239 tenentur,

878 3261 975 3316 animo
995 3262 1024 3315 et
1044 3260 1137 3315 verbis
1160 3259 1309 3314 sevientes
1329 3259 1464 3314 adversus
1481 3264 1520 3330 te,
1543 3263 1572 3314 ot
1593 3258 1727 3314 adversus

878 3349 1027 3405 stimulum
1052 3349 1244 3417 calcitrantes;
1272 3353 1409 3404 anteum
1432 3347 1568 3419 disruptis
1588 3347 1728 3403 limitibus

878 3439 1013 3494 humanae
1028 3437 1178 3504 societatis,
1195 3439 1328 3493 laetantur
1351 3436 1472 3492 audaces
1495 3436 1614 3508 privatis
1633 3435 1727 3490 conci·

878 3526 1043 3583 liationibus
1058 3532 1108 3581 aut
1123 3524 1599 3597 diremptionibus,proutquidque
1609 3524 1727 3579 delceta-

878 3615 950 3671 verit
965 3621 1015 3671 ant
1029 3614 1190 3670 olienderit.
1207 3616 1240 3669 Et
1259 3630 1292 3668 ea
1307 3613 1381 3668 liunt
1393 3628 1457 3667 cum
1472 3616 1504 3667 tu
1519 3611 1728 3683 derelinqueris

877 3704 941 3760 fons
952 3704 1028 3772 ritae,
1043 3703 1092 3776 qni
1107 3719 1137 3759 es
1156 3719 1231 3758 unire
1246 3707 1274 3756 et
1289 3718 1371 3757 verae
1386 3706 1496 3757 creator
1515 3705 1544 3756 et
1558 3705 1651 3755 rector
1662 3700 1727 3754 nni-

878 3793 1036 3860 versitatis3
1055 3796 1083 3847 et
1093 3790 1206 3863 priuata
1219 3789 1355 3862 superbia
1363 3789 1495 3859 diligitur
1505 3787 1621 3859 inparte
1635 3803 1727 3842 unum

878 3880 992 3938 lalebm.
1007 3879 1107 3953 linque
1119 3880 1226 3951 pietate
1241 3878 1344 3934 humili
1355 3877 1466 3934 reditur
1480 3877 1511 3932 in
1525 3882 1564 3944 te,
1581 3880 1609 3930 et
1622 3891 1728 3946 purgas

878 3989 930 4026 nos
953 3989 970 4026 a
993 3970 1198 4026 consuetudine
1221 3970 1307 4035 mala,
1336 3970 1365 4022 et
1384 3967 1527 4040 propitius
1552 3982 1582 4021 es
1606 3964 1728 4037 peccatis

877 4060 1088 4127 confitentium,
1114 4064 1143 4114 et
1165 4058 1280 4114 exaudis
1295 4057 1418 4129 gemitus
1442 4055 1683 4127 compeditorum,
1700 4057 1729 4107 et

879 4147 963 4203 solvis
981 4145 1134 4202 avinculis
1146 4161 1211 4217 quae
1226 4143 1307 4199 nobis
1321 4143 1450 4207 lecimus,
1463 4143 1484 4197 si
1507 4143 1568 4214 jam
1589 4158 1649 4197 non
1671 4140 1729 4194 eri·

879 4252 980 4309 gamus
998 4235 1134 4302 adversus
1152 4237 1180 4288 te
1199 4248 1307 4289 cornua
1328 4231 1406 4287 ialsae
1433 4230 1582 4297 libertatis,
1610 4227 1730 4283 avaritia

878 4325 943 4396 plus
962 4323 1097 4389 habendi,
1120 4326 1149 4376 et
1172 4321 1277 4376 damno
1298 4324 1391 4374 totum
1413 4317 1580 4381 amittendi;
1605 4315 1728 4386 amplius

879 4413 1001 4470 amando
1015 4411 1166 4484 proprium
1178 4412 1318 4477 nostrum,
1331 4424 1417 4480 qnam
1427 4412 1456 4463 te
1466 4404 1595 4461 omnium
1606 4404 1727 4459 bonum.

1216 4552 1330 4608 CAPUT
1347 4552 1389 4607 lx.

933 4653 1082 4709 discrimen
1099 4653 1170 4706 inter
1179 4654 1302 4721 peccato,
1317 4653 1343 4702 et
1354 4649 1425 4702 inter
1441 4647 1490 4702 Dei
1497 4645 1637 4716 judicium
1651 4651 1676 4700 et

1232 4739 1376 4794 bominum.

917 4853 960 4904 Π.
975 4847 1030 4904 Sed
1045 4846 1121 4902 inter
1136 4845 1245 4917 flagitia
1259 4849 1288 4900 et
1298 4843 1424 4899 facinora
1438 4847 1465 4898 el
1480 4846 1539 4899 tam
1555 4844 1659 4900 multas
1678 4843 1728 4897 in-

879 4936 1024 5009 iquitates,
1040 4939 1106 4990 sunt
1120 4937 1236 5006 peccata
1250 4931 1473 5005 proficientium,
1487 4949 1552 5005 ques
1568 4950 1583 4989 a
1596 4933 1669 4989 bene
1683 4931 1728 5002 ju-

881 5025 1041 5083 dicantibus
1054 5028 1082 5080 et
1099 5024 1299 5094 vituperantur
1317 5037 1350 5076 er
1369 5023 1469 5093 regula
1491 5021 1685 5094 perfectionis,
1701 5024 1731 5074 et

880 5116 1036 5170 laudantur
1051 5129 1100 5184 spe
1113 5112 1213 5183 frugis,
1226 5111 1299 5166 sicut
1309 5110 1399 5166 herbe
1408 5111 1522 5183 segetis.
1535 5112 1568 5166 Et
1577 5114 1644 5164 sunt
1653 5124 1730 5179 quae·

882 5203 948 5259 dam
967 5201 1071 5257 similia
1085 5201 1129 5255 rel
1144 5199 1252 5271 llagitio
1267 5199 1311 5254 vel
1326 5199 1457 5266 lacinori,
1471 5203 1500 5254 et
1513 5213 1571 5253 non
1586 5200 1653 5251 sunt
1666 5209 1730 5265 pec·

881 5297 962 5358 cata;
979 5289 1046 5363 quia
1060 5305 1112 5345 uec
1126 5295 1153 5345 te
1163 5288 1313 5344 offendunt
1322 5289 1476 5344 Dominum
1486 5289 1577 5342 Deum
1590 5287 1728 5347 nostrum,

882 5397 935 5435 nec
956 5378 1060 5434 sociale
1070 5376 1264 5433 consortium:
1286 5385 1352 5432 cum
1366 5375 1555 5432 conciliantur
1577 5371 1673 5444 aliqua
1699 5370 1729 5424 in

884 5483 966 5523 usum
980 5466 1046 5522 ritae
1060 5482 1187 5539 congrua
1201 5466 1335 5538 tempori,
1351 5470 1381 5522 et
1397 5465 1537 5520 incertum
1551 5464 1593 5517 est
1605 5475 1642 5515 an
1665 5458 1729 5540 libi-
