3884 6112
745 264 1031 333 SOLIIfflUIQRUM
1051 263 1079 321 S.
1100 259 1293 322 aueusrlat
1860 259 1900 313 tw

149 283 202 337 879

148 407 235 476 atque
250 393 684 474 aspamationetaliarecordor.
700 389 830 456 Quidvis
849 387 997 461 amplius‘l
1050 386 1123 454 decl,
1147 384 1216 458 quia
1241 379 1372 456 quamvis
1387 380 1441 438 ista
1466 384 1568 453 optare
1596 394 1711 452 posses,
1739 393 1803 433 non
1822 380 1900 436 tama

151 495 184 549 Et
197 493 252 547 hoc
267 489 340 545 mihi
353 489 462 543 bonum
477 486 507 541 in
523 486 583 539 dies
604 482 722 537 crcscIt:
743 495 811 535 nam
825 482 933 551 quanto
946 494 996 533 an·
1050 479 1169 549 propter
1181 473 1285 546 seipsa,
1300 471 1350 527 sed
1365 473 1483 544 propter
1503 468 1584 525 aliud
1598 467 1773 540 expetenda
1793 466 1901 524 videm

150 588 234 656 gutur
249 597 312 653 spes
325 577 455 634 videndae
469 574 547 630 illius
562 589 618 644 qua
633 572 817 626 vehementer
830 572 918 624 aestuo
932 567 998 638 pul·
1051 570 1108 620 tur.
1122 564 1158 620 A.
1175 564 1233 618 lloc
1252 559 1384 633 estquod
1400 559 1493 615 dIcere
1507 557 1683 632 cupiebam:
1707 571 1784 610 nam
1805 557 1902 628 quanto

151 669 330 727 chritudInis.
355 671 435 721 tanto
455 665 490 719 ad
513 663 593 716 illam
613 664 689 715 totus
712 673 792 713 arnor
812 659 998 728 voluptasque
1052 650 1211 709 desideravi
1226 649 1350 715 divitias,
1378 647 1443 704 ideo
1459 645 1621 702 desideravi
1650 648 1685 701 ut
1710 641 1797 699 dives
1819 660 1902 710 essen,

151 758 335 816 convertitur.
351 758 382 809 lt.
396 752 469 817 Quid
484 747 809 818 ciborumjucunditas‘i
822 749 936 818 quantos
946 743 999 798 tibi
1052 747 1234 817 honoresque
1248 745 1335 816 ipsos,
1348 759 1471 816 quorum
1484 740 1681 814 cupiditatem
1695 739 1791 795 modo
1801 755 1903 811 mepeo

150 863 226 902 euros
242 843 358 899 csttA.
373 843 411 896 Ea
426 857 491 912 qum
507 838 593 893 statui
605 853 665 893 non
678 837 774 905 edere,
789 833 860 889 nihil
870 849 918 888 me
932 848 999 888 eon·
1052 833 1194 891 domuisse
1214 831 1362 904 respondi,
1383 846 1483 887 eorum
1509 829 1609 886 nescio
1641 845 1704 902 quo
1722 826 1822 884 nitore
1845 828 1903 885 dele

150 937 275 990 movent.
291 931 328 985 lis
350 934 445 984 antem
475 944 540 1000 quas
555 943 613 982 non
633 923 791 996 amputavi,
806 922 1000 979 delectarIme
1052 927 1144 978 ctatus
1157 922 1308 989 volebam;
1328 919 1458 992 nihilque
1470 919 1549 975 alind
1561 919 1596 975 in
1610 933 1709 973 uxore
1736 933 1855 989 semper
1876 924 1904 974 d·

150 1020 339 1095 praesentibus
350 1018 450 1085 fateor,
466 1017 505 1071 ita
521 1021 618 1070 tanim
634 1018 666 1069 ut
677 1010 808 1068 sinenlla
821 1009 1000 1083 permotione
1053 1011 1140 1077 teudi,
1167 1026 1233 1066 cum
1258 1009 1379 1073 attendi,
1395 1007 1452 1064 nisi
1480 1023 1568 1081 quam
1599 1006 1678 1061 mihi
1701 1005 1838 1061 efiiceret
1857 1021 1905 1062 cau

150 1109 241 1166 anirni
256 1110 299 1162 vel
314 1108 372 1162 visa
391 1107 435 1160 vel
458 1109 570 1176 gustata
584 1102 800 1158 subtrahantur.
820 1102 891 1155 Cum
905 1102 1000 1153 autem
1052 1098 1213 1154 bonafama
1227 1099 1410 1170 voluptatem.
1422 1098 1502 1152 Tunc
1515 1099 1578 1151 erat
1592 1095 1727 1150 istorum
1743 1093 1777 1148 in
1790 1109 1841 1149 me
1852 1110 1905 1149 verr

150 1216 210 1254 non
225 1198 330 1253 adsunt
344 1211 472 1266 prorsus,
489 1209 549 1248 non
572 1192 657 1246 audet
668 1191 729 1245 haee
747 1187 885 1260 appetitio
907 1203 936 1241 se
956 1186 1000 1239 iu·
1054 1189 1211 1260 cupidita„
1227 1203 1304 1242 nuno
1314 1203 1348 1242 ea
1359 1185 1456 1242 omnia
1464 1200 1583 1256 prorsus
1595 1198 1752 1255 aspernor
1767 1198 1776 1237 :
1791 1181 1842 1237 sed
1855 1182 1906 1237 siet

150 1303 243 1341 serere
267 1285 303 1340 ad
328 1283 569 1353 impedimentum
598 1277 817 1349 cogitationibus
841 1275 922 1330 meis.
947 1274 1002 1330 Sed

151 1374 269 1431 omnino
285 1374 343 1428 sive
357 1372 392 1427 de
407 1371 469 1425 cibo
484 1374 512 1425 et
528 1373 609 1440 potu,
625 1367 683 1421 sive
697 1367 732 1421 de
752 1365 872 1434 balucis,
889 1368 1001 1417 catera-

151 1480 207 1536 que
231 1459 360 1532 eorporis
380 1459 525 1529 voluptate
541 1456 613 1511 nihil
624 1455 783 1524 interroges
799 1469 805 1506 :
822 1456 935 1507 tantum
949 1451 1001 1505 ha-

152 1553 219 1607 bere
230 1553 332 1622 appeto
345 1551 365 1616 ¹,
382 1550 523 1619 quantum
539 1545 570 1599 in
587 1542 760 1599 raletrrdinis
775 1556 860 1612 opem
879 1539 1002 1595 eonlerri

151 1640 256 1709 potest.
1015 1673 1021 1684 ·

152 1726 265 1781 CAPUT
285 1724 327 1778 xl.
348 1753 382 1763 -
395 1726 520 1779 Externa
541 1720 746 1777 commodanon
769 1723 882 1790 proptor
903 1733 940 1787 sc,
955 1716 1003 1772 scd

184 1819 298 1885 propter
320 1813 378 1867 ulio
395 1828 460 1867 uere
475 1811 543 1866 bonu
563 1814 678 1881 possent
697 1808 809 1863 admitti
820 1809 1002 1876 acriusquum

145 1909 157 1933 ⁰
186 1903 289 1972 capeti,

188 1992 232 2044 l8.
243 1991 276 2044 It.
291 1988 410 2043 llultum
425 1985 590 2060 prolecisti:
607 2001 641 2040 ea
659 1990 757 2040 tamea
770 1999 835 2055 quoe
849 1986 957 2038 restant
967 1983 1002 2037 ad

151 2077 302 2133 videndam
318 2077 397 2131 illam
409 2077 513 2142 lucem,
527 2074 685 2146 plurimum
698 2071 870 2144 impediunt.
882 2072 934 2127 Sed
943 2088 1004 2126 mo-

152 2166 208 2222 lior
222 2165 331 2237 aliquid
344 2165 419 2236 quod
429 2164 502 2219 milri
516 2163 628 2218 videtur
640 2161 722 2217 facile
731 2160 843 2216 ostendi
854 2176 861 2227 ;
873 2164 922 2214 aut
931 2159 1002 2214 nihil

153 2254 346 2311 edomandum
370 2253 454 2309 nobis
468 2268 627 2319 remanere,
653 2254 703 2305 aut
717 2249 789 2304 nihil
810 2265 863 2304 nos
885 2248 1002 2303 omnino

150 2342 315 2416 proiecisse,
331 2341 520 2412 omnIumque
532 2339 649 2394 illorum
664 2355 729 2409 qua
737 2341 845 2392 resecta
859 2337 1002 2393 credimus

152 2430 247 2485 tabem
261 2444 387 2484 manere.
405 2429 477 2482 llam
496 2443 594 2499 quaero
609 2427 659 2481 abs
672 2431 708 2492 te,
727 2426 750 2479 si
765 2425 817 2480 tibi
831 2426 1003 2497 persuadea-

152 2521 201 2573 tur
217 2518 299 2573 aliter
313 2532 378 2572 oum
393 2516 492 2571 multis
508 2513 684 2570 charissimis
697 2513 754 2568 tuis
764 2523 792 2568 te
804 2513 836 2568 in
847 2513 941 2568 studio
955 2530 1003 2568 sa-

152 2605 270 2678 pientias
282 2621 341 2660 non
356 2620 438 2676 posse
453 2603 558 2671 vivero,
574 2602 628 2656 nisi
643 2602 739 2672 ampla
754 2618 799 2656 res
814 2601 910 2672 aliqua
923 2602 1004 2657 Iami-

153 2693 232 2748 liaris
246 2692 429 2748 necessitates
443 2695 550 2746 vestras
566 2689 705 2745 sustinere
722 2691 829 2760 possIt3
844 2707 940 2746 nonne
954 2691 1003 2745 de-

154 2781 292 2837 siderabis
306 2779 419 2836 divitias
432 2783 460 2834 et
479 2777 615 2849 optabis?
628 2779 665 2833 A.
692 2778 850 2833 Assentior.
869 2782 901 2834 A.
919 2778 1002 2846 Quid,

154 2870 178 2924 si
193 2869 280 2926 etiam
295 2869 366 2924 illud
379 2871 525 2940 appareat,
548 2866 648 2921 multis
668 2871 696 2921 tc
711 2882 915 2937 persuasurum
942 2883 1003 2922 csse

154 2957 335 3030 sapientiam,
366 2955 390 3011 si
416 2956 468 3010 tibi
494 2955 530 3010 de
556 2955 666 3010 honore
693 2955 847 3010 auctoritas
872 2955 1003 3023 creverit,

155 3061 260 3118 cosque
274 3045 351 3115 ipsos
362 3044 518 3099 familiares
532 3048 596 3099 tuos
616 3059 674 3098 nou
695 3060 779 3114 posse
801 3043 1004 3115 cupiditatibus

155 3134 215 3189 suis
242 3133 362 3188 modum
390 3133 551 3204 imponere,
573 3148 659 3205 seque
681 3137 757 3188 totos
777 3138 942 3188 convertere
969 3132 1005 3188 ad

157 3222 345 3293 quarendum
356 3223 457 3289 Deum,
469 3220 523 3276 ulsi
535 3226 563 3276 et
571 3221 627 3293 ipsi
640 3221 749 3276 IuerInt
761 3222 905 3292 honorati,
917 3222 1004 3293 idque

158 3309 213 3364 nisi
227 3326 279 3381 por
293 3315 357 3365 tuos
370 3309 495 3364 honores
509 3309 736 3381 dignitatemque
748 3308 811 3364 fieri
825 3326 883 3365 non
897 3310 1005 3381 posset

156 3414 252 3454 nonne
262 3399 315 3454 Ista
329 3399 416 3453 etiam
431 3398 619 3453 desideranda
633 3403 727 3465 eruut,
743 3403 772 3454 et
791 3401 823 3453 nt
836 3399 1006 3470 proveniant

156 3503 331 3559 magnopere
346 3488 521 3543 instandum.
536 3488 572 3543 A.
585 3488 627 3542 lta
641 3491 683 3542 est
698 3492 730 3541 ut
748 3486 830 3542 dicis.
845 3488 878 3543 lt.
891 3488 954 3542 lam
969 3488 1005 3542 de

156 3593 244 3633 uxore
259 3576 331 3631 nihil
346 3577 461 3648 disputo
473 3592 480 3643 ;
495 3576 615 3631 fortasse
629 3575 706 3631 enim
721 3592 779 3631 non
792 3579 895 3647 potest,
907 3580 938 3630 ut
952 3576 1004 3630 du-

156 3670 246 3732 catur,
270 3665 390 3721 existere
414 3665 477 3721 talis
499 3665 669 3732 necessitas;
702 3680 878 3737 quanquam,
899 3665 923 3719 si
944 3664 1005 3735 ojus

156 3753 252 3823 amplo
266 3752 440 3823 patrImonio
456 3757 566 3807 eertum
589 3751 627 3807 sit
641 3752 794 3807 sustentari
807 3769 890 3823 posse
906 3767 1005 3808 omnes

156 3856 228 3910 quos
243 3844 337 3894 tecum
352 3840 381 3893 ia
392 3856 448 3894 uno
463 3841 524 3894 loeo
535 3840 630 3893 vivere
642 3839 732 3894 otiose
745 3841 835 3911 cupis,
845 3841 907 3911 Ipsa
917 3840 1005 3895 etiam

156 3927 333 3982 concorditer
361 3926 391 3981 id
415 3927 535 3995 sinente,
561 3927 722 3996 prasertim
737 3927 760 3980 si
775 3929 888 3999 generis
903 3928 1005 3983 nobili-

155 4020 213 4071 tate
229 4019 309 4070 tanta
320 4016 435 4087 polleat,
450 4019 482 4069 ut
500 4015 625 4089 honores
639 4014 703 4070 illos
717 4031 788 4088 quos
802 4029 862 4071 esse
878 4033 1005 4074 neeessa-

155 4105 214 4161 rIos
225 4105 286 4177 jam
311 4103 424 4171 dedisti,
439 4119 492 4177 per
514 4119 548 4158 ea
561 4103 642 4158 facile
658 4104 776 4174 adipisci
789 4105 891 4178 possis,
906 4106 1003 4164 nescio

155 4197 253 4249 utrum
267 4193 408 4263 pertineat
422 4192 458 4246 ad
473 4190 600 4246 officium
623 4196 706 4247 tunm
730 4192 784 4249 ista
806 4199 1001 4254 contemnere.

155 4283 192 4339 A.
206 4282 326 4347 Quando
341 4296 394 4351 ego
410 4280 486 4335 istud
500 4295 614 4352 sperare
634 4281 775 4337 audeam?

192 4374 237 4426 lt.
257 4373 293 4426 It.
323 4371 365 4424 Ita
389 4368 465 4424 istud
490 4368 570 4437 dicis,
587 4370 669 4441 quasi
684 4387 736 4441 ego
754 4387 830 4427 nnnc
857 4371 1003 4444 requiram

155 4458 226 4531 quid
249 4474 354 4530 speres.
372 4458 434 4512 Non
450 4473 548 4529 quaro
563 4459 634 4530 quid
649 4465 784 4530 negatum
800 4477 858 4516 non
873 4462 1001 4530 delectet,

155 4546 204 4602 sed
218 4547 268 4617 qui
291 4546 412 4602 delectet
431 4546 569 4601 oblatum.
594 4546 678 4602 alind
700 4552 743 4602 est
765 4548 843 4604 enim
866 4550 1004 4605 exhausta

154 4633 251 4705 pestis,
267 4633 346 4689 aliud
359 4634 516 4706 consopita.
544 4634 588 4690 Ad
614 4636 669 4689 hoc
691 4636 768 4690 enlm
791 4637 866 4693 valet
893 4638 1003 4710 quoda

154 4721 326 4794 quibusdam
341 4723 429 4779 doctis
441 4723 510 4777 vlris
524 4723 631 4779 dIctum
647 4727 699 4794 cst,
721 4724 761 4779 ita
784 4741 884 4781 omnes
899 4728 1002 4783 stultos

153 4810 269 4866 insanos
288 4828 359 4880 esse,
386 4816 418 4867 ut
432 4812 502 4867 male
519 4813 596 4867 olere
611 4829 696 4868 omne
711 4829 835 4884 caunum,
851 4816 927 4887 quod
943 4833 1002 4871 non

154 4914 277 4971 semper,
292 4899 341 4954 sed
358 4900 426 4955 dum
441 4916 614 4967 commoves,
631 4901 744 4956 sentias.
768 4902 888 4957 blultum
909 4903 1002 4959 inter·

153 4992 197 5044 est
213 4991 312 5042 utrum
327 4987 415 5042 animi
430 4988 628 5059 desperatione
643 4990 781 5044 obruatur
795 4989 947 5061 cupiditas,
964 5007 1001 5046 an

153 5076 273 5132 sanitate
289 5076 421 5148 pellatur.
436 5078 473 5131 A.
496 5077 666 5149 Quanquam
681 5078 733 5133 tibi
756 5079 928 5151 respondere
943 5096 1001 5136 nou

152 5182 280 5239 possum,
296 5180 445 5236 nunquam
459 5168 554 5221 tamen
568 5166 640 5222 mihi
650 5168 836 5238 persuadebis
846 5172 879 5223 ut
892 5168 945 5223 hac
960 5169 1001 5223 ai-

152 5254 274 5311 tectione
291 5254 406 5321 mentis,
425 5270 482 5326 qua
500 5273 576 5310 nunc
591 5272 637 5311 me
655 5273 717 5311 esse
741 5257 843 5324 sentio,
859 5256 932 5312 nihil
954 5274 1000 5312 ma

152 5344 306 5414 proiecisse
321 5343 455 5399 arbitrer.
478 5346 511 5400 R.
536 5344 625 5399 Credo
640 5350 793 5416 propterea
807 5345 860 5400 tibi
885 5346 940 5401 boc
958 5346 1000 5400 vi-

155 5468 326 5593 [pffllpffl
333 5469 436 5592 popolo
447 5482 452 5516 :
466 5467 561 5518 mellus
572 5468 999 5534 rogitamina..naoereappao.

1053 1277 1103 1332 illa
1117 1293 1181 1348 qnos
1196 1276 1280 1347 cupio
1293 1291 1353 1330 non
1367 1275 1422 1330 nisi
1435 1290 1488 1346 per
1500 1273 1562 1328 haec
1573 1271 1649 1326 mihi
1664 1270 1818 1327 transitus
1831 1271 1907 1334 datar,

1053 1383 1112 1422 non
1140 1365 1337 1438 amplectenda
1364 1368 1477 1435 appeto,
1505 1361 1555 1417 sed
1577 1360 1675 1417 subeo
1695 1359 1909 1415 tolerandas.

1055 1454 1167 1525 Optime
1182 1454 1318 1510 omnino:
1339 1468 1407 1509 nam
1431 1467 1484 1507 neo
1506 1466 1559 1523 ego
1587 1450 1727 1506 ullarum
1752 1463 1855 1504 rernm
1873 1465 1909 1502 m

1055 1542 1179 1597 candum
1194 1546 1264 1614 puto
1280 1541 1557 1613 cupiditatemque
1581 1543 1716 1612 propter
1736 1538 1818 1594 aliud
1831 1538 1909 1610 requi

1055 1635 1171 1693 rantur.

1056 1721 1168 1776 CAPUT
1182 1720 1238 1774 IIII.
1256 1749 1290 1760 -
1302 1720 1380 1777 Nihil
1398 1717 1580 1790 repetendum
1596 1718 1659 1772 aisa·
1676 1720 1822 1786 quotenus
1832 1715 1909 1771 made

1090 1812 1128 1865 cs‘t
1138 1792 1174 1863 ed
1183 1824 1316 1864 summum
1325 1808 1431 1875 dorsum
1440 1805 1513 1862 nibil
1525 1805 1707 1862 horrendum
1720 1807 1782 1861 m'ss'
1795 1808 1908 1877 wem

1091 1903 1195 1954 avocet.

1091 1989 1137 2042 tt).
1152 1985 1207 2042 Sed
1221 2001 1319 2058 quaero
1334 1985 1384 2040 abs
1403 1988 1442 2052 te,
1468 1998 1519 2038 cur
1540 1998 1592 2038 eos
1616 1981 1769 2037 homines
1781 1980 1907 2054 quusdii

1056 2075 1110 2148 gis,
1126 2076 1172 2130 vel
1184 2074 1289 2141 vivere,
1301 2073 1553 2129 veltecnmvirere
1564 2071 1705 2143 cupias?
1717 2072 1757 2127 A.
1768 2070 1806 2126 Ut
1818 2069 1905 2125 anina

1055 2167 1168 2218 nostras
1186 2167 1215 2218 et
1233 2163 1324 2218 ileum
1346 2161 1432 2216 simul
1460 2158 1646 2215 concorditer
1669 2157 1864 2230 inquiramus
1876 2157 1905 2211 lls

1057 2252 1133 2306 enim
1147 2251 1230 2306 facile
1243 2251 1289 2305 cui
1314 2249 1404 2322 priori
1424 2247 1566 2320 contingit
1591 2247 1746 2313 inventio,
1762 2252 1902 2302 caetsmser

1057 2340 1118 2396 sinc
1133 2341 1232 2395 labore
1246 2339 1386 2411 perducit.
1396 2340 1429 2393 a.
1445 2336 1530 2405 Quid,
1546 2336 1572 2391 si
1588 2336 1704 2392 nolunt
1719 2335 1901 2407 basiliique

1057 2429 1143 2483 reret
1155 2429 1191 2484 A.
1205 2427 1386 2483 Persuadebo
1396 2431 1429 2481 ut
1441 2425 1539 2480 velint.
1551 2427 1588 2480 a.
1601 2424 1699 2490 Quid,
1709 2425 1737 2479 si
1751 2439 1814 2479 non
1823 2422 1898 2496 po&

1057 2517 1102 2572 vel
1116 2516 1195 2588 quod
1209 2531 1239 2570 se
1261 2515 1403 2570 iuvenisse
1426 2514 1496 2584 jam,
1520 2513 1566 2568 rel
1582 2513 1665 2585 quud
1683 2512 1745 2568 ista
1765 2528 1824 2568 non
1840 2524 1898 2584 pora

1058 2605 1182 2661 inveniri
1193 2605 1379 2671 arbitrantur,
1394 2603 1438 2658 rel
1452 2601 1530 2674 quod
1545 2601 1681 2656 aliarum
1696 2617 1801 2657 rerum
1814 2600 1899 2656 curisd

1058 2693 1198 2750 desiderio
1220 2690 1460 2765 praepediuntur?
1474 2691 1510 2747 A.
1528 2690 1652 2746 llabebo
1669 2687 1898 2760 semetipsius,

1057 2782 1130 2837 sieut
1143 2797 1305 2854 possumus.
1321 2784 1354 2837 It.
1378 2779 1463 2847 Quid,
1481 2778 1505 2834 si
1520 2782 1549 2834 te
1571 2779 1610 2834 ab
1636 2778 1825 2850 inquirendo
1836 2777 1899 2833 stira

1055 2870 1194 2942 impediat
1218 2885 1319 2926 eornm
1333 2866 1510 2940 praesentiat
1534 2882 1637 2922 nonne
1672 2867 1823 2923 laborabis
1836 2871 1899 2938 atqu

1058 2959 1182 3030 optabis,
1202 2959 1322 3013 sialiter
1344 2973 1405 3012 esse
1428 2972 1488 3011 non
1512 2959 1651 3028 possunt,
1671 2972 1734 3011 non
1755 2960 1899 3010 tecuam

1058 3047 1153 3120 potius
1176 3063 1262 3119 quam
1291 3046 1330 3101 sic
1349 3047 1435 3101 esset
1450 3044 1487 3100 A.
1513 3044 1630 3114 Fateor,
1655 3044 1701 3099 ita
1724 3048 1772 3100 est
1791 3048 1826 3100 ut
1840 3043 1899 3099 dim

1058 3139 1090 3193 It.
1109 3137 1169 3193 Iton
1185 3137 1274 3207 igitur
1288 3150 1388 3190 eorum
1403 3134 1447 3189 rel
1462 3133 1550 3188 vitam
1570 3132 1616 3187 vel
1640 3133 1835 3205 praesentiam
1851 3147 1899 3205 pra

1057 3229 1123 3297 pter
1139 3224 1271 3297 seipsam,
1295 3223 1346 3279 sed
1369 3227 1486 3296 propter
1508 3220 1724 3277 inveniendam
1754 3221 1898 3295 sapientiae

1058 3313 1161 3384 cupis?
1181 3315 1218 3369 A.
1239 3315 1357 3368 Prorsus
1376 3310 1526 3366 assentior.
1541 3312 1575 3365 It.
1592 3310 1699 3375 Quid?
1723 3310 1822 3381 Ipsam
1834 3310 1899 3364 dun

1058 3405 1138 3457 tuam
1153 3401 1175 3455 si
1197 3401 1250 3456 tibi
1264 3404 1373 3456 certum
1390 3401 1463 3454 esset
1478 3396 1695 3469 impedimento
1710 3414 1779 3454 esse
1792 3398 1829 3454 ad
1840 3412 1899 3453 oon·

1058 3490 1292 3563 prehendendam
1313 3487 1494 3560 sapientiam,
1519 3486 1606 3541 velles
1630 3502 1699 3542 eam
1724 3485 1898 3543 manescit.

1058 3580 1181 3637 Omnino
1195 3595 1258 3634 cam
1271 3580 1408 3650 lugerem.
1425 3579 1458 3633 lt.
1472 3574 1572 3641 Quid?
1585 3574 1610 3630 si
1633 3575 1801 3644 docereris,
1821 3578 1899 3632 tante

1058 3669 1157 3724 relicto
1172 3668 1224 3722 isto
1240 3683 1368 3738 comere,
1382 3681 1469 3737 quam
1488 3664 1517 3718 in
1532 3663 1595 3735 Ipso
1610 3666 1823 3730 constitutum.
1836 3676 1900 3737 puae

1058 3757 1093 3812 ad
1118 3757 1287 3828 sapientiam
1313 3754 1472 3827 pervenire,
1492 3768 1608 3808 curares
1635 3758 1741 3808 utrum
1759 3754 1818 3815 hic.
1835 3750 1898 3807 ania

1059 3845 1115 3900 alia
1124 3846 1181 3900 vita
1193 3844 1310 3916 eoquod
1325 3843 1420 3913 diligIs
1434 3841 1596 3896 fruereris?
1610 3841 1653 3896 A.
1673 3841 1705 3896 Si
1722 3842 1801 3898 nihil
1814 3857 1856 3897 ms
1865 3855 1900 3911 pe

1055 3933 1103 4006 jus
1118 3937 1302 4003 excepturum
1318 3929 1520 4001 iutelligeram,
1534 3927 1613 4000 quod
1628 3934 1819 4004 retroageret
1835 3929 1865 3985 ab
1876 3942 1900 3982 aa

1059 4037 1116 4093 quo
1139 4035 1309 4093 progressus
1332 4034 1406 4086 sum,
1426 4034 1485 4074 non
1503 4032 1648 4073 curarem.
1671 4020 1709 4075 a.
1741 4018 1825 4075 Nunc
1846 4031 1900 4088 argo

1056 4114 1207 4183 propterea
1220 4109 1293 4164 mori
1307 4107 1402 4174 times,
1416 4122 1452 4162 ne
1475 4105 1572 4177 aliquo
1591 4105 1696 4178 pejore
1720 4108 1805 4164 malo
1827 4105 1901 4162 insol·

1057 4198 1142 4268 varis,
1157 4214 1215 4270 quo
1229 4196 1282 4252 tibi
1292 4197 1439 4253 auferatur
1450 4193 1546 4251 divina
1559 4195 1702 4267 cognitio.
1720 4198 1761 4254 A.
1788 4196 1848 4252 Non
1864 4208 1900 4249 so-

1057 4287 1118 4341 lum
1133 4303 1169 4342 ne
1194 4287 1340 4342 auferatur
1358 4285 1457 4352 tImeo‚
1481 4284 1505 4340 si
1525 4283 1596 4355 quid
1623 4283 1703 4339 forte
1721 4284 1851 4358 percepi,
1864 4281 1901 4338 sed

1056 4376 1143 4431 etiam
1160 4391 1195 4431 ne
1210 4374 1415 4431 intercludatur
1423 4373 1496 4429 mihi
1507 4373 1601 4429 aditus
1617 4388 1726 4429 eorrrm
1735 4374 1903 4446 quibamu-

1056 4464 1196 4536 cipiendis
1219 4464 1318 4530 iubio;
1343 4462 1473 4535 quamvis
1494 4461 1568 4534 quod
1591 4462 1657 4532 jam
1678 4465 1784 4531 teneo,
1807 4474 1903 4518 merula

1056 4568 1224 4608 mansurum
1238 4556 1348 4624 putem.
1365 4555 1397 4608 It.
1409 4552 1473 4607 Non
1488 4549 1577 4623 igitur
1592 4553 1623 4605 et
1635 4549 1732 4606 vitam
1747 4550 1835 4607 hum
1847 4564 1904 4623 pm·

1056 4646 1122 4714 pter
1145 4641 1279 4713 seipsam,
1305 4640 1356 4696 sed
1382 4644 1500 4713 propter
1522 4637 1699 4710 sapientiam
1722 4640 1769 4695 vis
1791 4650 1903 4695 manem

1055 4733 1092 4787 A.
1106 4730 1151 4786 Sic
1162 4736 1214 4785 est.

1091 4822 1136 4875 tl.
1151 4823 1182 4876 It.
1196 4819 1283 4874 Dolor
1296 4817 1422 4890 corporis
1436 4819 1533 4880 restat,
1548 4814 1600 4888 qui
1624 4819 1656 4871 te
1675 4815 1804 4873 fortasse
1816 4816 1844 4871 ri
1864 4828 1905 4870 sua

1055 4912 1224 4965 commovet.
1235 4908 1271 4963 A.
1286 4909 1319 4963 Et
1327 4907 1422 4978 ipsum
1437 4921 1496 4962 non
1507 4904 1545 4961 ob
1558 4903 1641 4959 alind
1654 4904 1848 4962 vehementer
1857 4904 1905 4961 tor·

1054 4998 1144 5060 mido,
1159 4996 1215 5052 nisi
1236 4996 1304 5067 quia
1323 5011 1369 5051 me
1385 4994 1507 5066 impedit
1521 5009 1539 5048 a
1552 4992 1731 5065 querendo.
1747 4996 1904 5064 Quanquam

1055 5086 1133 5142 enim
1147 5084 1335 5140 acerrImohis
1344 5084 1444 5140 diebus
1454 5081 1584 5139 dentium
1591 5081 1695 5137 dolore
1707 5086 1861 5154 torquerer
1867 5076 1903 5146 lat

1055 5190 1115 5229 non
1129 5173 1246 5245 quidem
1263 5172 1377 5228 sinebar
1391 5172 1486 5227 aalma
1499 5171 1628 5239 solvere,
1643 5169 1705 5225 nisi
1724 5188 1762 5227 ea
1775 5186 1839 5243 quaa.
1852 5166 1902 5239 jam

1055 5262 1126 5317 forte
1138 5262 1294 5317 didiceram
1306 5277 1340 5329 ;a
1351 5259 1717 5330 discendoautempenitus
1726 5255 1899 5332 impediebar.

1055 5349 1089 5404 ad
1103 5349 1181 5420 quod
1195 5347 1267 5403 mibi
1281 5352 1340 5403 tota
1353 5347 1512 5402 intentione
1526 5343 1619 5400 animi
1634 5362 1712 5418 opus
1722 5352 1803 5403 erat:
1819 5349 1898 5400 umet

1055 5437 1127 5493 mibi
1140 5437 1299 5501 videbatur,
1307 5437 1332 5491 si
1344 5452 1373 5491 se
1382 5436 1431 5492 ille
1439 5434 1588 5490 mentibus
1596 5437 1673 5491 meis
1681 5430 1897 5500 renudatum

1086 5535 1120 5598 (u)
1135 5533 1194 5585 l'id.
1210 5534 1256 5582 lib.
1272 5536 1286 5583 9
1305 5533 1390 5597 Coei,
1403 5547 1464 5598 cap.
1479 5533 1502 5591 t,
1514 5545 1542 5582 u.
1554 5533 1596 5583 lt.
