3884 6112
104 284 136 339 to
771 278 952 337 PRAEFATIO
977 279 1183 337 saumatis.
1824 281 1862 335 it)

138 405 177 458 lle
194 407 295 458 cratero
311 402 385 457 ultro
399 400 579 473 profitemur,
597 417 648 456 nos
662 400 771 456 sincere
786 400 932 456 adherere
946 401 1143 457 ecclesiasticis
1158 400 1193 455 de
1208 400 1304 457 Gratia
1317 399 1558 466 institutionibus,
1573 416 1644 472 ques
1658 416 1754 474 nuper
1767 401 1864 458 edide-

101 495 170 546 runt
192 490 377 546 illustrissimi
401 491 625 562 Archipraesules
654 490 769 545 Carolus
793 490 940 545 Mauritius
964 490 991 544 le
1012 490 1116 545 Tellier
1129 490 1287 556 hamensis,
1308 495 1337 546 at
1352 490 1508 546 ludovicus
1522 489 1664 544 Antonius
1682 490 1717 546 de
1736 491 1863 546 Noailles

106 581 287 648 Parisiensis3
304 596 425 653 quorum
441 585 474 636 ut
488 580 657 652 dignitatem
673 578 915 636 etauctoritatem
935 594 1116 649 veneramur,
1131 580 1171 635 ita
1184 579 1270 635 etiam
1283 579 1443 636 doctrinam
1455 594 1508 634 nos
1520 578 1601 651 sequi
1617 578 1715 650 palam
1730 581 1865 650 agnosci·

107 686 172 731 mus
185 675 214 726 et
228 670 397 740 gloriamur.

142 779 216 833 Dum
231 777 270 830 sio
294 777 432 832 llomanis
453 775 648 844 Pontificibus,
673 774 792 846 aliisque
806 773 936 829 Ecclesiae
954 771 1135 844 praesulibus,
1151 786 1223 843 quos
1244 770 1372 826 Christus
1387 769 1525 825 Dominus
1537 769 1675 825 doctrinae
1693 769 1817 826 arbitros
1833 774 1863 826 et

103 865 217 937 judices
239 865 396 929 constituit,
422 863 551 919 demissis
566 862 669 918 animis
684 862 883 934 obsequiorum
901 862 1010 918 nemini
1028 860 1182 915 obscurum
1197 875 1257 914 essa
1278 858 1373 926 debet,
1391 875 1442 914 nos
1456 859 1572 930 penitus
1590 859 1779 915 abhorreres
1795 860 1862 932 qui·

106 954 203 1010 busvis
231 954 356 1027 partium
379 953 489 1018 studiis,
505 956 534 1006 et
546 951 577 1006 in
595 951 705 1007 edendo
721 951 880 1023 Augustino
895 952 933 1006 sic
948 951 978 1005 in
993 951 1053 1023 eJus
1068 948 1226 1005 doctrinam
1251 947 1404 1004 intendisse
1432 949 1572 1017 animum,
1599 953 1631 1003 ut
1655 949 1717 1020 ejus
1732 949 1819 1004 rerba
1834 955 1864 1005 et

106 1044 262 1098 sententias
277 1042 386 1096 sincere
400 1056 432 1094 ac
444 1039 570 1111 genuine
585 1043 866 1111 repraesentaremus.

139 1153 232 1220 Atque
246 1153 277 1203 ut
292 1149 326 1203 ad
344 1147 457 1219 singula
471 1148 621 1202 ueniamus
636 1165 643 1203 ε
659 1148 689 1202 in
708 1146 890 1202 contexendis
915 1144 1121 1217 marginalibus
1138 1143 1300 1199 summariis
1313 1142 1457 1215 ipsissima
1470 1143 1578 1215 passim
1592 1143 1679 1198 verbe
1693 1143 1861 1214 Augustini,

104 1241 135 1292 et
148 1236 266 1309 quidem
277 1236 486 1308 Augustiniano
501 1252 597 1302 sensu,
613 1234 749 1290 adhibere
764 1235 937 1291 curarimus.

141 1343 212 1398 ilinc
232 1346 274 1397 est
289 1342 368 1413 quod
382 1341 433 1396 ubi
448 1342 550 1398 Gratim
566 1341 683 1397 nomino
697 1341 796 1397 inillis
811 1340 1149 1407 summariisusisumns‚
1164 1339 1193 1395 id
1207 1339 1384 1394 intellectum
1398 1339 1530 1393 volumus
1544 1339 1763 1410 ipsocontextus
1777 1354 1862 1393 sensu

104 1435 133 1487 et
146 1431 310 1502 Augustini,
327 1430 376 1502 qui
391 1431 493 1487 Gratia
511 1430 615 1486 Christi
630 1435 658 1485 et
673 1431 776 1487 Gratiae
789 1431 904 1503 proprie
919 1430 1001 1486 dictoe
1017 1425 1145 1492 nomine,
1159 1423 1282 1479 maxime
1296 1427 1362 1496 post
1375 1427 1507 1478 exortum
1523 1423 1631 1495 Pelagii
1645 1439 1782 1486 errorem,
1798 1439 1863 1494 gra-

105 1520 176 1575 tiam
201 1536 296 1574 reram
322 1524 349 1575 et
372 1519 550 1586 interiorem,
565 1520 680 1591 qualem
702 1519 754 1576 iste
770 1521 902 1592 negabat,
918 1516 1064 1589 inprimis
1080 1530 1147 1569 nero
1166 1513 1244 1567 illam
1261 1529 1325 1584 qum
1340 1512 1439 1567 viatrix
1455 1517 1498 1567 est
1516 1517 1544 1568 et
1557 1513 1693 1575 efficiens,
1709 1512 1862 1585 designare

106 1610 178 1665 solet
193 1626 199 1665 :
216 1609 295 1681 quod
308 1608 480 1679 intelligitur
495 1624 527 1663 er
541 1609 673 1665 omnibus
687 1609 747 1664 fere
760 1609 840 1664 libris
856 1625 928 1681 quos
943 1607 1043 1662 eontm
1054 1600 1223 1671 Pelagianos
1236 1599 1421 1671 conscripsit;
1437 1599 1536 1671 quales
1551 1604 1618 1654 sunt
1632 1598 1697 1655 libri
1717 1601 1752 1655 de
1765 1600 1861 1655 Gratia

107 1696 222 1767 Christi,
240 1698 274 1752 de
294 1695 480 1767 Correptione
498 1700 526 1752 et
541 1696 646 1766 Gratia,
667 1701 704 1764 et,
716 1697 828 1752 utalios
848 1696 1024 1760 omittamus,
1040 1689 1106 1745 libri
1122 1692 1356 1760 quatuorcentis
1374 1688 1449 1743 Duas
1474 1687 1612 1759 Epistolas
1629 1688 1861 1760 Pelagianorum,

106 1784 272 1857 inquorum
287 1784 424 1856 postremi
436 1783 530 1855 capite
544 1784 658 1856 quinto,
672 1785 783 1856 gratie,
799 1800 859 1854 quar
873 1786 984 1854 proprie
997 1783 1091 1852 pratia
1104 1784 1153 1846 est,
1169 1777 1287 1833 nomine
1303 1778 1508 1849 interpretatur
1530 1781 1644 1832 sanetus
1659 1778 1762 1833 hoctor
1775 1782 1856 1850 inspi·

105 1877 238 1928 rationem
252 1873 412 1938 dilectionis,
428 1876 458 1925 ut
472 1873 580 1938 cognito
593 1877 686 1927 sancto
700 1888 790 1927 umore
803 1873 950 1940 tumemus.
969 1870 1023 1926 Ubi
1036 1870 1144 1925 clanim
1165 1871 1207 1922 est
1236 1866 1382 1922 vocabulis
1397 1868 1490 1934 gratio
1505 1882 1565 1936 qua
1580 1870 1692 1938 proprie
1705 1870 1800 1936 gratia
1813 1874 1864 1938 cst,

107 1963 152 2016 rel
168 1978 227 2031 qua
239 1963 356 2032 proprio
371 1963 465 2030 gretia
482 1965 521 2015 est
536 1960 586 2031 (ita
605 1960 681 2016 enim
697 1961 808 2015 remant
821 1960 1007 2032 manuscripti
1022 1957 1154 2030 codices),
1166 1957 1333 2014 interiorem
1348 1957 1469 2028 gratiam
1480 1959 1667 2030 propugnari,
1685 1975 1772 2031 quam
1787 1962 1863 2015 mulo

108 2052 174 2109 dolo
194 2054 222 2105 et
236 2050 397 2105 clanculum
412 2049 576 2104 subvertere
592 2048 757 2105 nitebantur
780 2049 845 2104 nori
868 2050 964 2104 hostes
983 2049 1092 2120 gratim,
1108 2047 1177 2103 dum
1194 2045 1240 2101 rel
1256 2046 1289 2101 ad
1305 2046 1410 2117 legem,
1423 2047 1466 2100 rel
1483 2046 1518 2101 ad
1534 2046 1667 2102 dilutiora
1682 2052 1711 2103 et
1723 2049 1865 2103 exteriora

108 2137 235 2195 subsidia
255 2138 347 2208 ipsam
362 2141 538 2192 revocarent.
557 2138 679 2193 hiantem
693 2138 767 2205 hanc
781 2137 868 2192 tuisse
884 2138 1076 2210 Hipponensis
1095 2135 1239 2204 Praesulis,
1255 2135 1365 2207 liquido
1381 2135 1463 2191 docet
1476 2136 1554 2191 locus
1568 2135 1628 2208 ipse
1643 2153 1731 2209 quem
1747 2137 1864 2209 attingi-

111 2240 196 2280 mus:
211 2225 313 2281 eodem
336 2225 476 2280 nimirum
495 2226 588 2297 eapite
605 2230 694 2295 notat,
708 2229 851 2298 Nusquam
865 2229 932 2283 istos
955 2229 1054 2297 gratie
1069 2227 1193 2281 inimicos
1208 2225 1245 2280 aci
1265 2227 1384 2294 gratiam
1399 2225 1579 2280 uehementius
1593 2226 1805 2296 oppugnandum
1820 2242 1864 2280 oc·

107 2314 234 2370 cultiores
249 2315 341 2369 moliri
354 2315 481 2383 insidias,
496 2330 579 2385 quom
593 2317 642 2370 uhi
655 2317 739 2386 legem
755 2316 870 2372 laudant
872 2353 1419 2383 ...................
1438 2314 1535 2382 Legem
1549 2315 1649 2383 quippe
1659 2313 1776 2368 dirersis
1794 2314 1865 2367 locu·

110 2405 214 2458 tionum
226 2403 313 2459 modis
327 2408 352 2459 et
367 2405 664 2473 cocarescemiorum,
686 2407 715 2460 in
730 2407 853 2461 omnihus
868 2404 1099 2476 disputationibus
1113 2404 1170 2457 suis
1195 2402 1261 2457 nette
1274 2402 1393 2471 intelligi
1407 2404 1537 2470 gratian,
1557 2407 1588 2456 ut
1603 2403 1704 2457 scilicet
1719 2419 1736 2457 u
1752 2404 1864 2457 Domino

33 2514 37 2529 ·
108 2494 161 2547 Deo
175 2491 345 2561 adjutorium
359 2495 521 2561 cognitionis
535 2494 690 2549 lcobcornus.
706 2497 771 2549 llam
784 2494 936 2551 retulimus
949 2493 1035 2565 paulo
1049 2490 1197 2564 prolixius,
1214 2494 1246 2545 ut
1257 2490 1291 2546 de
1305 2494 1400 2545 mente
1415 2491 1504 2545 sancti
1514 2491 1643 2546 Doctoris
1655 2491 1782 2562 apertius
1799 2507 1865 2546 con·

108 2583 206 2649 staret,
221 2581 257 2636 ad
272 2597 393 2652 eamque
406 2583 536 2654 regulam
551 2583 735 2654 exigerentur
749 2585 811 2639 loca
826 2584 982 2656 complura,
999 2581 1112 2654 quaed
1128 2578 1287 2652 marginem
1301 2579 1439 2635 adnotare
1453 2580 1548 2635 risum
1562 2585 1606 2635 est
1619 2579 1788 2636 editoribus.

144 2686 234 2758 Igitur
246 2691 278 2742 ut
296 2691 354 2743 tota
368 2688 423 2743 ista
437 2703 482 2743 res
501 2688 613 2744 facilius
632 2689 801 2761 explicatur,
821 2690 879 2746 duo
896 2689 1021 2745 breviter
1038 2688 1264 2745 animadvertere
1282 2689 1383 2759 placet,
1400 2703 1464 2760 quar
1478 2687 1577 2760 magni
1593 2691 1660 2743 sunt
1672 2688 1814 2743 momenti
1828 2688 1864 2743 ad

108 2773 195 2831 tidem
209 2781 338 2832 nostram
352 2777 388 2832 ab
402 2777 482 2857 omni
496 2778 657 2850 suspicione
672 2779 884 2835 exsolvendam.

143 2881 273 2937 Primum
296 2886 349 2951 est,
374 2883 450 2955 quod
470 2883 533 2955 jam
554 2900 590 2939 ex
611 2886 772 2957 Augustino
795 2886 1023 2956 insinuabamus,
1044 2885 1140 2956 ipsum
1154 2883 1230 2938 inter
1242 2882 1298 2939 alia
1312 2880 1475 2939 christianae
1489 2882 1603 2954 pietatis
1618 2882 1712 2953 capita
1725 2900 1790 2955 qum
1807 2884 1863 2939 sibi

108 2970 286 3028 defendenda
302 2973 435 3044 sumpsit,
450 2973 497 3029 isti
511 2974 658 3045 probando
673 2975 823 3048 diligenter
838 2975 1013 3043 incubuisse,
1027 2974 1151 3048 gratiam
1164 2989 1271 3040 verum,
1287 2971 1464 3040 interiorem,
1481 2971 1686 3044 propriamque
1701 2972 1864 3027 christianae

109 3059 190 3131 legis,
213 3065 241 3116 et
268 3061 409 3116 diversam
436 3061 471 3116 ab
496 3063 570 3133 lege,
594 3062 734 3129 doctrina,
760 3065 981 3133 illuminatione,
1004 3080 1062 3136 quo
1084 3063 1145 3118 solo
1168 3078 1272 3134 genere
1292 3060 1394 3134 gratiae
1415 3064 1564 3116 contentos
1587 3076 1638 3115 nos
1657 3060 1862 3115 volebatPela-

109 3148 186 3221 gius,
200 3149 366 3204 Christianis
382 3150 515 3206 omnibus
527 3153 751 3223 agnoscendam.
771 3154 803 3209 ld
816 3171 883 3208 vero
900 3153 955 3226 ipsi
969 3151 1149 3226 propositum
1161 3150 1246 3206 tuisse
1261 3150 1291 3205 in
1304 3150 1440 3205 diuturna
1454 3154 1554 3204 contra
1569 3149 1736 3220 Pelagianos
1746 3165 1864 3203 eoueer·

109 3237 228 3302 tatione,
244 3237 310 3292 libri
324 3237 384 3293 iere
398 3239 535 3306 universi,
548 3244 658 3296 utente
672 3246 805 3297 notatum
819 3247 871 3308 est,
888 3243 1023 3298 aduersus
1042 3241 1119 3312 ipsos
1133 3238 1202 3294 editi
1216 3239 1387 3310 loquuntur;
1404 3238 1452 3293 sed
1468 3239 1496 3292 in
1515 3236 1621 3309 primis
1631 3238 1704 3292 liber
1716 3237 1750 3292 de
1766 3237 1860 3293 Gratia

111 3324 227 3394 Christi,
241 3328 304 3380 tum
318 3328 411 3381 textus
426 3343 511 3398 supra
526 3329 632 3384 relatus
651 3345 684 3383 ex
701 3329 794 3400 capite
810 3331 910 3404 quinto
922 3330 989 3387 libri
1003 3328 1100 3404 quarti
1117 3328 1300 3383 contribuas
1314 3327 1534 3399 Pelagianorum
1550 3327 1697 3399 Epistulas.

147 3428 196 3484 lsti
216 3434 314 3485 autem
339 3431 441 3503 primae
463 3433 655 3489 observationi
676 3435 860 3508 adjungenda
883 3442 926 3492 est
950 3435 1007 3492 alia
1022 3452 1029 3490 :
1046 3449 1149 3505 nempe
1164 3436 1294 3489 sanctum
1309 3433 1465 3488 Praesulem
1481 3433 1521 3487 sic
1533 3432 1644 3488 dedisse
1660 3448 1776 3504 operam
1792 3449 1860 3504 pro·

111 3517 214 3574 bandae
238 3519 336 3590 gratiae
361 3520 492 3576 interiori
511 3523 670 3595 generatim
683 3528 816 3597 sumptae,
838 3530 870 3582 ut
883 3530 979 3581 tamen
993 3523 1166 3580 ereberrime
1180 3522 1349 3578 memorarit
1364 3521 1489 3593 speciem
1503 3522 1583 3577 illam
1596 3522 1706 3594 gratiae,
1724 3539 1780 3594 qua
1795 3538 1862 3593 per-

111 3605 212 3662 fectior
226 3608 410 3681 vegetiorque
425 3611 557 3680 hahetur,
580 3617 608 3668 et
631 3629 695 3686 qua
710 3614 747 3669 ab
764 3615 870 3687 potiori
887 3614 993 3670 uirtute
1012 3617 1040 3670 et
1060 3613 1095 3668 ab
1108 3612 1222 3681 ellectu,
1237 3627 1324 3684 quem
1340 3627 1374 3666 ex
1389 3615 1493 3667 natura
1507 3628 1558 3666 sua
1572 3617 1650 3667 certo
1665 3613 1862 3684 consequitur,

110 3695 212 3752 efficax
228 3699 401 3769 appellatur.
420 3699 452 3754 ld
466 3716 533 3754 vcro
548 3717 599 3756 cur
610 3701 716 3757 faceret
729 3707 844 3758 sanctus
857 3703 1019 3758 divinorum
1030 3701 1201 3758 auxiliorum
1215 3716 1322 3772 prason,
1338 3716 1437 3755 causas
1449 3700 1549 3756 habuit
1561 3717 1642 3755 veras
1657 3705 1807 3774 etgraves.

145 3803 250 3866 Primo,
267 3803 431 3876 disputabat
446 3807 580 3863 adversus
593 3807 736 3875 homines,
759 3809 810 3881 qui
832 3826 898 3865 cum
913 3808 1131 3881 possibilitatem
1145 3807 1235 3862 solam
1250 3806 1378 3878 adjuvari
1397 3824 1414 3861 a
1436 3808 1493 3862 lieo
1509 3807 1644 3871 dicerent,
1660 3809 1803 3880 negabant
1815 3826 1863 3863 ro-

110 3894 251 3948 luntatem
266 3893 451 3949 eiectionem
467 3894 502 3950 ab
515 3896 578 3967 ipso
593 3895 713 3966 perinde
724 3897 830 3968 jurari.
853 3897 949 3954 Errori
963 3901 1060 3953 autem
1074 3895 1123 3953 isti
1136 3895 1310 3951 confutando
1326 3895 1395 3968 quid
1411 3896 1503 3967 magis
1518 3900 1629 3967 aptum,
1652 3914 1738 3969 quam
1763 3899 1864 3953 atlerre

110 3977 181 4033 illud
194 3976 292 4032 auxilii
308 3994 409 4050 genus,
425 3996 481 4052 quo
495 3981 557 4053 ipsa
576 3981 700 4038 cisseitur
716 3983 808 4039 actio?
827 3984 971 4052 Secundo,
988 4002 1053 4042 cum
1075 3984 1230 4057 disputatio
1243 3984 1427 4055 potissimum
1440 3984 1564 4039 terreret
1577 3985 1612 4041 de
1626 3985 1787 4041 christianus
1801 3985 1864 4058 pie-

109 4065 176 4121 tatis
192 4065 338 4138 operibus,
359 4066 451 4139 iisque
468 4070 637 4125 adsalutem
653 4071 832 4139 necessariis;
847 4089 943 4128 annon
958 4091 1074 4146 aequum
1087 4073 1142 4129 init
1155 4073 1252 4128 atierri
1266 4072 1373 4144 gratias
1388 4073 1461 4139 illas,
1477 4073 1582 4144 quihus
1603 4074 1758 4130 christiana
1771 4076 1865 4146 pietas

110 4154 295 4211 othonorum
310 4172 431 4228 operum
446 4157 554 4213 tructus
564 4175 599 4213 ex
611 4159 674 4230 ipsa
686 4159 888 4216 eitlorescunt‘?
902 4164 1035 4234 hemum,
1048 4163 1091 4218 nti
1102 4161 1225 4234 jamdiu
1239 4164 1370 4216 notatum
1386 4161 1472 4216 estab
1487 4161 1651 4217 doctissimo
1666 4163 1790 4229 Pateria,
1802 4163 1864 4218 viro

109 4242 327 4313 Augustinianee
351 4243 487 4301 doctrinae
513 4246 605 4318 magis
618 4247 711 4319 perito
726 4265 813 4321 quam
827 4256 935 4316 tenace,
951 4267 1009 4306 non
1023 4268 1090 4306 raro
1103 4256 1224 4317 ueteres,
1240 4248 1290 4305 sed
1304 4265 1364 4321 proe
1378 4248 1519 4304 coeterisS
1544 4250 1730 4323 Augustinus,
1747 4268 1812 4306 eum
1827 4253 1862 4308 de

110 4331 202 4403 gratia
217 4331 301 4386 verba
317 4333 437 4403 faciunt,
454 4333 488 4389 de
505 4350 538 4389 ea
551 4335 718 4407 loquuntur,
733 4353 793 4407 quae
804 4340 884 4409 plenu
898 4345 947 4408 est,
962 4341 1093 4412 perfectu,
1109 4341 1178 4395 etin
1192 4354 1240 4395 suo
1254 4354 1349 4408 gerere
1359 4340 1562 4409 perfectissimo
1574 4340 1677 4411 (nopai.
1692 4342 1783 4395 Tlrrol.
1800 4347 1819 4396 t.
1840 4347 1863 4406 l,

107 4435 137 4490 p.
153 4421 215 4490 tls)
230 4425 301 4487 ete.;
317 4422 393 4494 quod
409 4423 530 4479 subinde
543 4425 588 4480 vir
601 4425 730 4480 eruditus
744 4428 920 4498 argumentis
932 4429 1040 4501 aliquot
1054 4434 1082 4485 et
1095 4427 1358 4499 comparationibus
1375 4428 1524 4499 approbat.
1540 4428 1651 4493 Quanto
1666 4429 1758 4498 magis
1772 4429 1862 4500 igitur

109 4507 207 4582 quide
222 4508 326 4565 divinae
348 4512 448 4582 gratiae
462 4512 595 4569 subsidiis
609 4513 675 4569 data
690 4530 777 4586 opera
792 4515 920 4587 disputat
933 4521 1033 4574 eontra
1046 4533 1095 4573 eos
1109 4515 1161 4590 qui
1173 4516 1310 4572 virtutem
1322 4516 1437 4572 illorum
1450 4517 1572 4585 elevant,
1584 4516 1688 4588 gratias
1704 4517 1800 4586 operis
1815 4520 1861 4573 sui

110 4595 238 4653 efficaces
252 4597 283 4653 in
294 4598 423 4655 madium
437 4602 596 4673 producere
612 4602 734 4657 debuit?

143 4704 185 4761 Ad
210 4704 270 4759 haec
292 4704 316 4759 si
330 4722 430 4778 requos
447 4708 535 4764 lector
556 4708 687 4769 intendat
710 4709 849 4780 animum,
879 4713 955 4769 haud
977 4714 1129 4772 difficulter
1155 4716 1203 4772 ille
1224 4714 1355 4790 probabit
1378 4716 1465 4772 iidem
1485 4719 1513 4771 et
1526 4714 1706 4770 sedulitatem
1720 4720 1861 4787 nostram,

108 4798 170 4850 tum
184 4791 214 4848 in
229 4793 367 4859 predicto
382 4797 538 4852 summario
561 4799 599 4854 ad
620 4797 725 4853 librum
745 4805 881 4872 quartum
895 4807 995 4859 contra
1009 4804 1149 4876 Epistolas
1168 4804 1239 4860 dues
1263 4803 1492 4874 Pelagianorum,
1508 4806 1571 4858 tum
1591 4803 1622 4857 in
1636 4802 1699 4857 aliis
1714 4802 1861 4876 plerisque

107 4881 316 4955 marginalibus
328 4883 411 4939 notis.
427 4885 458 4939 Et
473 4890 505 4941 ut
520 4886 555 4943 de
569 4887 665 4960 priore
680 4886 790 4959 aliquid
804 4888 941 4958 dicamus,
959 4892 1121 4948 notavimus
1135 4893 1171 4948 ab
1186 4892 1345 4965 Augustino
1362 4894 1484 4966 gratiam
1502 4891 1558 4948 dici
1572 4895 1780 4963 inspirationem
1793 4893 1861 4948 dite-

108 4974 219 5030 ctionis.
239 4971 307 5037 Quis
321 4988 388 5027 vero
401 4973 441 5029 ita
455 4990 516 5029 esse
531 4981 628 5047 neget,
645 4993 711 5032 cum
726 4977 820 5035 omnis
841 4979 934 5050 gratia
959 4981 1057 5038 tendet
1069 4981 1105 5037 ad
1119 4981 1324 5037 dilectionem?
1348 4982 1421 5038 Dein
1443 4981 1593 5054 inspiratio
1608 4971 1665 5037 alia
1680 4981 1790 5047 efficax,
1806 4981 1862 5035 elia

107 5061 248 5117 inefficax.
268 5061 335 5127 Nos,
352 5062 512 5132 generatim
525 5063 587 5135 ipsa
601 5066 688 5121 verba
707 5066 796 5123 sancti
811 5067 938 5124 Doctoris
958 5070 1131 5143 usurpando,
1145 5069 1270 5126 diximus
1284 5070 1407 5142 gratiam
1422 5087 1482 5126 esse
1504 5071 1721 5144 inspirationem
1736 5071 1864 5126 dilectio·

108 5148 163 5206 nis.
179 5151 232 5206 Ubi
246 5149 376 5206 odmen?
390 5151 439 5206 uhi
450 5153 545 5207 malus
559 5153 693 5210 animus?
703 5155 732 5211 Si
742 5156 776 5212 de
786 5156 973 5230 inspiratione
989 5161 1148 5231 generatim
1158 5164 1272 5232 sumpta
1286 5164 1382 5216 noster
1395 5166 1503 5229 auctor,
1520 5178 1573 5217 nos
1588 5162 1688 5219 itidem
1701 5162 1735 5216 de
1746 5160 1809 5231 ipsa
1821 5178 1827 5214 :
1839 5161 1863 5214 si

109 5239 144 5295 de
159 5240 282 5308 efficere,
307 5239 384 5312 quod
403 5241 494 5295 multo
518 5241 692 5311 credibilius,
716 5245 834 5316 perinde
858 5263 909 5302 nos
923 5263 1037 5323 quoque
1051 5249 1085 5305 de
1101 5249 1164 5305 ista.
1180 5249 1427 5315 Quemadmodum
1452 5247 1540 5322 igitur
1560 5251 1682 5323 gratiam
1697 5249 1748 5304 hei
1764 5251 1859 5321 legem

108 5327 201 5401 ipsam
216 5328 338 5400 intelligi
353 5346 370 5384 a
384 5328 545 5400 Pelagianis
557 5331 731 5389 advertimus
743 5335 777 5390 ad
793 5335 863 5392 illud
878 5336 972 5409 ipsum
989 5343 1083 5412 caput,
1100 5337 1139 5393 sic
1156 5342 1185 5393 et
1198 5339 1318 5411 gratiam
1333 5338 1369 5393 ab
1383 5342 1481 5393 sancto
1496 5339 1559 5411 ojus
1574 5339 1723 5395 defensore
1737 5339 1862 5410 inspira-

108 5416 217 5474 tionem
229 5416 390 5474 dilectionis
406 5435 413 5474 :
428 5435 485 5492 quo
500 5420 608 5476 scilieet
622 5421 742 5477 interius
756 5425 895 5481 auxilium
908 5432 1104 5499 opponeretur
1118 5431 1243 5495 externo,
1260 5426 1338 5499 quod
1351 5442 1439 5481 unum
1454 5426 1601 5500 Pelagiani
1615 5426 1768 5482 admittere
1783 5427 1861 5482 vide-

107 5505 226 5562 bantur.
240 5507 331 5577 Atque
345 5507 399 5562 hac
412 5506 476 5578 ipse
499 5509 534 5565 da
548 5525 633 5566 causa
646 5511 769 5583 gratiam
782 5517 891 5584 proprie
905 5518 954 5570 aut
965 5518 1109 5588 proprium
1119 5519 1199 5571 vocat
1212 5514 1400 5588 Augustinus,
1416 5516 1555 5589 quoniam
1571 5531 1624 5570 nee
1638 5532 1715 5582 vera,
1730 5533 1783 5570 nec
1795 5533 1861 5589 pro·
1909 5518 1912 5524 '

110 5582 173 5668 pria
186 5596 247 5647 erat
259 5592 362 5649 Christi
375 5595 479 5667 gratia,
494 5615 582 5671 quam
595 5599 658 5670 lege
673 5601 717 5656 val
730 5602 872 5659 exteriore
885 5603 1051 5675 adjumento
1063 5603 1272 5662 concludebant
1285 5602 1365 5659 tiberi
1377 5603 1646 5674 mhitriiinflutores,
1659 5609 1693 5660 ut
1705 5605 1861 5677 aliquando

109 5685 186 5754 ipsos
199 5685 281 5737 uocat
292 5680 393 5738 doctus
411 5684 553 5757 ltagister.
