3884 6112
88 284 138 338 ³55
717 271 804 330 VITA
824 270 851 326 S.
872 266 1066 327 uttuusulltl
1087 265 1255 324 EPISCOPI.
1793 266 1840 320 dii

86 405 123 459 At
140 402 260 474 hujusce
286 398 371 454 edicti
392 398 499 453 fructus
517 397 646 453 nondum
662 395 826 467 Hipponem
842 410 893 448 nec
907 392 936 447 iu
992 390 1135 458 Cirtensis,
1156 391 1258 446 altaria
1281 389 1379 445 omnia
1397 388 1426 444 iu
1446 389 1559 444 civitate
1582 387 1618 444 ab
1641 387 1744 444 iisdem
1757 388 1841 445 luisse

87 492 143 547 alia
157 492 218 546 loco
233 489 373 545 Numidiae
387 487 510 560 Hipponi
524 486 649 541 confinia
657 484 936 556 perveneratltaque
990 480 1134 536 confracta
1155 479 1247 551 (leid,
1271 495 1332 550 cop.
1358 477 1434 550 139).
1457 477 1589 532 Aurelius
1609 476 1841 533 llacomadieusis

88 583 200 634 moetus
215 578 322 633 Praesul
336 576 438 631 uolens
452 575 482 629 iu
504 590 534 628 rc
552 573 623 628 tanti
637 572 777 628 momenti
791 570 938 642 negligen·
991 570 1114 625 occisum
1136 569 1332 625 Rotariensem
1353 567 1529 641 episcopum,
1551 566 1671 639 ejusque
1696 566 1843 623 eeclesiam

87 669 136 725 tiae
150 666 322 728 insimulari,
334 664 416 736 petiit
432 679 483 735 per
498 663 606 717 litteras
620 679 637 716 a
650 661 809 729 Caeciliano,
825 664 860 715 ut
873 674 937 714 eam
991 659 1026 714 ab
1047 659 1117 731 ipsis
1141 676 1193 732 par
1212 658 1271 713 vim
1292 663 1461 729 occupatam
1481 672 1544 713 esse
1563 655 1724 729 deploravit
1749 655 1843 726 (litat,

88 772 203 830 quoque
216 754 363 825 regionem
375 753 488 822 juvaret
508 769 514 806 :
531 751 786 822 presbyterumque
803 748 887 815 misit,
904 765 937 802 ex
991 763 1051 818 cap.
1078 747 1152 819 ret).
1178 749 1248 804 Cum
1270 747 1372 819 populi
1386 746 1555 803 Caesarianas
1573 761 1642 819 pars
1654 745 1789 818 quaedem
1810 745 1845 801 ab

89 861 146 917 quo
162 847 338 914 quantopere
352 844 466 910 urgeret
480 839 642 905 necessitas,
658 838 761 893 certior
773 838 938 893 florentium
991 836 1133 892 haereticis
1149 837 1305 904 defecisset,
1323 835 1490 893 Cresconius
1499 834 1540 892 ibi
1556 834 1771 891 Donatistarum
1784 833 1857 907 epi·⁴

89 937 185 988 autem
200 929 367 1000 alloquitur,
381 928 463 999 quasi
478 927 526 998 qui
543 928 669 982 noudum
681 928 711 981 in
725 928 787 998 ejus
802 926 939 998 cognitio-
993 942 1096 997 scopus
1110 926 1308 997 presbyterum
1327 925 1510 993 catholicum,
1531 941 1548 979 a
1572 940 1630 997 quo
1650 923 1752 980 iidales
1765 938 1844 996 rega·

89 1036 157 1076 nem
180 1017 348 1074 devenisset.
365 1016 501 1071 Dubitare
516 1032 600 1070 nemo
616 1015 716 1087 possit,
732 1015 801 1087 quin
817 1032 850 1070 ea
863 1018 938 1069 tem·
992 1015 1107 1085 bantur,
1128 1013 1214 1069 variis
1236 1013 1382 1086 suppliciis
1407 1014 1510 1081 affecit,
1532 1028 1727 1086 quacumque
1740 1012 1785 1068 vel
1798 1012 1845 1068 ilie

89 1113 198 1180 pestate
212 1107 243 1161 iu
257 1106 352 1160 Africa
366 1109 535 1172 versaretur,
552 1111 637 1176 atque
660 1105 740 1159 illam
763 1104 939 1175 provinciam
993 1104 1037 1159 vel
1051 1103 1129 1158 illius
1148 1103 1266 1158 ecclesia
1277 1102 1451 1174 possidebat,
1466 1102 1594 1174 diripuit,
1610 1101 1768 1174 pecuniam
1778 1102 1856 1176 quos

89 1195 303 1252 administraret
317 1193 484 1249 cecilianus
506 1209 513 1249 :
531 1192 608 1247 unda
623 1193 739 1262 colligas
753 1192 782 1247 id
798 1208 849 1246 uec
863 1207 939 1247 anuo
993 1208 1050 1265 quc
1065 1208 1096 1247 ac
1114 1193 1293 1247 frumentum
1316 1191 1444 1247 Ecclesia
1458 1191 1585 1260 abstulit,
1609 1195 1640 1248 et
1657 1191 1789 1262 plaustra
1801 1190 1858 1247 Μ’

90 1282 375 1359 quadringentesimo
385 1298 461 1337 nono
475 1281 671 1348 tribuendum,
682 1296 740 1351 quo
754 1280 829 1334 idem
840 1279 940 1351 ipsein
993 1280 1220 1353 praedationibus
1231 1285 1333 1335 onusta
1343 1279 1632 1352 deduxit(ltid.‚cop.
1647 1279 1724 1352 l88).
1736 1279 1848 1336 Podsu·

89 1375 171 1430 ltalia
189 1372 325 1445 praetorio
339 1372 491 1442 praelectus
505 1374 575 1435 erat,
592 1385 644 1424 uec
656 1384 731 1425 auno
746 1368 940 1441 quadringen-
993 1370 1080 1426 tianae
1090 1386 1183 1425 sacras
1195 1368 1405 1424 Catholicorum
1417 1369 1492 1424 edes
1502 1371 1676 1437 everterunt,
1689 1380 1850 1439 earumque·

90 1464 191 1519 tesimo
208 1460 428 1529 decimotertio,
444 1475 500 1531 quo
514 1474 620 1513 munus
631 1458 747 1530 aliquod
756 1457 796 1512 ibi
808 1473 874 1512 eum
890 1458 941 1512 ob·
995 1463 1165 1514 ornamenta
1182 1457 1280 1513 omnia
1296 1458 1497 1514 abstulerunt:
1515 1461 1543 1512 et
1557 1455 1728 1513 Cresconius
1741 1456 1846 1513 ibidem

91 1554 211 1609 tinuisse
235 1550 354 1605 minime
374 1547 573 1620 comperimus.
599 1547 710 1602 Etenim
723 1547 877 1601 verisimile
895 1546 941 1602 uix
994 1546 1111 1603 illorum
1126 1548 1286 1618 episcopus,
1301 1563 1360 1602 uuo
1371 1551 1457 1619 atquo
1470 1545 1570 1601 eodem
1584 1546 1645 1600 loco
1658 1548 1789 1616 quatuor
1799 1544 1848 1599 bae

90 1642 226 1712 cuiquam
241 1638 381 1704 videatur,
399 1637 493 1707 ipsum
509 1641 573 1707 post
583 1635 715 1706 adeptam
728 1635 856 1707 praefecti
869 1652 941 1707 pras·
995 1635 1088 1691 silicas
1102 1635 1199 1690 diruit.
1215 1637 1285 1691 Cum
1301 1639 1396 1690 autem
1414 1634 1554 1706 compulsi
1567 1633 1686 1689 illorum
1704 1633 1803 1688 furore
1818 1638 1856 1688 ac'

90 1728 163 1784 tario
177 1726 346 1797 dignitatem
357 1725 509 1798 provincie
525 1724 576 1778 ulli
585 1723 741 1794 prefuisse.
756 1725 793 1777 lit
807 1723 942 1779 eumdem
994 1725 1129 1780 violentia
1137 1724 1272 1781 Catholici
1278 1723 1446 1797 praesidium
1454 1723 1674 1794 magistratuum
1682 1721 1849 1788 frangendis

91 1833 167 1872 anno
177 1813 459 1887 quadringentesimo
473 1817 575 1885 quarto
586 1811 706 1884 gessisse
719 1812 941 1867 bonoremvica-
996 1829 1097 1869 eorum
1115 1813 1263 1869 conatibus
1277 1813 1493 1885 implorassent3
1515 1812 1581 1867 inde
1596 1811 1731 1884 quaedam
1753 1825 1849 1866 neces·

92 1905 128 1960 rii
142 1902 374 1959 animadvertunt
383 1903 519 1974 (Cothofr.
531 1901 595 1958 Cod.
607 1901 707 1956 theod.
720 1903 762 1954 tit.
775 1903 801 1967 6,
816 1916 845 1970 p.
862 1903 937 1970 354).
997 1902 1071 1958 saria
1082 1903 1226 1974 contigere
1237 1903 1358 1957 molesta
1368 1906 1395 1957 et
1406 1901 1514 1972 odiosa,
1527 1902 1562 1957 oh
1573 1917 1639 1974 qaae
1648 1900 1682 1956 iu
1689 1899 1848 1956 Collatinus

32 2014 35 2020 ·
93 1994 171 2050 Unde
185 2007 261 2049 anua
275 1990 558 2064 quadringentesimo
573 1990 673 2062 quinto
687 2005 747 2044 nou
759 1989 881 2045 absurde
896 2006 942 2043 oo·
997 1991 1121 2063 grauiter
1143 1991 1292 2063 conquesti
1316 1995 1383 2046 sunt
1408 1990 1563 2045 bonatista
1578 1989 1672 2060 (leid,
1692 2004 1757 2059 cop.
1776 1987 1847 2060 iol).

93 2082 158 2138 dem
182 2080 275 2137 alticio
290 2080 320 2135 in
333 2079 427 2134 Africa
445 2079 560 2134 iunctus
582 2077 738 2133 existimari
750 2081 857 2148 potest.
880 2079 942 2133 Nou
996 2082 1062 2136 llaec
1082 2080 1210 2152 prolecto
1234 2079 1404 2135 eveniebant
1427 2083 1533 2150 praeter
1553 2078 1734 2134 voluntatem
1758 2068 1859 2133 cousi-¹

92 2171 170 2226 enim
184 2169 333 2241 epistotam
347 2168 427 2223 illam
441 2184 516 2222 anuo
531 2165 941 2239 quadringentesimaquarto,
996 2170 1126 2241 liumque
1145 2169 1288 2224 bonorum
1317 2185 1349 2223 ac
1375 2167 1589 2239 praecipuorum
1615 2182 1631 2221 e
1658 2165 1816 2223 Catholicis
1839 2174 1859 2220 :⁴

93 2264 159 2314 ante
175 2257 291 2313 lionorii
308 2258 385 2328 leges
399 2272 505 2328 ponere
521 2257 596 2312 licet.
997 2259 1103 2331 quippe
1116 2258 1167 2330 qui
1180 2259 1266 2329 leges,
1283 2257 1387 2329 quibus
1398 2260 1490 2312 semet
1502 2260 1663 2325 tuerentur,
1675 2270 1737 2311 uon
1747 2254 1852 2328 quibus·

31 2396 33 2402 .
129 2351 155 2403 3,
171 2346 384 2401 Donatistarum
399 2345 552 2399 ellrenatus
566 2345 646 2400 luror
659 2344 737 2400 haud
752 2343 942 2415 Hipponensis
996 2349 1171 2405 adversarios
1193 2353 1443 2421 persequerentur,
1459 2347 1689 2417 postulaverant.
1707 2348 1765 2405 Nos
1779 2349 1846 2403 intr·

61 2443 65 2450 ’
93 2436 221 2508 regionis
236 2434 341 2491 finibus
364 2433 648 2489 circumscribebatur
668 2434 752 2504 :ejus
766 2449 881 2505 quoque
895 2449 943 2488 ne-
995 2441 1059 2509 rim,
1075 2437 1155 2493 aiunt
1183 2437 1389 2508 Hipponenses,
1407 2438 1433 2492 si
1455 2436 1565 2507 quondo
1587 2440 1692 2491 ucenae
1721 2439 1846 2497 meme,

94 2522 166 2578 faria
186 2521 306 2591 vestigia
328 2536 380 2592 per
399 2519 469 2575 alios
483 2519 585 2574 Asticoe
599 2524 704 2576 tructus
719 2520 877 2576 exstabunt.
900 2520 942 2576 Si·
997 2545 1055 2584 cum
1070 2543 1170 2595 magna
1189 2527 1329 2582 dilectione
1343 2542 1481 2582 servamus
1495 2527 1591 2582 itlaesos
1608 2542 1615 2580 ς
1630 2527 1774 2596 loquimur
1784 2526 1846 2593 iliis,

96 2611 214 2684 quidem
229 2610 304 2682 apud
321 2609 468 2681 Dagaium,
484 2609 565 2679 cujus
579 2608 668 2676 urbis,
684 2614 717 2663 ut
729 2608 812 2663 nobis
825 2608 943 2681 quidem
997 2622 1023 2673 et
1037 2618 1149 2686 repimus
1162 2618 1263 2683 omnia,
1279 2617 1377 2686 quibus
1391 2616 1535 2686 erroripse
1545 2615 1728 2681 conuincitur,
1738 2615 1788 2682 qui
1795 2614 1847 2680 {ra

94 2700 216 2767 videtur,
228 2699 416 2755 Maximianus
425 2698 473 2753 ille
483 2699 518 2752 ab
528 2697 598 2768 ipsis
608 2698 679 2753 adeo
693 2699 767 2753 male
777 2699 942 2766 mulctatus,
997 2709 1051 2759 tres
1070 2720 1087 2759 a
1100 2704 1237 2772 frunitus
1251 2706 1371 2775 separat.
1386 2704 1427 2759 Ac
1440 2706 1479 2760 sie
1494 2705 1600 2772 aliquos
1614 2717 1723 2771 eorum,
1734 2701 1846 2759 conum

94 2788 245 2860 episcopus
268 2791 338 2856 erat,
356 2787 433 2843 dictu
450 2786 594 2843 horrenda
608 2790 810 2858 perpetrarunt
824 2788 940 2859 (arou.
997 2797 1088 2848 rarrtes
1109 2793 1272 2847 euidentiam
1284 2794 1410 2847 veniatis
1424 2797 1449 2847 et
1459 2791 1683 2863 pulcbrtudinem
1694 2793 1786 2862 pucr’e,
1800 2804 1846 2846 non

94 2877 189 2934 Collot.
207 2878 234 2940 3,
250 2891 277 2930 n.
293 2878 350 2947 23).
367 2875 428 2930 Illic
441 2874 556 2930 basilica
569 2873 604 2928 ab
618 2874 687 2946 ipsis
697 2875 812 2931 incensa
825 2879 944 2945 estnec·
997 2884 1145 2952 baptismo,
1158 2882 1302 2951 queniam
1313 2885 1383 2937 sicut
1392 2882 1510 2949 regalem
1519 2882 1703 2936 characterem
1719 2881 1853 2951 tanquan

93 2980 152 3019 nou
164 2964 195 3018 in
217 2963 313 3034 ignem
337 2962 457 3034 conjecti
472 2961 544 3016 sacri
563 2961 686 3025 codices,
701 2979 784 3034 quos,
795 2967 944 3034 grassante
998 2969 1144 3025 desertores
1161 2976 1329 3040 acceperant,
1343 2970 1391 3025 sed
1406 2970 1471 3041 lldci
1489 2971 1618 3041 quasillis
1632 2969 1843 3040 dentitetspi·

95 3052 263 3108 Dioeletiani
274 3051 480 3123 persecutione,
496 3051 532 3104 ab
543 3066 572 3104 se
587 3054 712 3105 servatos
726 3055 875 3124 tantopere
885 3053 945 3124 glo·
997 3060 1068 3114 ritus
1082 3062 1170 3113 sancti
1184 3061 1314 3114 charitati
1326 3062 1353 3113 et
1363 3060 1466 3116 Christi
1477 3061 1584 3129 corpori
1596 3061 1744 3115 sociamus.
1758 3060 1791 3116 Si
1800 3073 1843 3113 ctr-

94 3143 242 3196 riairantur
255 3140 358 3210 :judex
369 3139 441 3209 ipse,
453 3137 522 3193 dum
536 3154 635 3193 eorum
649 3139 708 3193 vim
719 3144 805 3211 atque
820 3141 944 3212 impetus
1000 3152 1050 3204 tem
1070 3149 1112 3203 vet
1134 3150 1221 3203 nimia
1244 3147 1359 3214 duritia,
1375 3148 1417 3202 vet
1429 3147 1542 3219 pudore,
1558 3162 1611 3202 220„
1624 3149 1747 3215 serentes
1763 3160 1842 3202 mm

94 3244 275 3299 compescere
289 3227 437 3293 niteretur,
450 3227 479 3280 in
491 3226 616 3298 propria
625 3228 724 3283 salutis
734 3229 886 3284 discrimen
897 3230 945 3285 ad·
999 3237 1209 3303 insultationem,
1230 3253 1289 3292 cum
1308 3238 1405 3306 quitus
1424 3241 1518 3292 contra
1538 3251 1586 3291 nos
1605 3241 1662 3292 tam
1677 3238 1767 3292 motta
1778 3235 1843 3304 sat„

94 3318 196 3373 ductus
217 3321 274 3383 est;
289 3316 329 3371 ita
340 3320 383 3386 ut,
402 3331 467 3372 cum
482 3316 530 3370 ille
545 3320 743 3371 coactusesset
762 3317 871 3374 illatam
885 3319 945 3374 vim
995 3325 1249 3395 jactabant,ettarn
1261 3326 1643 3395 multamulncucoqitubant,
1660 3327 1702 3380 uel
1716 3324 1842 3394 magud·
1889 3368 1891 3385 ,

94 3406 122 3462 ri
135 3411 219 3479 atque
228 3405 314 3461 armis
324 3406 473 3478 repellere,
486 3405 619 3460 nonnulli
634 3421 667 3459 ex
677 3405 712 3459 iis
725 3405 867 3461 interlecti
877 3406 942 3465 siut
998 3430 1080 3481 more,
1091 3430 1123 3468 nc
1133 3416 1227 3483 qualia
1236 3415 1313 3469 nobis
1325 3417 1406 3469 anteo
1414 3415 1633 3483 [anebonttclia
1646 3414 1842 3484 nobistantum

95 3492 771 3566 QuodcumiuCollationeexaggerarenttdollat.
783 3495 942 3564 Carthagi,
997 3505 1151 3574 patiantur,
1167 3506 1271 3559 unitari
1284 3505 1549 3561 christianismum
1561 3505 1717 3571 nolueram
1731 3501 1842 3560 ,ama-
1889 3498 1891 3547 ζ

95 3603 155 3658 cop.
168 3584 423 3655 itiitdictitantes,
434 3582 945 3654 Catholicoscausarnpraebuisse‚cur
1000 3594 1056 3647 lass·
1075 3595 1173 3647 recenti
1193 3597 1267 3657 snm,
1288 3595 1328 3648 550
1351 3608 1369 3647 a
1394 3593 1471 3648 nobas
1485 3593 1664 3648 diminuam„
1676 3593 1769 3649 suma,
1784 3593 1841 3658 1100,

95 3676 252 3731 mullorum
269 3673 497 3729 Christianorum
515 3672 630 3743 sanguis
643 3671 812 3728 funderetur
827 3673 943 3740 (Brevia.
999 3685 1131 3750 parantum
1151 3696 1302 3752 possumus,
1326 3696 1462 3736 monemus
1481 3683 1564 3737 eriam
1590 3682 1673 3738 laicos
1687 3685 1804 3748 nom,
1816 3682 1842 3734 ut

96 3765 192 3820 Cottot.
205 3766 231 3830 3,
245 3779 272 3817 n.
287 3763 337 3831 13),
349 3762 479 3834 quamvis
489 3762 669 3833 legesossent
681 3761 843 3816 istiusmodi
853 3777 945 3833 paruae
999 3785 1042 3824 aas
1055 3771 1151 3825 illaesas
1166 3775 1281 3839 taceant,
1298 3774 1322 3825 ct
1336 3772 1413 3826 nobis
1427 3770 1612 3841 corripiendos
1624 3769 1844 3839 instruendosque

95 3869 154 3924 praa
169 3851 291 3916 damnis,
307 3866 372 3921 quae
387 3850 439 3921 ipsi
455 3850 564 3920 priores
583 3849 761 3905 intulerant:
777 3866 944 3920 responsum
998 3857 1161 3929 perducant.
1174 3858 1227 3914 sed
1241 3858 1329 3927 aliqui
1340 3873 1388 3913 aas
1397 3858 1525 3927 audiunt,
1539 3863 1564 3913 ct
1575 3861 1600 3913 si
1606 3863 1724 3929 possunt
1734 3858 1843 3926 sunni

54 3958 57 3962 ’
95 3945 167 3995 esta
182 3938 343 4007 Catholicis,
359 3954 405 3992 eos
419 3938 669 4008 hocpassosesse,
686 3938 755 3993 dum
769 3953 869 3993 eorum
883 3939 944 3993 vio·
1000 3948 1060 4002 Λιῑῑ
1075 3948 1511 4016 fflmittasquemadmmmcum
1522 3948 1674 4003 latronibus
1687 3947 1846 4017 amque.

95 4029 192 4084 lentim
206 4026 394 4097 resisteretur,
407 4042 494 4098 quum
509 4030 537 4081 et
543 4026 633 4097 judici
643 4026 748 4081 interra
758 4027 854 4082 conati
864 4032 946 4082 eraut
1000 4052 1042 4091 ρος
1057 4037 1386 4106 rweraratespariumur,
1395 4038 1494 4107 Aliqui
1503 4039 1573 4092 ictus
1585 4051 1676 4091 emm
1690 4037 1750 4091 323ss
1759 4046 1846 4104 ωηο.

96 4118 227 4191 (letum.
239 4116 293 4188 23).
306 4116 347 4171 lid
360 4117 532 4187 Dagaiauam
543 4116 817 4172 hanccevastitatem
827 4119 946 4188 possunt
999 4124 1075 4179 ntus
1089 4127 1257 4180 imminentes
1271 4125 1393 4193 (mendo
1412 4126 1556 4197 repertum,
1570 4139 1605 4180 ηε
1625 4125 1660 4179 ab
1671 4126 1712 4179 εἰς
1727 4127 1791 4179 Μ
1804 4122 1846 4190 fa.

95 4212 223 4279 spectare
238 4207 288 4261 illa
302 4204 453 4277 Augustini
474 4205 560 4260 verba
580 4221 587 4260 ε
602 4208 671 4262 Nam
689 4210 792 4274 quanta
808 4206 880 4261 matu
894 4222 946 4260 no·
999 4216 1109 4267 riantur
1123 4229 1129 4268 :
1142 4216 1231 4284 aliqui
1241 4217 1421 4285 apprehensos
1428 4214 1568 4285 judicibus
1579 4213 1708 4284 offerunt,
1719 4209 1846 4268 aenou

95 4299 160 4353 stris
169 4297 284 4364 fecerint
292 4296 476 4363 furiosissimi
485 4295 576 4349 clerici
583 4298 607 4349 ct
621 4295 850 4352 Circumcelliones
857 4297 946 4365 portis
1000 4301 1225 4358 intercedentibus
1244 4305 1282 4358 eis
1302 4307 1433 4373 percunt,
1453 4303 1518 4358 dum
1532 4304 1567 4356 ob
1581 4303 1620 4356 eis
1636 4302 1701 4372 pati
1714 4300 1847 4356 ouon

96 4387 204 4451 Donati,
224 4386 310 4439 nostis
331 4388 357 4439 et
377 4398 433 4439 uos.
453 4385 570 4439 lncensae
591 4387 655 4438 sum
677 4386 800 4450 ccclesiae,
822 4386 900 4439 missi
917 4386 947 4438 in
1000 4394 1093 4445 manta
1104 4394 1303 4461 pertimescunt,
1316 4394 1345 4447 ιη
1356 4393 1455 4461 quibus
1466 4393 1589 4447 omnium
1598 4388 1848 4460 alrammus

95 4477 220 4544 tammus
243 4472 345 4528 codices
362 4475 461 4539 sancti,
481 4475 596 4528 incense
615 4473 697 4526 ctiam
709 4474 828 4542 priuatae
841 4472 946 4540 domus,
999 4480 1077 4546 sacta
1104 4481 1248 4547 latronum,
1275 4485 1300 4535 ct
1328 4472 1452 4537 honorem
1477 4481 1531 4537 sibi
1557 4482 1673 4548 emanat
1697 4481 1847 4548 martura

95 4563 172 4632 rapti
184 4562 303 4617 taurinas
326 4561 481 4616 decadibus
505 4562 574 4624 suis,
590 4564 615 4615 et
631 4561 753 4616 omnibus
767 4576 827 4631 que
839 4563 948 4617 inerant
1001 4569 1100 4640 (Epist.
1115 4571 1159 4637 88,
1174 4585 1202 4624 n,
1217 4569 1259 4641 9),

96 4651 208 4718 ablotis,
223 4654 271 4704 out
281 4649 408 4720 perditis,
419 4651 476 4719 ipsi
485 4651 556 4716 cersi,
570 4648 678 4715 laniati,
689 4652 817 4705 excaecati
832 4665 839 4704 τ
855 4665 902 4705 nec
912 4650 946 4704 ab
1035 4657 1062 4710 l.
1080 4655 1220 4711 Caeterum
1237 4659 1311 4712 Deus
1326 4657 1412 4714 etiam
1427 4661 1491 4713 tum
1500 4657 1536 4713 iis
1546 4657 1667 4726 damnis,
1685 4673 1752 4730 quaa
1763 4658 1848 4714 Dona·

97 4737 243 4794 homicidio
253 4739 343 4807 potuit
353 4739 512 4807 temperari;
527 4738 652 4806 quamvis
666 4738 704 4791 sit
713 4738 808 4793 mitius
819 4738 881 4792 huic
894 4739 948 4794 luci
1001 4743 1131 4799 tistarum
1144 4744 1224 4800 furor
1238 4745 1389 4802 Catholicis
1403 4747 1562 4818 infligebat,
1577 4762 1677 4802 vocem
1692 4747 1774 4803 illam
1787 4747 1848 4818 plu·

96 4830 263 4893 menatem,
279 4841 360 4895 qnam
374 4828 455 4881 istam
469 4827 553 4882 lucem
574 4828 683 4894 auferre
696 4828 807 4881 uiuenti.
833 4829 947 4884 Ventum
1002 4832 1080 4888 ribus
1094 4837 1159 4889 aute
1175 4834 1257 4889 aunis
1270 4835 1485 4907 pronuntiatam
1508 4836 1717 4908 comprobavit,
1736 4832 1849 4908 sangui·

96 4921 136 4972 est
149 4915 187 4970 ad
202 4914 330 4981 homines,
353 4929 407 4969 non
424 4918 456 4969 ut
478 4917 577 4970 retenti
597 4917 690 4984 aliquo
714 4914 884 4983 decernitur,
900 4917 948 4972 sed
1002 4938 1067 4977 nem
1089 4923 1222 4978 uidelicet
1244 4927 1403 4997 martyrum
1423 4941 1521 4980 semen
1535 4940 1597 4980 csse
1612 4924 1846 4982 Christianorum

96 5010 203 5061 tontum
215 5008 247 5059 ut
259 5005 314 5059 istc
324 5008 491 5073 paterniter.
504 5006 556 5061 Nec
571 5009 659 5059 tomen
673 5009 781 5059 nostros
795 5004 855 5060 ideo
863 5005 949 5074 justi·
1002 5006 1082 5071 Quod
1099 5011 1127 5062 et
1141 5009 1319 5080 Augustinus
1332 5013 1453 5065 testatur
1475 5010 1520 5065 his
1539 5009 1634 5066 verbis
1650 5025 1658 5064 ε
1680 5010 1736 5068 Nos
1754 5010 1849 5080 baim

95 5098 218 5166 fleamus,
229 5095 296 5163 quio
308 5094 363 5148 ista
376 5095 498 5162 perpessi
511 5097 589 5160 sunt;
602 5093 649 5148 scd
663 5095 728 5163 quia
735 5109 787 5163 pro
797 5094 947 5150 cinctione
1001 5095 1075 5151 modi
1093 5099 1211 5165 afflictos
1235 5100 1314 5154 motis
1337 5114 1498 5169 consequens
1512 5100 1665 5155 consolatus
1679 5103 1720 5155 cst
1732 5100 1849 5168 trudam

95 5187 224 5251 ueritate,
237 5198 288 5254 pro
303 5183 406 5239 Christi
419 5197 494 5251 pace,
507 5198 559 5252 pro
572 5184 696 5239 Ecclesia
709 5186 815 5238 unitate
825 5185 949 5254 perpessi
1000 5186 1072 5242 Nam
1086 5186 1247 5256 ubicumque
1266 5203 1284 5242 a
1300 5187 1415 5258 perditis
1429 5190 1483 5243 isto
1496 5190 1639 5243 commisso
1652 5192 1728 5259 saort,
1742 5189 1785 5244 ibi
1796 5188 1850 5258 ser·

100 5279 163 5329 aunt
175 5273 236 5344 (Ad
249 5275 357 5340 Donat,
369 5274 431 5342 post
444 5271 552 5334 collat,
567 5287 595 5326 n.
608 5273 664 5343 it).
681 5272 840 5344 Gorgonius
857 5272 949 5345 plebis
1001 5277 1106 5330 certius
1124 5280 1205 5345 atque
1229 5278 1375 5346 pertentas
1398 5279 1491 5332 unitas
1511 5278 1666 5333 christiana
1679 5275 1852 5348 profecitrct

101 5361 300 5418 Liberaliensis
321 5360 473 5432 episcopus
487 5358 517 5414 ia
533 5360 688 5417 Collatioue
703 5366 819 5433 questus
833 5366 886 5430 est,
902 5377 950 5417 ec·
1002 5362 1111 5419 abuius
1133 5365 1264 5420 laudatur
1277 5367 1417 5435 Dominus,
1431 5349 1484 5437 'qui
1496 5366 1598 5422 donare
1611 5367 1746 5436 dignatus
1759 5371 1810 5431 est,
1822 5366 1855 5420 ut

98 5449 213 5505 alesiam
223 5467 304 5507 suam
317 5450 352 5506 ab
361 5446 504 5505 hereticis
518 5448 579 5503 soto
590 5451 732 5520 eqaaatum
741 5449 828 5505 tubae
839 5450 947 5520 (Collot.
1002 5454 1074 5508 seui
1089 5454 1148 5523 ejus
1167 5455 1341 5524 passionibus
1363 5458 1420 5511 suis
1439 5457 1611 5511 lucrarentur
1623 5457 1728 5524 tratres
1742 5471 1815 5525 suos,
1827 5456 1855 5510 st

102 5538 232 5609 Cartth.
250 5542 275 5607 l,
291 5555 351 5611 cop.
370 5538 441 5610 133).
456 5536 577 5604 Questus
590 5540 634 5593 est
648 5553 763 5611 quaqua
778 5538 950 5596 Fortunatus
1002 5556 1061 5598 oues
1084 5542 1144 5612 ejus
1163 5546 1304 5612 mortifero
1324 5559 1414 5600 erare
1436 5544 1574 5616 disparem
1594 5547 1625 5600 in
1647 5560 1746 5616 paoem
1759 5545 1856 5602 santa
