<?xml version="1.0" encoding="UTF-8"?>
<!DOCTYPE html PUBLIC "-//W3C//DTD XHTML 1.0 Transitional//EN"
    "http://www.w3.org/TR/xhtml1/DTD/xhtml1-transitional.dtd">
<html xmlns="http://www.w3.org/1999/xhtml" xml:lang="en" lang="en">
 <head>
  <title>
</title>
<meta http-equiv="Content-Type" content="text/html;charset=utf-8" />
  <meta name='ocr-system' content='tesseract 3.04.00' />
  <meta name='ocr-capabilities' content='ocr_page ocr_carea ocr_par ocr_line ocrx_word'/>
</head>
<body>
  <div class='ocr_page' id='page_1' title='image "./patrologiaecurs02migngoog_0612.png"; bbox 0 0 3884 6112; ppageno 0'>
   <div class='ocr_carea' id='block_1_1' title="bbox 128 210 194 263">
    <p class='ocr_par' dir='ltr' id='par_1_1' title="bbox 128 210 194 263">
     <span class='ocr_line' id='line_1_1' title="bbox 128 210 194 263; baseline -0.03 0"><span class='ocrx_word' id='word_1_1' title='bbox 128 210 194 263; x_wconf 71' lang='lat' dir='ltr'><strong>llis</strong></span> 
     </span>
    </p>
   </div>
   <div class='ocr_carea' id='block_1_2' title="bbox 124 318 980 4900">
    <p class='ocr_par' dir='ltr' id='par_1_2' title="bbox 124 318 976 1099">
     <span class='ocr_line' id='line_1_2' title="bbox 125 318 976 398; baseline -0.014 -12"><span class='ocrx_word' id='word_1_2' title='bbox 125 329 224 386; x_wconf 89' lang='lat' dir='ltr'><strong>minus</strong></span> <span class='ocrx_word' id='word_1_3' title='bbox 233 339 321 398; x_wconf 66' lang='grc' dir='ltr'>ιιιιιιιιι</span> <span class='ocrx_word' id='word_1_4' title='bbox 331 323 388 377; x_wconf 91' lang='lat' dir='ltr'><strong>duo</strong></span> <span class='ocrx_word' id='word_1_5' title='bbox 401 325 531 391; x_wconf 87' lang='lat' dir='ltr'><strong>tempore</strong></span> <span class='ocrx_word' id='word_1_6' title='bbox 543 322 664 390; x_wconf 88' lang='lat' dir='ltr'><strong>occupet</strong></span> <span class='ocrx_word' id='word_1_7' title='bbox 673 318 791 391; x_wconf 83' lang='lat' dir='ltr'><strong>syllaba,</strong></span> <span class='ocrx_word' id='word_1_8' title='bbox 807 319 877 374; x_wconf 88' lang='lat' dir='ltr'><strong>dnm</strong></span> <span class='ocrx_word' id='word_1_9' title='bbox 887 323 976 375; x_wconf 81' lang='lat' dir='ltr'><strong>restat</strong></span> 
     </span>
     <span class='ocr_line' id='line_1_3' title="bbox 124 406 973 490; baseline -0.011 -18"><span class='ocrx_word' id='word_1_10' title='bbox 124 415 251 490; x_wconf 89' lang='lat' dir='ltr'><strong>spatium</strong></span> <span class='ocrx_word' id='word_1_11' title='bbox 279 409 372 467; x_wconf 88' lang='lat' dir='ltr'><strong>tacitis</strong></span> <span class='ocrx_word' id='word_1_12' title='bbox 398 408 525 476; x_wconf 92' lang='lat' dir='ltr'><strong>nutibus,</strong></span> <span class='ocrx_word' id='word_1_13' title='bbox 547 408 679 480; x_wconf 84' lang='lat' dir='ltr'><strong>quedam</strong></span> <span class='ocrx_word' id='word_1_14' title='bbox 703 406 780 462; x_wconf 80' lang='lat' dir='ltr'><strong>fraus</strong></span> <span class='ocrx_word' id='word_1_15' title='bbox 804 408 973 479; x_wconf 85' lang='lat' dir='ltr'><strong>equalitatis</strong></span> 
     </span>
     <span class='ocr_line' id='line_1_4' title="bbox 125 496 974 575; baseline -0.009 -15"><span class='ocrx_word' id='word_1_16' title='bbox 125 508 178 575; x_wconf 90' lang='lat' dir='ltr'><strong>est,</strong></span> <span class='ocrx_word' id='word_1_17' title='bbox 193 502 261 575; x_wconf 89' lang='lat' dir='ltr'><strong>quia</strong></span> <span class='ocrx_word' id='word_1_18' title='bbox 284 499 380 554; x_wconf 91' lang='lat' dir='ltr'><strong>minus</strong></span> <span class='ocrx_word' id='word_1_19' title='bbox 400 513 488 570; x_wconf 88' lang='lat' dir='ltr'><strong>quam</strong></span> <span class='ocrx_word' id='word_1_20' title='bbox 502 497 532 551; x_wconf 94' lang='lat' dir='ltr'><strong>in</strong></span> <span class='ocrx_word' id='word_1_21' title='bbox 547 496 658 552; x_wconf 92' lang='lat' dir='ltr'><strong>duobus</strong></span> <span class='ocrx_word' id='word_1_22' title='bbox 675 512 735 550; x_wconf 89' lang='lat' dir='ltr'><strong>csse</strong></span> <span class='ocrx_word' id='word_1_23' title='bbox 750 497 898 568; x_wconf 88' lang='lat' dir='ltr'><strong>equalitas</strong></span> <span class='ocrx_word' id='word_1_24' title='bbox 914 513 974 552; x_wconf 91' lang='lat' dir='ltr'><strong>non</strong></span> 
     </span>
     <span class='ocr_line' id='line_1_5' title="bbox 125 585 974 663; baseline -0.007 -16"><span class='ocrx_word' id='word_1_25' title='bbox 125 595 228 663; x_wconf 87' lang='lat' dir='ltr'><strong>potest.</strong></span> <span class='ocrx_word' id='word_1_26' title='bbox 244 590 307 643; x_wconf 87' lang='lat' dir='ltr'><strong>Jam</strong></span> <span class='ocrx_word' id='word_1_27' title='bbox 327 603 394 642; x_wconf 89' lang='lat' dir='ltr'><strong>varo</strong></span> <span class='ocrx_word' id='word_1_28' title='bbox 410 586 440 641; x_wconf 95' lang='lat' dir='ltr'><strong>in</strong></span> <span class='ocrx_word' id='word_1_29' title='bbox 455 586 518 658; x_wconf 88' lang='lat' dir='ltr'><strong>ipsa</strong></span> <span class='ocrx_word' id='word_1_30' title='bbox 531 585 694 656; x_wconf 84' lang='lat' dir='ltr'><strong>equalitate</strong></span> <span class='ocrx_word' id='word_1_31' title='bbox 708 586 901 641; x_wconf 88' lang='lat' dir='ltr'><strong>membrorum</strong></span> <span class='ocrx_word' id='word_1_32' title='bbox 917 603 974 658; x_wconf 89' lang='lat' dir='ltr'><strong>qua</strong></span> 
     </span>
     <span class='ocr_line' id='line_1_6' title="bbox 126 674 972 746; baseline -0.005 -12"><span class='ocrx_word' id='word_1_33' title='bbox 126 677 275 735; x_wconf 75' lang='lat' dir='ltr'><strong>sumantur</strong></span> <span class='ocrx_word' id='word_1_34' title='bbox 296 675 339 731; x_wconf 93' lang='lat' dir='ltr'><strong>illi</strong></span> <span class='ocrx_word' id='word_1_35' title='bbox 365 675 500 742; x_wconf 78' lang='lat' dir='ltr'><strong>ambitus,</strong></span> <span class='ocrx_word' id='word_1_36' title='bbox 517 691 589 746; x_wconf 90' lang='lat' dir='ltr'><strong>quos</strong></span> <span class='ocrx_word' id='word_1_37' title='bbox 611 674 700 729; x_wconf 85' lang='lat' dir='ltr'><strong>Greci</strong></span> <span class='ocrx_word' id='word_1_38' title='bbox 718 683 842 746; x_wconf 70' lang='grc' dir='ltr'>περιόδους</span> <span class='ocrx_word' id='word_1_39' title='bbox 861 681 972 742; x_wconf 87' lang='lat' dir='ltr'><strong>vocant,</strong></span> 
     </span>
     <span class='ocr_line' id='line_1_7' title="bbox 124 762 973 838; baseline -0.006 -16"><span class='ocrx_word' id='word_1_40' title='bbox 124 782 281 838; x_wconf 89' lang='lat' dir='ltr'><strong>versusque</strong></span> <span class='ocrx_word' id='word_1_41' title='bbox 300 764 471 837; x_wconf 81' lang='lat' dir='ltr'><strong>ligurantur,</strong></span> <span class='ocrx_word' id='word_1_42' title='bbox 491 762 635 834; x_wconf 90' lang='lat' dir='ltr'><strong>quomodo</strong></span> <span class='ocrx_word' id='word_1_43' title='bbox 654 763 689 817; x_wconf 92' lang='lat' dir='ltr'><strong>ad</strong></span> <span class='ocrx_word' id='word_1_44' title='bbox 712 763 842 817; x_wconf 88' lang='lat' dir='ltr'><strong>eamdem</strong></span> <span class='ocrx_word' id='word_1_45' title='bbox 857 762 973 834; x_wconf 85' lang='lat' dir='ltr'><strong>equali·</strong></span> 
     </span>
     <span class='ocr_line' id='line_1_8' title="bbox 125 849 974 918; baseline -0.007 -8"><span class='ocrx_word' id='word_1_46' title='bbox 125 857 213 910; x_wconf 87' lang='lat' dir='ltr'><strong>tutem</strong></span> <span class='ocrx_word' id='word_1_47' title='bbox 235 853 370 909; x_wconf 88' lang='lat' dir='ltr'><strong>secretius</strong></span> <span class='ocrx_word' id='word_1_48' title='bbox 390 852 518 918; x_wconf 89' lang='lat' dir='ltr'><strong>reditur;</strong></span> <span class='ocrx_word' id='word_1_49' title='bbox 543 849 597 905; x_wconf 92' lang='lat' dir='ltr'><strong>nisi</strong></span> <span class='ocrx_word' id='word_1_50' title='bbox 621 854 653 905; x_wconf 91' lang='lat' dir='ltr'><strong>ut</strong></span> <span class='ocrx_word' id='word_1_51' title='bbox 674 849 705 905; x_wconf 91' lang='lat' dir='ltr'><strong>in</strong></span> <span class='ocrx_word' id='word_1_52' title='bbox 727 849 838 905; x_wconf 88' lang='lat' dir='ltr'><strong>ambitu</strong></span> <span class='ocrx_word' id='word_1_53' title='bbox 860 849 974 905; x_wconf 84' lang='lat' dir='ltr'><strong>bravius</strong></span> 
     </span>
     <span class='ocr_line' id='line_1_9' title="bbox 126 939 975 1013; baseline -0.007 -15"><span class='ocrx_word' id='word_1_54' title='bbox 126 943 288 998; x_wconf 80' lang='lat' dir='ltr'><strong>membrum</strong></span> <span class='ocrx_word' id='word_1_55' title='bbox 301 940 405 1013; x_wconf 86' lang='lat' dir='ltr'><strong>majori</strong></span> <span class='ocrx_word' id='word_1_56' title='bbox 416 939 574 1012; x_wconf 87' lang='lat' dir='ltr'><strong>equalibus</strong></span> <span class='ocrx_word' id='word_1_57' title='bbox 587 939 708 1010; x_wconf 90' lang='lat' dir='ltr'><strong>pedihus</strong></span> <span class='ocrx_word' id='word_1_58' title='bbox 721 939 755 993; x_wconf 91' lang='lat' dir='ltr'><strong>ad</strong></span> <span class='ocrx_word' id='word_1_59' title='bbox 766 939 900 1009; x_wconf 85' lang='lat' dir='ltr'><strong>plausum</strong></span> <span class='ocrx_word' id='word_1_60' title='bbox 909 954 975 992; x_wconf 93' lang='lat' dir='ltr'><strong>con-</strong></span> 
     </span>
     <span class='ocr_line' id='line_1_10' title="bbox 124 1026 974 1099; baseline -0.005 -13"><span class='ocrx_word' id='word_1_61' title='bbox 124 1030 230 1099; x_wconf 88' lang='lat' dir='ltr'><strong>veniat,</strong></span> <span class='ocrx_word' id='word_1_62' title='bbox 255 1036 283 1084; x_wconf 88' lang='lat' dir='ltr'><strong>ct</strong></span> <span class='ocrx_word' id='word_1_63' title='bbox 306 1029 336 1084; x_wconf 93' lang='lat' dir='ltr'><strong>in</strong></span> <span class='ocrx_word' id='word_1_64' title='bbox 354 1045 438 1083; x_wconf 91' lang='lat' dir='ltr'><strong>versu</strong></span> <span class='ocrx_word' id='word_1_65' title='bbox 457 1027 609 1083; x_wconf 88' lang='lat' dir='ltr'><strong>occultiora</strong></span> <span class='ocrx_word' id='word_1_66' title='bbox 625 1026 853 1082; x_wconf 76' lang='lat' dir='ltr'><strong>consideratione</strong></span> <span class='ocrx_word' id='word_1_67' title='bbox 872 1043 974 1082; x_wconf 87' lang='lat' dir='ltr'><strong>nume·</strong></span> 
     </span>
    </p>

    <p class='ocr_par' dir='ltr' id='par_1_3' title="bbox 126 1115 974 1190">
     <span class='ocr_line' id='line_1_11' title="bbox 126 1115 974 1190; baseline -0.006 -16"><span class='ocrx_word' id='word_1_68' title='bbox 126 1134 235 1187; x_wconf 92' lang='lat' dir='ltr'><strong>rorum,</strong></span> <span class='ocrx_word' id='word_1_69' title='bbox 254 1135 288 1173; x_wconf 91' lang='lat' dir='ltr'><strong>ea</strong></span> <span class='ocrx_word' id='word_1_70' title='bbox 311 1133 377 1190; x_wconf 85' lang='lat' dir='ltr'><strong>que</strong></span> <span class='ocrx_word' id='word_1_71' title='bbox 399 1116 554 1188; x_wconf 87' lang='lat' dir='ltr'><strong>inequalia</strong></span> <span class='ocrx_word' id='word_1_72' title='bbox 577 1115 706 1171; x_wconf 89' lang='lat' dir='ltr'><strong>membra</strong></span> <span class='ocrx_word' id='word_1_73' title='bbox 723 1116 895 1186; x_wconf 78' lang='lat' dir='ltr'><strong>junguntur,</strong></span> <span class='ocrx_word' id='word_1_74' title='bbox 916 1115 974 1170; x_wconf 86' lang='lat' dir='ltr'><strong>vim</strong></span> 
     </span>
    </p>

    <p class='ocr_par' dir='ltr' id='par_1_4' title="bbox 126 1204 974 1364">
     <span class='ocr_line' id='line_1_12' title="bbox 126 1204 642 1278; baseline -0.008 -16"><span class='ocrx_word' id='word_1_75' title='bbox 126 1206 298 1278; x_wconf 87' lang='lat' dir='ltr'><strong>equalitatis</strong></span> <span class='ocrx_word' id='word_1_76' title='bbox 313 1206 420 1260; x_wconf 87' lang='lat' dir='ltr'><strong>babere</strong></span> <span class='ocrx_word' id='word_1_77' title='bbox 435 1204 642 1259; x_wconf 78' lang='lat' dir='ltr'><strong>inveniantur?</strong></span> 
     </span>
     <span class='ocr_line' id='line_1_13' title="bbox 161 1292 974 1364; baseline -0.005 -14"><span class='ocrx_word' id='word_1_78' title='bbox 161 1297 206 1350; x_wconf 73' lang='grc' dir='ltr'>ιιι.</span> <span class='ocrx_word' id='word_1_79' title='bbox 233 1294 342 1360; x_wconf 88' lang='lat' dir='ltr'><strong>Querit</strong></span> <span class='ocrx_word' id='word_1_80' title='bbox 368 1310 436 1364; x_wconf 80' lang='lat' dir='ltr'><strong>ergo</strong></span> <span class='ocrx_word' id='word_1_81' title='bbox 464 1292 546 1357; x_wconf 90' lang='lat' dir='ltr'><strong>ratio,</strong></span> <span class='ocrx_word' id='word_1_82' title='bbox 575 1297 604 1347; x_wconf 91' lang='lat' dir='ltr'><strong>et</strong></span> <span class='ocrx_word' id='word_1_83' title='bbox 624 1292 767 1347; x_wconf 90' lang='lat' dir='ltr'><strong>carnalem</strong></span> <span class='ocrx_word' id='word_1_84' title='bbox 794 1292 899 1347; x_wconf 85' lang='lat' dir='ltr'><strong>anime</strong></span> <span class='ocrx_word' id='word_1_85' title='bbox 925 1292 974 1346; x_wconf 93' lang='lat' dir='ltr'><strong>de·</strong></span> 
     </span>
    </p>

    <p class='ocr_par' dir='ltr' id='par_1_5' title="bbox 124 1381 976 2689">
     <span class='ocr_line' id='line_1_14' title="bbox 124 1381 974 1456; baseline -0.007 -16"><span class='ocrx_word' id='word_1_86' title='bbox 124 1383 316 1451; x_wconf 86' lang='lat' dir='ltr'><strong>lectatiouem,</strong></span> <span class='ocrx_word' id='word_1_87' title='bbox 345 1400 409 1456; x_wconf 86' lang='lat' dir='ltr'><strong>que</strong></span> <span class='ocrx_word' id='word_1_88' title='bbox 433 1381 584 1454; x_wconf 86' lang='lat' dir='ltr'><strong>judiciales</strong></span> <span class='ocrx_word' id='word_1_89' title='bbox 608 1387 704 1453; x_wconf 92' lang='lat' dir='ltr'><strong>partes</strong></span> <span class='ocrx_word' id='word_1_90' title='bbox 725 1381 780 1436; x_wconf 84' lang='lat' dir='ltr'><strong>sibi</strong></span> <span class='ocrx_word' id='word_1_91' title='bbox 802 1381 974 1447; x_wconf 84' lang='lat' dir='ltr'><strong>vindicabat,</strong></span> 
     </span>
     <span class='ocr_line' id='line_1_15' title="bbox 125 1470 974 1543; baseline -0.004 -16"><span class='ocrx_word' id='word_1_92' title='bbox 125 1471 295 1543; x_wconf 80' lang='lat' dir='ltr'><strong>interrogat,</strong></span> <span class='ocrx_word' id='word_1_93' title='bbox 321 1487 385 1527; x_wconf 88' lang='lat' dir='ltr'><strong>cum</strong></span> <span class='ocrx_word' id='word_1_94' title='bbox 402 1487 465 1526; x_wconf 90' lang='lat' dir='ltr'><strong>eam</strong></span> <span class='ocrx_word' id='word_1_95' title='bbox 483 1470 514 1525; x_wconf 93' lang='lat' dir='ltr'><strong>in</strong></span> <span class='ocrx_word' id='word_1_96' title='bbox 532 1471 691 1541; x_wconf 90' lang='lat' dir='ltr'><strong>spatiorum</strong></span> <span class='ocrx_word' id='word_1_97' title='bbox 704 1470 906 1541; x_wconf 79' lang='lat' dir='ltr'><strong>temporalium</strong></span> <span class='ocrx_word' id='word_1_98' title='bbox 921 1486 974 1524; x_wconf 92' lang='lat' dir='ltr'><strong>nu·</strong></span> 
     </span>
     <span class='ocr_line' id='line_1_16' title="bbox 125 1558 975 1631; baseline -0.005 -15"><span class='ocrx_word' id='word_1_99' title='bbox 125 1560 200 1616; x_wconf 93' lang='lat' dir='ltr'><strong>meri</strong></span> <span class='ocrx_word' id='word_1_100' title='bbox 214 1559 362 1631; x_wconf 85' lang='lat' dir='ltr'><strong>equalitas</strong></span> <span class='ocrx_word' id='word_1_101' title='bbox 378 1560 510 1626; x_wconf 89' lang='lat' dir='ltr'><strong>mulceat,</strong></span> <span class='ocrx_word' id='word_1_102' title='bbox 534 1563 631 1614; x_wconf 92' lang='lat' dir='ltr'><strong>utrum</strong></span> <span class='ocrx_word' id='word_1_103' title='bbox 654 1560 718 1614; x_wconf 90' lang='lat' dir='ltr'><strong>due</strong></span> <span class='ocrx_word' id='word_1_104' title='bbox 740 1558 854 1630; x_wconf 84' lang='lat' dir='ltr'><strong>syllabe</strong></span> <span class='ocrx_word' id='word_1_105' title='bbox 876 1558 975 1612; x_wconf 90' lang='lat' dir='ltr'><strong>breves</strong></span> 
     </span>
     <span class='ocr_line' id='line_1_17' title="bbox 127 1647 974 1721; baseline -0.002 -18"><span class='ocrx_word' id='word_1_106' title='bbox 127 1664 321 1721; x_wconf 89' lang='lat' dir='ltr'><strong>quascumque</strong></span> <span class='ocrx_word' id='word_1_107' title='bbox 336 1647 458 1702; x_wconf 90' lang='lat' dir='ltr'><strong>audierit</strong></span> <span class='ocrx_word' id='word_1_108' title='bbox 471 1663 538 1702; x_wconf 90' lang='lat' dir='ltr'><strong>vere</strong></span> <span class='ocrx_word' id='word_1_109' title='bbox 554 1647 611 1702; x_wconf 90' lang='lat' dir='ltr'><strong>sint</strong></span> <span class='ocrx_word' id='word_1_110' title='bbox 625 1648 750 1718; x_wconf 86' lang='lat' dir='ltr'><strong>equales</strong></span> <span class='ocrx_word' id='word_1_111' title='bbox 762 1668 770 1715; x_wconf 88' lang='lat'>;</span> <span class='ocrx_word' id='word_1_112' title='bbox 783 1664 819 1701; x_wconf 86' lang='lat' dir='ltr'><strong>an</strong></span> <span class='ocrx_word' id='word_1_113' title='bbox 832 1647 895 1702; x_wconf 88' lang='lat' dir='ltr'><strong>lieri</strong></span> <span class='ocrx_word' id='word_1_114' title='bbox 909 1663 974 1718; x_wconf 92' lang='lat' dir='ltr'><strong>pos-</strong></span> 
     </span>
     <span class='ocr_line' id='line_1_18' title="bbox 126 1735 975 1808; baseline 0 -17"><span class='ocrx_word' id='word_1_115' title='bbox 126 1735 172 1804; x_wconf 90' lang='lat' dir='ltr'><strong>sit,</strong></span> <span class='ocrx_word' id='word_1_116' title='bbox 189 1740 220 1791; x_wconf 94' lang='lat' dir='ltr'><strong>ut</strong></span> <span class='ocrx_word' id='word_1_117' title='bbox 236 1752 294 1791; x_wconf 89' lang='lat' dir='ltr'><strong>una</strong></span> <span class='ocrx_word' id='word_1_118' title='bbox 310 1751 409 1790; x_wconf 89' lang='lat' dir='ltr'><strong>earum</strong></span> <span class='ocrx_word' id='word_1_119' title='bbox 432 1736 534 1790; x_wconf 90' lang='lat' dir='ltr'><strong>edatur</strong></span> <span class='ocrx_word' id='word_1_120' title='bbox 548 1735 724 1806; x_wconf 91' lang='lat' dir='ltr'><strong>productius,</strong></span> <span class='ocrx_word' id='word_1_121' title='bbox 747 1751 805 1790; x_wconf 93' lang='lat' dir='ltr'><strong>uon</strong></span> <span class='ocrx_word' id='word_1_122' title='bbox 824 1751 915 1808; x_wconf 88' lang='lat' dir='ltr'><strong>usque</strong></span> <span class='ocrx_word' id='word_1_123' title='bbox 939 1736 975 1791; x_wconf 87' lang='lat' dir='ltr'><strong>ad</strong></span> 
     </span>
     <span class='ocr_line' id='line_1_19' title="bbox 127 1824 973 1897; baseline 0 -17"><span class='ocrx_word' id='word_1_124' title='bbox 127 1825 221 1896; x_wconf 78' lang='lat' dir='ltr'><strong>longe</strong></span> <span class='ocrx_word' id='word_1_125' title='bbox 236 1824 353 1896; x_wconf 77' lang='lat' dir='ltr'><strong>syllabae</strong></span> <span class='ocrx_word' id='word_1_126' title='bbox 368 1824 496 1893; x_wconf 90' lang='lat' dir='ltr'><strong>modum,</strong></span> <span class='ocrx_word' id='word_1_127' title='bbox 513 1824 562 1879; x_wconf 90' lang='lat' dir='ltr'><strong>sed</strong></span> <span class='ocrx_word' id='word_1_128' title='bbox 585 1825 660 1879; x_wconf 87' lang='lat' dir='ltr'><strong>inira</strong></span> <span class='ocrx_word' id='word_1_129' title='bbox 675 1824 896 1896; x_wconf 89' lang='lat' dir='ltr'><strong>quantumlibet,</strong></span> <span class='ocrx_word' id='word_1_130' title='bbox 917 1842 973 1897; x_wconf 91' lang='lat' dir='ltr'><strong>quo</strong></span> 
     </span>
     <span class='ocr_line' id='line_1_20' title="bbox 126 1911 975 1983; baseline 0.001 -16"><span class='ocrx_word' id='word_1_131' title='bbox 126 1914 224 1967; x_wconf 86' lang='lat' dir='ltr'><strong>temen</strong></span> <span class='ocrx_word' id='word_1_132' title='bbox 240 1911 357 1967; x_wconf 84' lang='lat' dir='ltr'><strong>excedat</strong></span> <span class='ocrx_word' id='word_1_133' title='bbox 371 1911 477 1966; x_wconf 88' lang='lat' dir='ltr'><strong>sociam</strong></span> <span class='ocrx_word' id='word_1_134' title='bbox 488 1928 579 1969; x_wconf 90' lang='lat' dir='ltr'><strong>suam.</strong></span> <span class='ocrx_word' id='word_1_135' title='bbox 592 1914 666 1967; x_wconf 91' lang='lat' dir='ltr'><strong>Num</strong></span> <span class='ocrx_word' id='word_1_136' title='bbox 680 1912 781 1983; x_wconf 82' lang='lat' dir='ltr'><strong>negari</strong></span> <span class='ocrx_word' id='word_1_137' title='bbox 796 1916 898 1983; x_wconf 89' lang='lat' dir='ltr'><strong>potest,</strong></span> <span class='ocrx_word' id='word_1_138' title='bbox 911 1912 975 1968; x_wconf 87' lang='lat' dir='ltr'><strong>lieri</strong></span> 
     </span>
     <span class='ocr_line' id='line_1_21' title="bbox 126 1999 974 2073; baseline 0.001 -19"><span class='ocrx_word' id='word_1_139' title='bbox 126 2016 221 2073; x_wconf 90' lang='lat' dir='ltr'><strong>posse,</strong></span> <span class='ocrx_word' id='word_1_140' title='bbox 241 2015 307 2055; x_wconf 92' lang='lat' dir='ltr'><strong>cum</strong></span> <span class='ocrx_word' id='word_1_141' title='bbox 331 2000 393 2054; x_wconf 81' lang='lat' dir='ltr'><strong>hoec</strong></span> <span class='ocrx_word' id='word_1_142' title='bbox 414 1999 565 2055; x_wconf 83' lang='lat' dir='ltr'><strong>delectatio</strong></span> <span class='ocrx_word' id='word_1_143' title='bbox 582 2000 636 2055; x_wconf 89' lang='lat' dir='ltr'><strong>ista</strong></span> <span class='ocrx_word' id='word_1_144' title='bbox 655 2017 713 2055; x_wconf 89' lang='lat' dir='ltr'><strong>non</strong></span> <span class='ocrx_word' id='word_1_145' title='bbox 737 2000 850 2071; x_wconf 86' lang='lat' dir='ltr'><strong>sentiat,</strong></span> <span class='ocrx_word' id='word_1_146' title='bbox 873 2005 901 2054; x_wconf 89' lang='lat' dir='ltr'><strong>et</strong></span> <span class='ocrx_word' id='word_1_147' title='bbox 927 2001 974 2055; x_wconf 92' lang='lat' dir='ltr'><strong>in·</strong></span> 
     </span>
     <span class='ocr_line' id='line_1_22' title="bbox 126 2088 973 2161; baseline 0 -17"><span class='ocrx_word' id='word_1_148' title='bbox 126 2088 284 2161; x_wconf 71' lang='lat' dir='ltr'><strong>equalibus</strong></span> <span class='ocrx_word' id='word_1_149' title='bbox 296 2089 373 2143; x_wconf 90' lang='lat' dir='ltr'><strong>velut</strong></span> <span class='ocrx_word' id='word_1_150' title='bbox 388 2089 546 2160; x_wconf 87' lang='lat' dir='ltr'><strong>equalibus</strong></span> <span class='ocrx_word' id='word_1_151' title='bbox 556 2089 702 2160; x_wconf 80' lang='lat' dir='ltr'><strong>gaudeat?</strong></span> <span class='ocrx_word' id='word_1_152' title='bbox 715 2105 771 2160; x_wconf 92' lang='lat' dir='ltr'><strong>quo</strong></span> <span class='ocrx_word' id='word_1_153' title='bbox 783 2105 881 2145; x_wconf 90' lang='lat' dir='ltr'><strong>errore</strong></span> <span class='ocrx_word' id='word_1_154' title='bbox 892 2093 920 2144; x_wconf 91' lang='lat' dir='ltr'><strong>et</strong></span> <span class='ocrx_word' id='word_1_155' title='bbox 929 2088 973 2144; x_wconf 91' lang='lat' dir='ltr'><strong>in-</strong></span> 
     </span>
     <span class='ocr_line' id='line_1_23' title="bbox 127 2177 975 2250; baseline -0.001 -17"><span class='ocrx_word' id='word_1_156' title='bbox 127 2177 289 2250; x_wconf 88' lang='lat' dir='ltr'><strong>equalitetc</strong></span> <span class='ocrx_word' id='word_1_157' title='bbox 309 2177 379 2249; x_wconf 90' lang='lat' dir='ltr'><strong>quid</strong></span> <span class='ocrx_word' id='word_1_158' title='bbox 400 2178 535 2249; x_wconf 87' lang='lat' dir='ltr'><strong>turpius‘l</strong></span> <span class='ocrx_word' id='word_1_159' title='bbox 549 2179 589 2233; x_wconf 83' lang='lat' dir='ltr'><strong>Ex</strong></span> <span class='ocrx_word' id='word_1_160' title='bbox 606 2194 663 2250; x_wconf 90' lang='lat' dir='ltr'><strong>quo</strong></span> <span class='ocrx_word' id='word_1_161' title='bbox 678 2177 866 2233; x_wconf 88' lang='lat' dir='ltr'><strong>admonemur</strong></span> <span class='ocrx_word' id='word_1_162' title='bbox 881 2178 916 2233; x_wconf 93' lang='lat' dir='ltr'><strong>ab</strong></span> <span class='ocrx_word' id='word_1_163' title='bbox 930 2177 975 2232; x_wconf 90' lang='lat' dir='ltr'><strong>bis</strong></span> 
     </span>
     <span class='ocr_line' id='line_1_24' title="bbox 126 2265 976 2337; baseline -0.001 -16"><span class='ocrx_word' id='word_1_164' title='bbox 126 2269 253 2321; x_wconf 89' lang='lat' dir='ltr'><strong>avertere</strong></span> <span class='ocrx_word' id='word_1_165' title='bbox 277 2265 425 2336; x_wconf 77' lang='lat' dir='ltr'><strong>gaudium,</strong></span> <span class='ocrx_word' id='word_1_166' title='bbox 447 2281 512 2336; x_wconf 84' lang='lat' dir='ltr'><strong>que</strong></span> <span class='ocrx_word' id='word_1_167' title='bbox 540 2265 691 2321; x_wconf 84' lang='lat' dir='ltr'><strong>imitentur</strong></span> <span class='ocrx_word' id='word_1_168' title='bbox 715 2266 918 2337; x_wconf 67' lang='lat' dir='ltr'><strong>equalitatem,</strong></span> <span class='ocrx_word' id='word_1_169' title='bbox 946 2270 976 2321; x_wconf 91' lang='lat' dir='ltr'><strong>et</strong></span> 
     </span>
     <span class='ocr_line' id='line_1_25' title="bbox 126 2353 974 2425; baseline 0.001 -17"><span class='ocrx_word' id='word_1_170' title='bbox 126 2358 225 2409; x_wconf 89' lang='lat' dir='ltr'><strong>utrum</strong></span> <span class='ocrx_word' id='word_1_171' title='bbox 238 2353 389 2424; x_wconf 85' lang='lat' dir='ltr'><strong>impleant,</strong></span> <span class='ocrx_word' id='word_1_172' title='bbox 400 2354 642 2425; x_wconf 84' lang='lat' dir='ltr'><strong>comprehendere</strong></span> <span class='ocrx_word' id='word_1_173' title='bbox 657 2370 714 2408; x_wconf 94' lang='lat' dir='ltr'><strong>non</strong></span> <span class='ocrx_word' id='word_1_174' title='bbox 728 2370 898 2425; x_wconf 90' lang='lat' dir='ltr'><strong>possumus:</strong></span> <span class='ocrx_word' id='word_1_175' title='bbox 915 2355 974 2409; x_wconf 90' lang='lat' dir='ltr'><strong>imo</strong></span> 
     </span>
     <span class='ocr_line' id='line_1_26' title="bbox 126 2440 976 2513; baseline 0.001 -18"><span class='ocrx_word' id='word_1_176' title='bbox 126 2440 205 2513; x_wconf 90' lang='lat' dir='ltr'><strong>quod</strong></span> <span class='ocrx_word' id='word_1_177' title='bbox 233 2456 292 2496; x_wconf 93' lang='lat' dir='ltr'><strong>non</strong></span> <span class='ocrx_word' id='word_1_178' title='bbox 318 2440 458 2512; x_wconf 88' lang='lat' dir='ltr'><strong>impleant</strong></span> <span class='ocrx_word' id='word_1_179' title='bbox 485 2441 602 2495; x_wconf 79' lang='lat' dir='ltr'><strong>fortasse</strong></span> <span class='ocrx_word' id='word_1_180' title='bbox 628 2441 918 2512; x_wconf 82' lang='lat' dir='ltr'><strong>comprehendimus;</strong></span> <span class='ocrx_word' id='word_1_181' title='bbox 947 2444 976 2496; x_wconf 85' lang='lat' dir='ltr'><strong>et</strong></span> 
     </span>
     <span class='ocr_line' id='line_1_27' title="bbox 126 2528 976 2602; baseline 0.002 -18"><span class='ocrx_word' id='word_1_182' title='bbox 126 2532 224 2584; x_wconf 65' lang='lat' dir='ltr'><strong>umen</strong></span> <span class='ocrx_word' id='word_1_183' title='bbox 239 2529 269 2584; x_wconf 94' lang='lat' dir='ltr'><strong>in</strong></span> <span class='ocrx_word' id='word_1_184' title='bbox 282 2534 422 2600; x_wconf 72' lang='grc' dir='ltr'>ιιιιιιιιιιιιι</span> <span class='ocrx_word' id='word_1_185' title='bbox 433 2528 591 2597; x_wconf 84' lang='lat' dir='ltr'><strong>imitantur,</strong></span> <span class='ocrx_word' id='word_1_186' title='bbox 607 2529 728 2601; x_wconf 88' lang='lat' dir='ltr'><strong>pulchra</strong></span> <span class='ocrx_word' id='word_1_187' title='bbox 741 2545 803 2584; x_wconf 87' lang='lat' dir='ltr'><strong>esse</strong></span> <span class='ocrx_word' id='word_1_188' title='bbox 817 2529 849 2584; x_wconf 93' lang='lat' dir='ltr'><strong>in</strong></span> <span class='ocrx_word' id='word_1_189' title='bbox 862 2542 916 2587; x_wconf 79' lang='lat' dir='ltr'><strong>sue</strong></span> <span class='ocrx_word' id='word_1_190' title='bbox 927 2545 976 2602; x_wconf 72' lang='lat' dir='ltr'><strong>ge</strong></span> 
     </span>
     <span class='ocr_line' id='line_1_28' title="bbox 126 2617 811 2689; baseline 0 -17"><span class='ocrx_word' id='word_1_191' title='bbox 126 2632 195 2673; x_wconf 91' lang='lat' dir='ltr'><strong>nere</strong></span> <span class='ocrx_word' id='word_1_192' title='bbox 210 2621 239 2672; x_wconf 89' lang='lat' dir='ltr'><strong>ct</strong></span> <span class='ocrx_word' id='word_1_193' title='bbox 255 2617 356 2673; x_wconf 90' lang='lat' dir='ltr'><strong>ordine</strong></span> <span class='ocrx_word' id='word_1_194' title='bbox 371 2633 432 2687; x_wconf 88' lang='lat' dir='ltr'><strong>suo,</strong></span> <span class='ocrx_word' id='word_1_195' title='bbox 452 2632 558 2688; x_wconf 81' lang='lat' dir='ltr'><strong>negare</strong></span> <span class='ocrx_word' id='word_1_196' title='bbox 572 2632 631 2672; x_wconf 93' lang='lat' dir='ltr'><strong>non</strong></span> <span class='ocrx_word' id='word_1_197' title='bbox 647 2633 811 2689; x_wconf 89' lang='lat' dir='ltr'><strong>possumus.</strong></span> 
     </span>
    </p>

    <p class='ocr_par' dir='ltr' id='par_1_6' title="bbox 127 2705 976 3044">
     <span class='ocr_line' id='line_1_29' title="bbox 127 2705 976 2777; baseline -0.001 -15"><span class='ocrx_word' id='word_1_198' title='bbox 127 2706 240 2763; x_wconf 79' lang='lat' dir='ltr'>CAPUT</span> <span class='ocrx_word' id='word_1_199' title='bbox 260 2707 305 2762; x_wconf 90' lang='lat' dir='ltr'><strong>lll.</strong></span> <span class='ocrx_word' id='word_1_200' title='bbox 321 2736 355 2747; x_wconf 92' lang='lat'><em>-</em></span> <span class='ocrx_word' id='word_1_201' title='bbox 378 2706 557 2773; x_wconf 71' lang='lat' dir='ltr'><strong>inferioribus</strong></span> <span class='ocrx_word' id='word_1_202' title='bbox 576 2722 630 2761; x_wconf 85' lang='lat' dir='ltr'><strong>aaa</strong></span> <span class='ocrx_word' id='word_1_203' title='bbox 653 2705 755 2775; x_wconf 68' lang='lat' dir='ltr'><strong>offerrui</strong></span> <span class='ocrx_word' id='word_1_204' title='bbox 768 2708 833 2761; x_wconf 88' lang='lat' dir='ltr'><strong>solis</strong></span> <span class='ocrx_word' id='word_1_205' title='bbox 852 2709 976 2777; x_wconf 82' lang='lat' dir='ltr'><strong>superio·</strong></span> 
     </span>
     <span class='ocr_line' id='line_1_30' title="bbox 161 2794 975 2865; baseline 0 -15"><span class='ocrx_word' id='word_1_206' title='bbox 161 2795 237 2850; x_wconf 73' lang='lat' dir='ltr'><strong>sitas</strong></span> <span class='ocrx_word' id='word_1_207' title='bbox 255 2797 374 2850; x_wconf 80' lang='lat' dir='ltr'><strong>numeris</strong></span> <span class='ocrx_word' id='word_1_208' title='bbox 392 2794 522 2850; x_wconf 82' lang='lat' dir='ltr'><strong>delectari</strong></span> <span class='ocrx_word' id='word_1_209' title='bbox 533 2797 663 2850; x_wconf 80' lang='lat' dir='ltr'><strong>conuenit.</strong></span> <span class='ocrx_word' id='word_1_210' title='bbox 679 2794 840 2863; x_wconf 72' lang='lat' dir='ltr'><strong>Differeutsa</strong></span> <span class='ocrx_word' id='word_1_211' title='bbox 851 2796 975 2865; x_wconf 80' lang='lat' dir='ltr'><strong>phanta-</strong></span> 
     </span>
     <span class='ocr_line' id='line_1_31' title="bbox 161 2883 475 2953; baseline -0.013 -13"><span class='ocrx_word' id='word_1_212' title='bbox 161 2885 209 2940; x_wconf 81' lang='lat' dir='ltr'><strong>siae</strong></span> <span class='ocrx_word' id='word_1_213' title='bbox 225 2887 250 2938; x_wconf 86' lang='lat' dir='ltr'><strong>ct</strong></span> <span class='ocrx_word' id='word_1_214' title='bbox 261 2883 475 2953; x_wconf 78' lang='lat' dir='ltr'><strong>phantasmatis.</strong></span> 
     </span>
     <span class='ocr_line' id='line_1_32' title="bbox 162 2970 976 3044; baseline 0.001 -19"><span class='ocrx_word' id='word_1_215' title='bbox 162 2973 207 3028; x_wconf 71' lang='grc' dir='ltr'><strong>ιι.</strong></span> <span class='ocrx_word' id='word_1_216' title='bbox 230 2971 293 3026; x_wconf 87' lang='lat' dir='ltr'><strong>Non</strong></span> <span class='ocrx_word' id='word_1_217' title='bbox 319 2987 387 3043; x_wconf 81' lang='lat' dir='ltr'><strong>argo</strong></span> <span class='ocrx_word' id='word_1_218' title='bbox 409 2971 589 3027; x_wconf 84' lang='lat' dir='ltr'><strong>invideamus</strong></span> <span class='ocrx_word' id='word_1_219' title='bbox 612 2970 796 3028; x_wconf 80' lang='lat' dir='ltr'><strong>interioribus</strong></span> <span class='ocrx_word' id='word_1_220' title='bbox 817 2988 905 3044; x_wconf 90' lang='lat' dir='ltr'><strong>quam</strong></span> <span class='ocrx_word' id='word_1_221' title='bbox 924 2988 976 3026; x_wconf 92' lang='lat' dir='ltr'><strong>nos</strong></span> 
     </span>
    </p>

    <p class='ocr_par' dir='ltr' id='par_1_7' title="bbox 127 3059 974 3132">
     <span class='ocr_line' id='line_1_33' title="bbox 127 3059 974 3132; baseline 0.002 -18"><span class='ocrx_word' id='word_1_222' title='bbox 127 3075 237 3129; x_wconf 90' lang='lat' dir='ltr'><strong>sumus,</strong></span> <span class='ocrx_word' id='word_1_223' title='bbox 252 3075 363 3131; x_wconf 91' lang='lat' dir='ltr'><strong>nosque</strong></span> <span class='ocrx_word' id='word_1_224' title='bbox 377 3059 453 3131; x_wconf 90' lang='lat' dir='ltr'><strong>ipsos</strong></span> <span class='ocrx_word' id='word_1_225' title='bbox 475 3059 553 3115; x_wconf 90' lang='lat' dir='ltr'><strong>inter</strong></span> <span class='ocrx_word' id='word_1_226' title='bbox 573 3060 624 3115; x_wconf 92' lang='lat' dir='ltr'><strong>illa</strong></span> <span class='ocrx_word' id='word_1_227' title='bbox 646 3077 711 3132; x_wconf 88' lang='lat' dir='ltr'><strong>que</strong></span> <span class='ocrx_word' id='word_1_228' title='bbox 728 3061 802 3115; x_wconf 85' lang='lat' dir='ltr'><strong>inira</strong></span> <span class='ocrx_word' id='word_1_229' title='bbox 821 3076 873 3116; x_wconf 90' lang='lat' dir='ltr'><strong>nos</strong></span> <span class='ocrx_word' id='word_1_230' title='bbox 896 3065 974 3129; x_wconf 88' lang='lat' dir='ltr'><strong>suat,</strong></span> 
     </span>
    </p>

    <p class='ocr_par' dir='ltr' id='par_1_8' title="bbox 126 3146 977 3568">
     <span class='ocr_line' id='line_1_34' title="bbox 126 3146 975 3219; baseline 0.002 -17"><span class='ocrx_word' id='word_1_231' title='bbox 126 3151 156 3203; x_wconf 89' lang='lat' dir='ltr'><strong>et</strong></span> <span class='ocrx_word' id='word_1_232' title='bbox 168 3146 294 3219; x_wconf 87' lang='lat' dir='ltr'><strong>illaque</strong></span> <span class='ocrx_word' id='word_1_233' title='bbox 309 3162 397 3217; x_wconf 84' lang='lat' dir='ltr'><strong>supra</strong></span> <span class='ocrx_word' id='word_1_234' title='bbox 410 3163 463 3202; x_wconf 90' lang='lat' dir='ltr'><strong>uos</strong></span> <span class='ocrx_word' id='word_1_235' title='bbox 477 3150 553 3214; x_wconf 91' lang='lat' dir='ltr'><strong>sunt,</strong></span> <span class='ocrx_word' id='word_1_236' title='bbox 570 3147 610 3203; x_wconf 89' lang='lat' dir='ltr'><strong>ita</strong></span> <span class='ocrx_word' id='word_1_237' title='bbox 624 3149 683 3203; x_wconf 88' lang='lat' dir='ltr'><strong>Deo</strong></span> <span class='ocrx_word' id='word_1_238' title='bbox 698 3153 726 3204; x_wconf 88' lang='lat' dir='ltr'><strong>et</strong></span> <span class='ocrx_word' id='word_1_239' title='bbox 741 3148 863 3204; x_wconf 85' lang='lat' dir='ltr'><strong>Domino</strong></span> <span class='ocrx_word' id='word_1_240' title='bbox 877 3154 975 3205; x_wconf 89' lang='lat' dir='ltr'><strong>nostro</strong></span> 
     </span>
     <span class='ocr_line' id='line_1_35' title="bbox 145 3233 975 3307; baseline 0.004 -19"><span class='ocrx_word' id='word_1_241' title='bbox 145 3233 284 3307; x_wconf 88' lang='lat' dir='ltr'><strong>pitulante</strong></span> <span class='ocrx_word' id='word_1_242' title='bbox 293 3233 471 3301; x_wconf 92' lang='lat' dir='ltr'><strong>ordinemus,</strong></span> <span class='ocrx_word' id='word_1_243' title='bbox 482 3238 514 3289; x_wconf 93' lang='grc' dir='ltr'><strong>ιιι</strong></span> <span class='ocrx_word' id='word_1_244' title='bbox 524 3234 707 3291; x_wconf 77' lang='lat' dir='ltr'><strong>inferioribus</strong></span> <span class='ocrx_word' id='word_1_245' title='bbox 717 3251 775 3290; x_wconf 94' lang='lat' dir='ltr'><strong>non</strong></span> <span class='ocrx_word' id='word_1_246' title='bbox 785 3236 975 3305; x_wconf 81' lang='lat' dir='ltr'><strong>offendamur,</strong></span> 
     </span>
     <span class='ocr_line' id='line_1_36' title="bbox 127 3321 977 3395; baseline 0.002 -18"><span class='ocrx_word' id='word_1_247' title='bbox 127 3321 196 3377; x_wconf 90' lang='lat' dir='ltr'><strong>selis</strong></span> <span class='ocrx_word' id='word_1_248' title='bbox 207 3325 303 3376; x_wconf 88' lang='lat' dir='ltr'><strong>autem</strong></span> <span class='ocrx_word' id='word_1_249' title='bbox 311 3321 507 3392; x_wconf 91' lang='lat' dir='ltr'><strong>superioribus</strong></span> <span class='ocrx_word' id='word_1_250' title='bbox 515 3321 698 3378; x_wconf 88' lang='lat' dir='ltr'><strong>delectemur.</strong></span> <span class='ocrx_word' id='word_1_251' title='bbox 709 3322 862 3378; x_wconf 86' lang='lat' dir='ltr'><strong>Delectatio</strong></span> <span class='ocrx_word' id='word_1_252' title='bbox 870 3322 977 3395; x_wconf 88' lang='lat' dir='ltr'><strong>quippe</strong></span> 
     </span>
     <span class='ocr_line' id='line_1_37' title="bbox 126 3409 977 3484; baseline 0.001 -19"><span class='ocrx_word' id='word_1_253' title='bbox 126 3410 209 3484; x_wconf 89' lang='lat' dir='ltr'><strong>quasi</strong></span> <span class='ocrx_word' id='word_1_254' title='bbox 223 3410 336 3481; x_wconf 90' lang='lat' dir='ltr'><strong>pondus</strong></span> <span class='ocrx_word' id='word_1_255' title='bbox 352 3415 394 3465; x_wconf 90' lang='lat' dir='ltr'><strong>est</strong></span> <span class='ocrx_word' id='word_1_256' title='bbox 407 3409 521 3465; x_wconf 87' lang='lat' dir='ltr'><strong>anime.</strong></span> <span class='ocrx_word' id='word_1_257' title='bbox 537 3410 691 3466; x_wconf 74' lang='lat' dir='ltr'><strong>Delectatio</strong></span> <span class='ocrx_word' id='word_1_258' title='bbox 706 3427 774 3483; x_wconf 77' lang='lat' dir='ltr'><strong>ergo</strong></span> <span class='ocrx_word' id='word_1_259' title='bbox 786 3411 899 3467; x_wconf 90' lang='lat' dir='ltr'><strong>ordinat</strong></span> <span class='ocrx_word' id='word_1_260' title='bbox 911 3413 977 3467; x_wconf 92' lang='lat' dir='ltr'><strong>ani-</strong></span> 
     </span>
     <span class='ocr_line' id='line_1_38' title="bbox 126 3499 977 3568; baseline 0.002 -14"><span class='ocrx_word' id='word_1_261' title='bbox 126 3514 214 3554; x_wconf 90' lang='lat' dir='ltr'><strong>mam.</strong></span> <span class='ocrx_word' id='word_1_262' title='bbox 231 3499 283 3555; x_wconf 80' lang='lat' dir='ltr'><strong>Ubi</strong></span> <span class='ocrx_word' id='word_1_263' title='bbox 296 3501 366 3554; x_wconf 85' lang='lat' dir='ltr'><strong>euim</strong></span> <span class='ocrx_word' id='word_1_264' title='bbox 380 3501 433 3554; x_wconf 84' lang='lat' dir='ltr'><strong>erit</strong></span> <span class='ocrx_word' id='word_1_265' title='bbox 447 3500 588 3554; x_wconf 81' lang='lat' dir='ltr'><strong>thesaurus</strong></span> <span class='ocrx_word' id='word_1_266' title='bbox 600 3503 672 3568; x_wconf 77' lang='grc' dir='ltr'>ιιιιιι,</span> <span class='ocrx_word' id='word_1_267' title='bbox 686 3500 727 3554; x_wconf 84' lang='lat' dir='ltr'><strong>ibi</strong></span> <span class='ocrx_word' id='word_1_268' title='bbox 740 3503 792 3555; x_wconf 79' lang='lat' dir='ltr'><strong>en&#39;t</strong></span> <span class='ocrx_word' id='word_1_269' title='bbox 805 3504 831 3555; x_wconf 86' lang='lat' dir='ltr'><strong>ct</strong></span> <span class='ocrx_word' id='word_1_270' title='bbox 844 3505 977 3556; x_wconf 85' lang='lat' dir='ltr'><strong>cortuum</strong></span> 
     </span>
    </p>

    <p class='ocr_par' dir='ltr' id='par_1_9' title="bbox 127 3587 977 3661">
     <span class='ocr_line' id='line_1_39' title="bbox 127 3587 977 3661; baseline 0 -16"><span class='ocrx_word' id='word_1_271' title='bbox 127 3588 236 3661; x_wconf 77' lang='lat' dir='ltr'><strong>(blattis.</strong></span> <span class='ocrx_word' id='word_1_272' title='bbox 261 3588 383 3660; x_wconf 74' lang='lat' dir='ltr'><strong>v1,&#39;2l):</strong></span> <span class='ocrx_word' id='word_1_273' title='bbox 408 3587 459 3643; x_wconf 91' lang='lat' dir='ltr'><strong>ubi</strong></span> <span class='ocrx_word' id='word_1_274' title='bbox 482 3587 641 3657; x_wconf 87' lang='lat' dir='ltr'><strong>delectatio,</strong></span> <span class='ocrx_word' id='word_1_275' title='bbox 664 3587 705 3643; x_wconf 90' lang='lat' dir='ltr'><strong>ibi</strong></span> <span class='ocrx_word' id='word_1_276' title='bbox 724 3589 897 3645; x_wconf 88' lang='lat' dir='ltr'><strong>thesaurus:</strong></span> <span class='ocrx_word' id='word_1_277' title='bbox 927 3589 977 3645; x_wconf 92' lang='lat' dir='ltr'><strong>ubi</strong></span> 
     </span>
    </p>

    <p class='ocr_par' dir='ltr' id='par_1_10' title="bbox 127 3676 977 3750">
     <span class='ocr_line' id='line_1_40' title="bbox 127 3676 977 3750; baseline 0 -17"><span class='ocrx_word' id='word_1_278' title='bbox 127 3680 224 3733; x_wconf 87' lang='lat' dir='ltr'><strong>eutem</strong></span> <span class='ocrx_word' id='word_1_279' title='bbox 238 3692 298 3746; x_wconf 92' lang='lat' dir='ltr'><strong>cor,</strong></span> <span class='ocrx_word' id='word_1_280' title='bbox 312 3676 354 3732; x_wconf 91' lang='lat' dir='ltr'><strong>ibi</strong></span> <span class='ocrx_word' id='word_1_281' title='bbox 368 3676 514 3733; x_wconf 88' lang='lat' dir='ltr'><strong>beatitudo</strong></span> <span class='ocrx_word' id='word_1_282' title='bbox 529 3682 579 3732; x_wconf 91' lang='lat' dir='ltr'><strong>aut</strong></span> <span class='ocrx_word' id='word_1_283' title='bbox 592 3676 718 3734; x_wconf 86' lang='lat' dir='ltr'><strong>miseria.</strong></span> <span class='ocrx_word' id='word_1_284' title='bbox 729 3677 798 3742; x_wconf 85' lang='lat' dir='ltr'><strong>Que</strong></span> <span class='ocrx_word' id='word_1_285' title='bbox 810 3694 878 3733; x_wconf 85' lang='lat' dir='ltr'><strong>rero</strong></span> <span class='ocrx_word' id='word_1_286' title='bbox 892 3693 977 3750; x_wconf 91' lang='lat' dir='ltr'><strong>supe·</strong></span> 
     </span>
    </p>

    <p class='ocr_par' dir='ltr' id='par_1_11' title="bbox 127 3765 980 4705">
     <span class='ocr_line' id='line_1_41' title="bbox 127 3765 976 3838; baseline 0.001 -18"><span class='ocrx_word' id='word_1_287' title='bbox 127 3765 205 3820; x_wconf 90' lang='lat' dir='ltr'><strong>riora</strong></span> <span class='ocrx_word' id='word_1_288' title='bbox 219 3769 296 3832; x_wconf 92' lang='lat' dir='ltr'><strong>sunt,</strong></span> <span class='ocrx_word' id='word_1_289' title='bbox 321 3765 377 3819; x_wconf 92' lang='lat' dir='ltr'><strong>nisi</strong></span> <span class='ocrx_word' id='word_1_290' title='bbox 399 3765 449 3819; x_wconf 92' lang='lat' dir='ltr'><strong>illa</strong></span> <span class='ocrx_word' id='word_1_291' title='bbox 469 3765 624 3838; x_wconf 89' lang='lat' dir='ltr'><strong>inquibus</strong></span> <span class='ocrx_word' id='word_1_292' title='bbox 652 3781 775 3834; x_wconf 88' lang='lat' dir='ltr'><strong>summa,</strong></span> <span class='ocrx_word' id='word_1_293' title='bbox 800 3766 976 3834; x_wconf 87' lang='lat' dir='ltr'><strong>inconcusse,</strong></span> 
     </span>
     <span class='ocr_line' id='line_1_42' title="bbox 127 3851 978 3924; baseline 0.002 -17"><span class='ocrx_word' id='word_1_294' title='bbox 127 3851 382 3916; x_wconf 88' lang='lat' dir='ltr'><strong>incommutabilis,</strong></span> <span class='ocrx_word' id='word_1_295' title='bbox 403 3856 511 3906; x_wconf 84' lang='lat' dir='ltr'><strong>eterna</strong></span> <span class='ocrx_word' id='word_1_296' title='bbox 530 3857 627 3906; x_wconf 91' lang='lat' dir='ltr'><strong>manet</strong></span> <span class='ocrx_word' id='word_1_297' title='bbox 648 3853 819 3924; x_wconf 74' lang='lat' dir='ltr'><strong>equalitas?</strong></span> <span class='ocrx_word' id='word_1_298' title='bbox 837 3853 890 3908; x_wconf 92' lang='lat' dir='ltr'><strong>Ubi</strong></span> <span class='ocrx_word' id='word_1_299' title='bbox 914 3854 978 3909; x_wconf 87' lang='lat' dir='ltr'><strong>nul·</strong></span> 
     </span>
     <span class='ocr_line' id='line_1_43' title="bbox 128 3939 977 4011; baseline 0.005 -17"><span class='ocrx_word' id='word_1_300' title='bbox 128 3941 190 4004; x_wconf 89' lang='lat' dir='ltr'><strong>lum</strong></span> <span class='ocrx_word' id='word_1_301' title='bbox 204 3945 247 3993; x_wconf 89' lang='lat' dir='ltr'><strong>est</strong></span> <span class='ocrx_word' id='word_1_302' title='bbox 270 3944 395 4011; x_wconf 90' lang='lat' dir='ltr'><strong>tempus,</strong></span> <span class='ocrx_word' id='word_1_303' title='bbox 411 3939 478 4011; x_wconf 89' lang='lat' dir='ltr'><strong>quia</strong></span> <span class='ocrx_word' id='word_1_304' title='bbox 498 3941 578 3996; x_wconf 89' lang='lat' dir='ltr'><strong>nulla</strong></span> <span class='ocrx_word' id='word_1_305' title='bbox 593 3940 769 3996; x_wconf 83' lang='lat' dir='ltr'><strong>mutabilitas</strong></span> <span class='ocrx_word' id='word_1_306' title='bbox 782 3945 842 3997; x_wconf 90' lang='lat' dir='ltr'><strong>est:</strong></span> <span class='ocrx_word' id='word_1_307' title='bbox 859 3946 888 3997; x_wconf 89' lang='lat' dir='ltr'><strong>et</strong></span> <span class='ocrx_word' id='word_1_308' title='bbox 901 3943 977 3998; x_wconf 90' lang='lat' dir='ltr'><strong>unde</strong></span> 
     </span>
     <span class='ocr_line' id='line_1_44' title="bbox 127 4026 979 4099; baseline 0.005 -18"><span class='ocrx_word' id='word_1_309' title='bbox 127 4032 259 4099; x_wconf 88' lang='lat' dir='ltr'><strong>tempora</strong></span> <span class='ocrx_word' id='word_1_310' title='bbox 279 4026 455 4081; x_wconf 80' lang='lat' dir='ltr'><strong>fabricantur</strong></span> <span class='ocrx_word' id='word_1_311' title='bbox 480 4031 509 4082; x_wconf 88' lang='lat' dir='ltr'><strong>et</strong></span> <span class='ocrx_word' id='word_1_312' title='bbox 530 4027 700 4083; x_wconf 89' lang='lat' dir='ltr'><strong>ordinentur</strong></span> <span class='ocrx_word' id='word_1_313' title='bbox 728 4033 757 4083; x_wconf 88' lang='lat' dir='ltr'><strong>et</strong></span> <span class='ocrx_word' id='word_1_314' title='bbox 778 4029 979 4085; x_wconf 87' lang='lat' dir='ltr'><strong>modificantur</strong></span> 
     </span>
     <span class='ocr_line' id='line_1_45' title="bbox 129 4114 978 4186; baseline 0.002 -14"><span class='ocrx_word' id='word_1_315' title='bbox 129 4115 320 4172; x_wconf 82' lang='lat' dir='ltr'><strong>eternitatem</strong></span> <span class='ocrx_word' id='word_1_316' title='bbox 338 4114 492 4186; x_wconf 85' lang='lat' dir='ltr'><strong>imitantia,</strong></span> <span class='ocrx_word' id='word_1_317' title='bbox 508 4115 576 4172; x_wconf 90' lang='lat' dir='ltr'><strong>dum</strong></span> <span class='ocrx_word' id='word_1_318' title='bbox 600 4117 664 4172; x_wconf 80' lang='lat' dir='ltr'><strong>caeli</strong></span> <span class='ocrx_word' id='word_1_319' title='bbox 681 4117 829 4173; x_wconf 89' lang='lat' dir='ltr'><strong>conversio</strong></span> <span class='ocrx_word' id='word_1_320' title='bbox 848 4119 885 4174; x_wconf 90' lang='lat' dir='ltr'><strong>ad</strong></span> <span class='ocrx_word' id='word_1_321' title='bbox 900 4118 978 4174; x_wconf 91' lang='lat' dir='ltr'><strong>idem</strong></span> 
     </span>
     <span class='ocr_line' id='line_1_46' title="bbox 128 4204 978 4276; baseline 0 -13"><span class='ocrx_word' id='word_1_322' title='bbox 128 4205 204 4264; x_wconf 88' lang='lat' dir='ltr'><strong>redit</strong></span> <span class='ocrx_word' id='word_1_323' title='bbox 220 4204 241 4275; x_wconf 82' lang='lat'><strong>¹,</strong></span> <span class='ocrx_word' id='word_1_324' title='bbox 259 4210 289 4262; x_wconf 89' lang='lat' dir='ltr'><strong>at</strong></span> <span class='ocrx_word' id='word_1_325' title='bbox 306 4204 432 4261; x_wconf 80' lang='lat' dir='ltr'><strong>celestia</strong></span> <span class='ocrx_word' id='word_1_326' title='bbox 449 4220 571 4276; x_wconf 90' lang='lat' dir='ltr'><strong>corpora</strong></span> <span class='ocrx_word' id='word_1_327' title='bbox 585 4206 619 4261; x_wconf 90' lang='lat' dir='ltr'><strong>ad</strong></span> <span class='ocrx_word' id='word_1_328' title='bbox 633 4206 712 4262; x_wconf 89' lang='lat' dir='ltr'><strong>idem</strong></span> <span class='ocrx_word' id='word_1_329' title='bbox 726 4212 848 4276; x_wconf 80' lang='lat' dir='ltr'><strong>revocat,</strong></span> <span class='ocrx_word' id='word_1_330' title='bbox 864 4206 978 4263; x_wconf 90' lang='lat' dir='ltr'><strong>diebus·</strong></span> 
     </span>
     <span class='ocr_line' id='line_1_47' title="bbox 129 4294 978 4369; baseline 0.001 -19"><span class='ocrx_word' id='word_1_331' title='bbox 129 4311 186 4369; x_wconf 90' lang='lat' dir='ltr'><strong>que</strong></span> <span class='ocrx_word' id='word_1_332' title='bbox 206 4300 235 4351; x_wconf 91' lang='lat' dir='ltr'><strong>et</strong></span> <span class='ocrx_word' id='word_1_333' title='bbox 252 4294 400 4350; x_wconf 89' lang='lat' dir='ltr'><strong>mensibus</strong></span> <span class='ocrx_word' id='word_1_334' title='bbox 415 4298 445 4349; x_wconf 90' lang='lat' dir='ltr'><strong>et</strong></span> <span class='ocrx_word' id='word_1_335' title='bbox 459 4294 542 4349; x_wconf 88' lang='lat' dir='ltr'><strong>anuis</strong></span> <span class='ocrx_word' id='word_1_336' title='bbox 556 4299 585 4350; x_wconf 91' lang='lat' dir='ltr'><strong>et</strong></span> <span class='ocrx_word' id='word_1_337' title='bbox 599 4295 705 4364; x_wconf 90' lang='lat' dir='ltr'><strong>lustris,</strong></span> <span class='ocrx_word' id='word_1_338' title='bbox 722 4296 888 4369; x_wconf 88' lang='lat' dir='ltr'><strong>ceterisque</strong></span> <span class='ocrx_word' id='word_1_339' title='bbox 902 4296 978 4352; x_wconf 90' lang='lat' dir='ltr'><strong>side-</strong></span> 
     </span>
     <span class='ocr_line' id='line_1_48' title="bbox 130 4382 980 4455; baseline 0 -15"><span class='ocrx_word' id='word_1_340' title='bbox 130 4400 195 4440; x_wconf 90' lang='lat' dir='ltr'><strong>rum</strong></span> <span class='ocrx_word' id='word_1_341' title='bbox 210 4384 336 4452; x_wconf 90' lang='lat' dir='ltr'><strong>orbibus,</strong></span> <span class='ocrx_word' id='word_1_342' title='bbox 357 4382 470 4455; x_wconf 75' lang='lat' dir='ltr'><strong>legibus</strong></span> <span class='ocrx_word' id='word_1_343' title='bbox 484 4383 655 4455; x_wconf 77' lang='lat' dir='ltr'><strong>equalitatis</strong></span> <span class='ocrx_word' id='word_1_344' title='bbox 676 4389 705 4439; x_wconf 90' lang='lat' dir='ltr'><strong>et</strong></span> <span class='ocrx_word' id='word_1_345' title='bbox 719 4384 837 4440; x_wconf 88' lang='lat' dir='ltr'><strong>unitatis</strong></span> <span class='ocrx_word' id='word_1_346' title='bbox 852 4389 881 4440; x_wconf 90' lang='lat' dir='ltr'><strong>et</strong></span> <span class='ocrx_word' id='word_1_347' title='bbox 902 4384 980 4440; x_wconf 91' lang='lat' dir='ltr'><strong>ordi·</strong></span> 
     </span>
     <span class='ocr_line' id='line_1_49' title="bbox 130 4471 979 4546; baseline 0 -18"><span class='ocrx_word' id='word_1_348' title='bbox 130 4473 256 4528; x_wconf 89' lang='lat' dir='ltr'><strong>nationis</strong></span> <span class='ocrx_word' id='word_1_349' title='bbox 269 4473 458 4543; x_wconf 85' lang='lat' dir='ltr'><strong>obtemperet.</strong></span> <span class='ocrx_word' id='word_1_350' title='bbox 475 4473 518 4527; x_wconf 87' lang='lat' dir='ltr'><strong>lta</strong></span> <span class='ocrx_word' id='word_1_351' title='bbox 536 4471 696 4529; x_wconf 76' lang='lat' dir='ltr'><strong>celestibus</strong></span> <span class='ocrx_word' id='word_1_352' title='bbox 711 4476 824 4528; x_wconf 89' lang='lat' dir='ltr'><strong>terrena</strong></span> <span class='ocrx_word' id='word_1_353' title='bbox 843 4473 979 4546; x_wconf 90' lang='lat' dir='ltr'><strong>subjecta,</strong></span> 
     </span>
     <span class='ocr_line' id='line_1_50' title="bbox 129 4561 980 4634; baseline 0.001 -17"><span class='ocrx_word' id='word_1_354' title='bbox 129 4562 212 4617; x_wconf 91' lang='lat' dir='ltr'><strong>orbos</strong></span> <span class='ocrx_word' id='word_1_355' title='bbox 225 4566 388 4634; x_wconf 91' lang='lat' dir='ltr'><strong>temporum</strong></span> <span class='ocrx_word' id='word_1_356' title='bbox 406 4577 523 4616; x_wconf 88' lang='lat' dir='ltr'><strong>suorum</strong></span> <span class='ocrx_word' id='word_1_357' title='bbox 538 4577 692 4616; x_wconf 88' lang='lat' dir='ltr'><strong>numerosa</strong></span> <span class='ocrx_word' id='word_1_358' title='bbox 707 4561 883 4618; x_wconf 87' lang='lat' dir='ltr'><strong>successione</strong></span> <span class='ocrx_word' id='word_1_359' title='bbox 898 4562 980 4633; x_wconf 86' lang='lat' dir='ltr'><strong>quasi</strong></span> 
     </span>
     <span class='ocr_line' id='line_1_51' title="bbox 130 4649 619 4705; baseline 0.002 -1"><span class='ocrx_word' id='word_1_360' title='bbox 130 4649 250 4704; x_wconf 87' lang='lat' dir='ltr'><strong>carmini</strong></span> <span class='ocrx_word' id='word_1_361' title='bbox 263 4650 456 4705; x_wconf 87' lang='lat' dir='ltr'><strong>universitatis</strong></span> <span class='ocrx_word' id='word_1_362' title='bbox 471 4649 619 4705; x_wconf 85' lang='lat' dir='ltr'><strong>associant</strong></span> 
     </span>
    </p>

    <p class='ocr_par' dir='ltr' id='par_1_12' title="bbox 131 4738 980 4900">
     <span class='ocr_line' id='line_1_52' title="bbox 167 4738 980 4809; baseline 0.001 -15"><span class='ocrx_word' id='word_1_363' title='bbox 167 4741 210 4794; x_wconf 80' lang='lat'><strong>30.</strong></span> <span class='ocrx_word' id='word_1_364' title='bbox 228 4738 260 4792; x_wconf 94' lang='lat' dir='ltr'><strong>ln</strong></span> <span class='ocrx_word' id='word_1_365' title='bbox 274 4739 378 4809; x_wconf 89' lang='lat' dir='ltr'><strong>quibus</strong></span> <span class='ocrx_word' id='word_1_366' title='bbox 401 4739 491 4794; x_wconf 88' lang='lat' dir='ltr'><strong>multa</strong></span> <span class='ocrx_word' id='word_1_367' title='bbox 510 4739 592 4795; x_wconf 90' lang='lat' dir='ltr'><strong>uobis</strong></span> <span class='ocrx_word' id='word_1_368' title='bbox 616 4738 930 4799; x_wconf 86' lang='lat' dir='ltr'><strong>videnturiuordineta</strong></span> <span class='ocrx_word' id='word_1_369' title='bbox 951 4744 980 4795; x_wconf 89' lang='lat' dir='ltr'><strong>et</strong></span> 
     </span>
     <span class='ocr_line' id='line_1_53' title="bbox 131 4826 980 4900; baseline 0.001 -18"><span class='ocrx_word' id='word_1_370' title='bbox 131 4826 309 4900; x_wconf 85' lang='lat' dir='ltr'><strong>perturbata,</strong></span> <span class='ocrx_word' id='word_1_371' title='bbox 330 4826 398 4899; x_wconf 87' lang='lat' dir='ltr'><strong>quie</strong></span> <span class='ocrx_word' id='word_1_372' title='bbox 419 4844 520 4884; x_wconf 90' lang='lat' dir='ltr'><strong>eorum</strong></span> <span class='ocrx_word' id='word_1_373' title='bbox 547 4828 644 4883; x_wconf 93' lang='lat' dir='ltr'><strong>ordini</strong></span> <span class='ocrx_word' id='word_1_374' title='bbox 668 4844 721 4900; x_wconf 90' lang='lat' dir='ltr'><strong>pro</strong></span> <span class='ocrx_word' id='word_1_375' title='bbox 740 4828 846 4883; x_wconf 91' lang='lat' dir='ltr'><strong>nostris</strong></span> <span class='ocrx_word' id='word_1_376' title='bbox 871 4829 980 4883; x_wconf 89' lang='lat' dir='ltr'><strong>meritis</strong></span> 
     </span>
    </p>
   </div>
   <div class='ocr_carea' id='block_1_3' title="bbox 131 4913 981 4989">
    <p class='ocr_par' dir='ltr' id='par_1_13' title="bbox 131 4913 981 4989">
     <span class='ocr_line' id='line_1_54' title="bbox 131 4913 981 4989; baseline -0.002 -16"><span class='ocrx_word' id='word_1_377' title='bbox 131 4916 220 4973; x_wconf 88' lang='lat' dir='ltr'><strong>assuti</strong></span> <span class='ocrx_word' id='word_1_378' title='bbox 234 4930 333 4970; x_wconf 89' lang='lat' dir='ltr'><strong>sumus</strong></span> <span class='ocrx_word' id='word_1_379' title='bbox 345 4913 369 4982; x_wconf 88' lang='lat'><strong>¹,</strong></span> <span class='ocrx_word' id='word_1_380' title='bbox 389 4915 547 4972; x_wconf 88' lang='lat' dir='ltr'><strong>nescientes</strong></span> <span class='ocrx_word' id='word_1_381' title='bbox 563 4915 682 4989; x_wconf 91' lang='lat' dir='ltr'><strong>quidde</strong></span> <span class='ocrx_word' id='word_1_382' title='bbox 699 4916 782 4972; x_wconf 89' lang='lat' dir='ltr'><strong>nobis</strong></span> <span class='ocrx_word' id='word_1_383' title='bbox 797 4915 894 4971; x_wconf 89' lang='lat' dir='ltr'><strong>divina</strong></span> <span class='ocrx_word' id='word_1_384' title='bbox 912 4933 981 4988; x_wconf 92' lang='lat' dir='ltr'><strong>pro·</strong></span> 
     </span>
    </p>
   </div>
   <div class='ocr_carea' id='block_1_4' title="bbox 130 5005 982 5192">
    <p class='ocr_par' dir='ltr' id='par_1_14' title="bbox 130 5005 982 5192">
     <span class='ocr_line' id='line_1_55' title="bbox 130 5005 979 5070; baseline -0.004 -13"><span class='ocrx_word' id='word_1_385' title='bbox 130 5007 234 5070; x_wconf 78' lang='lat' dir='ltr'><strong>legitur,</strong></span> <span class='ocrx_word' id='word_1_386' title='bbox 248 5006 370 5069; x_wconf 84' lang='lat' dir='ltr'><strong>spatium</strong></span> <span class='ocrx_word' id='word_1_387' title='bbox 382 5005 591 5067; x_wconf 77' lang='lat' dir='ltr'><strong>taciturnitatis3</strong></span> <span class='ocrx_word' id='word_1_388' title='bbox 607 5005 652 5055; x_wconf 89' lang='lat' dir='ltr'><strong>ubi</strong></span> <span class='ocrx_word' id='word_1_389' title='bbox 662 5005 847 5056; x_wconf 83' lang='lat' dir='ltr'><strong>substituimus</strong></span> <span class='ocrx_word' id='word_1_390' title='bbox 861 5018 894 5054; x_wconf 83' lang='lat' dir='ltr'><strong>ex</strong></span> <span class='ocrx_word' id='word_1_391' title='bbox 907 5005 979 5067; x_wconf 79' lang='lat' dir='ltr'><strong>llas,</strong></span> 
     </span>
     <span class='ocr_line' id='line_1_56' title="bbox 131 5067 982 5192; baseline -0.005 -11"><span class='ocrx_word' id='word_1_392' title='bbox 131 5067 432 5192; x_wconf 40' lang='lat' dir='ltr'><strong>&#39;aiiii‘mitiiriiiiplures</strong></span> <span class='ocrx_word' id='word_1_393' title='bbox 441 5128 512 5187; x_wconf 75' lang='lat' dir='ltr'><strong>blas..</strong></span> <span class='ocrx_word' id='word_1_394' title='bbox 523 5127 837 5181; x_wconf 78' lang='lat' dir='ltr'><strong>uddtcmrodit.1ltiuirs</strong></span> <span class='ocrx_word' id='word_1_395' title='bbox 845 5128 925 5178; x_wconf 89' lang='lat' dir='ltr'><strong>iidem</strong></span> <span class='ocrx_word' id='word_1_396' title='bbox 936 5128 982 5178; x_wconf 88' lang='lat' dir='ltr'><strong>ha·</strong></span> 
     </span>
    </p>
   </div>
   <div class='ocr_carea' id='block_1_5' title="bbox 118 3224 144 3366">
    <p class='ocr_par' dir='ltr' id='par_1_15' title="bbox 118 3224 144 3366">
     <span class='ocr_line' id='line_1_57' title="bbox 118 3224 144 3366; textangle 90"><span class='ocrx_word' id='word_1_397' title='bbox 118 3224 144 3366; x_wconf 30' lang='lat' dir='ltr'><strong>’Ne‘</strong></span> 
     </span>
    </p>
   </div>
   <div class='ocr_carea' id='block_1_6' title="bbox 130 5190 979 5302">
    <p class='ocr_par' dir='ltr' id='par_1_16' title="bbox 130 5190 979 5302">
     <span class='ocr_line' id='line_1_58' title="bbox 130 5190 979 5302; baseline -0.004 -59"><span class='ocrx_word' id='word_1_398' title='bbox 130 5193 194 5244; x_wconf 93' lang='lat' dir='ltr'><strong>bent</strong></span> <span class='ocrx_word' id='word_1_399' title='bbox 207 5193 260 5242; x_wconf 85' lang='lat' dir='ltr'><strong>tiss</strong></span> <span class='ocrx_word' id='word_1_400' title='bbox 273 5229 280 5249; x_wconf 90' lang='lat'><strong>,</strong></span> <span class='ocrx_word' id='word_1_401' title='bbox 293 5192 329 5242; x_wconf 90' lang='lat' dir='ltr'><strong>ad</strong></span> <span class='ocrx_word' id='word_1_402' title='bbox 346 5190 418 5241; x_wconf 84' lang='lat' dir='ltr'><strong>diem</strong></span> <span class='ocrx_word' id='word_1_403' title='bbox 429 5195 541 5241; x_wconf 80' lang='lat' dir='ltr'><strong>revocat.</strong></span> <span class='ocrx_word' id='word_1_404' title='bbox 560 5191 641 5241; x_wconf 86' lang='lat' dir='ltr'><strong>Paulo</strong></span> <span class='ocrx_word' id='word_1_405' title='bbox 659 5195 721 5302; x_wconf 56' lang='lat' dir='ltr'><strong><em>qu</em></strong></span> <span class='ocrx_word' id='word_1_406' title='bbox 736 5191 761 5240; x_wconf 94' lang='lat' dir='ltr'><strong>in</strong></span> <span class='ocrx_word' id='word_1_407' title='bbox 779 5192 856 5241; x_wconf 90' lang='lat' dir='ltr'><strong>editis</strong></span> <span class='ocrx_word' id='word_1_408' title='bbox 873 5191 897 5241; x_wconf 91' lang='lat' dir='ltr'><strong>le</strong></span> <span class='ocrx_word' id='word_1_409' title='bbox 918 5191 979 5249; x_wconf 86' lang='lat' dir='ltr'><strong>tur,</strong></span> 
     </span>
    </p>
   </div>
   <div class='ocr_carea' id='block_1_7' title="bbox 130 5252 981 5507">
    <p class='ocr_par' dir='ltr' id='par_1_17' title="bbox 130 5252 981 5507">
     <span class='ocr_line' id='line_1_59' title="bbox 130 5252 980 5327; baseline -0.004 -21"><span class='ocrx_word' id='word_1_410' title='bbox 130 5255 250 5327; x_wconf 74' lang='lat' dir='ltr'><strong>eidemin</strong></span> <span class='ocrx_word' id='word_1_411' title='bbox 260 5252 650 5317; x_wconf 74' lang='lat' dir='ltr'><strong>ordiaiduslepibesque.lltin</strong></span> <span class='ocrx_word' id='word_1_412' title='bbox 686 5253 897 5315; x_wconf 81' lang='lat' dir='ltr'><strong>ss.,stdcrumor</strong></span> <span class='ocrx_word' id='word_1_413' title='bbox 914 5253 980 5315; x_wconf 78' lang='lat' dir='ltr'><strong>idus,</strong></span> 
     </span>
     <span class='ocr_line' id='line_1_60' title="bbox 133 5318 981 5452; baseline -0.004 -24"><span class='ocrx_word' id='word_1_414' title='bbox 133 5318 484 5444; x_wconf 44' lang='grc' dir='ltr'><strong>ιθῖιιῗιιιιδιῗιυιιιιιριιιιιιιιιιι</strong></span> <span class='ocrx_word' id='word_1_415' title='bbox 509 5377 606 5436; x_wconf 87' lang='lat' dir='ltr'><strong>lerunt,</strong></span> <span class='ocrx_word' id='word_1_416' title='bbox 629 5377 729 5452; x_wconf 72' lang='lat' dir='ltr'><strong>assucti</strong></span> <span class='ocrx_word' id='word_1_417' title='bbox 750 5391 854 5451; x_wconf 66' lang='grc' dir='ltr'>ιιιιιιιιι.</span> <span class='ocrx_word' id='word_1_418' title='bbox 874 5375 925 5450; x_wconf 74' lang='lat' dir='ltr'><strong>⁸Sed</strong></span> <span class='ocrx_word' id='word_1_419' title='bbox 943 5376 981 5449; x_wconf 77' lang='lat' dir='ltr'><strong>in-</strong></span> 
     </span>
     <span class='ocr_line' id='line_1_61' title="bbox 134 5439 981 5507; baseline -0.001 -17"><span class='ocrx_word' id='word_1_420' title='bbox 134 5445 288 5492; x_wconf 86' lang='lat' dir='ltr'><strong>cunctanter</strong></span> <span class='ocrx_word' id='word_1_421' title='bbox 297 5442 448 5507; x_wconf 80' lang='lat' dir='ltr'><strong>legendum,</strong></span> <span class='ocrx_word' id='word_1_422' title='bbox 457 5440 541 5491; x_wconf 77' lang='lat' dir='ltr'><strong>assud</strong></span> <span class='ocrx_word' id='word_1_423' title='bbox 554 5453 655 5497; x_wconf 81' lang='lat' dir='ltr'><strong>sumas,</strong></span> <span class='ocrx_word' id='word_1_424' title='bbox 665 5445 695 5490; x_wconf 91' lang='lat' dir='ltr'><strong>ut</strong></span> <span class='ocrx_word' id='word_1_425' title='bbox 708 5454 736 5491; x_wconf 92' lang='grc' dir='ltr'><strong>ιιι</strong></span> <span class='ocrx_word' id='word_1_426' title='bbox 746 5441 881 5492; x_wconf 82' lang='lat' dir='ltr'><strong>corbernar</strong></span> <span class='ocrx_word' id='word_1_427' title='bbox 891 5439 981 5489; x_wconf 79' lang='lat' dir='ltr'><strong>codice</strong></span> 
     </span>
    </p>
   </div>
   <div class='ocr_carea' id='block_1_8' title="bbox 132 5500 980 5570">
    <p class='ocr_par' dir='ltr' id='par_1_18' title="bbox 132 5500 980 5570">
     <span class='ocr_line' id='line_1_62' title="bbox 132 5500 980 5570; baseline -0.001 -18"><span class='ocrx_word' id='word_1_428' title='bbox 132 5501 415 5570; x_wconf 76' lang='lat' dir='ltr'><strong>legebaturontequem</strong></span> <span class='ocrx_word' id='word_1_429' title='bbox 422 5500 980 5570; x_wconf 85' lang='lat' dir='ltr'><strong>passusessetseoundummenum.quein-</strong></span> 
     </span>
    </p>
   </div>
   <div class='ocr_carea' id='block_1_9' title="bbox 769 164 1235 266">
    <p class='ocr_par' dir='ltr' id='par_1_19' title="bbox 769 164 1235 266">
     <span class='ocr_line' id='line_1_63' title="bbox 769 164 1235 266; baseline -0.004 -14"><span class='ocrx_word' id='word_1_430' title='bbox 769 196 816 252; x_wconf 83' lang='lat' dir='ltr'><strong>os</strong></span> <span class='ocrx_word' id='word_1_431' title='bbox 835 164 977 266; x_wconf 75' lang='lat' dir='ltr'><strong>unsrun,</strong></span> <span class='ocrx_word' id='word_1_432' title='bbox 998 195 1025 252; x_wconf 91' lang='lat' dir='ltr'><strong>s.</strong></span> <span class='ocrx_word' id='word_1_433' title='bbox 1044 194 1235 254; x_wconf 77' lang='lat' dir='ltr'><strong>suausrrru</strong></span> 
     </span>
    </p>
   </div>
   <div class='ocr_carea' id='block_1_10' title="bbox 1829 197 1891 250">
    <p class='ocr_par' dir='ltr' id='par_1_20' title="bbox 1829 197 1891 250">
     <span class='ocr_line' id='line_1_64' title="bbox 1829 197 1891 250; baseline 0.016 -1"><span class='ocrx_word' id='word_1_434' title='bbox 1829 197 1891 250; x_wconf 79' lang='lat' dir='ltr'><strong>litt</strong></span> 
     </span>
    </p>
   </div>
   <div class='ocr_carea' id='block_1_11' title="bbox 1027 318 1892 5089">
    <p class='ocr_par' dir='ltr' id='par_1_21' title="bbox 1027 318 1892 2340">
     <span class='ocr_line' id='line_1_65' title="bbox 1029 318 1891 392; baseline -0.001 -17"><span class='ocrx_word' id='word_1_435' title='bbox 1029 319 1154 378; x_wconf 86' lang='lat' dir='ltr'><strong>videntia</strong></span> <span class='ocrx_word' id='word_1_436' title='bbox 1180 319 1334 392; x_wconf 89' lang='lat' dir='ltr'><strong>pulchrum</strong></span> <span class='ocrx_word' id='word_1_437' title='bbox 1357 324 1447 391; x_wconf 78' lang='lat' dir='ltr'><strong>gerat.</strong></span> <span class='ocrx_word' id='word_1_438' title='bbox 1472 320 1620 386; x_wconf 82' lang='lat' dir='ltr'><strong>Quoniam</strong></span> <span class='ocrx_word' id='word_1_439' title='bbox 1649 319 1677 374; x_wconf 87' lang='lat' dir='ltr'><strong>si</strong></span> <span class='ocrx_word' id='word_1_440' title='bbox 1707 318 1789 392; x_wconf 86' lang='lat' dir='ltr'><strong>quis,</strong></span> <span class='ocrx_word' id='word_1_441' title='bbox 1816 319 1891 375; x_wconf 82' lang='lat' dir='ltr'><strong>verbi</strong></span> 
     </span>
     <span class='ocr_line' id='line_1_66' title="bbox 1028 406 1891 481; baseline -0.001 -18"><span class='ocrx_word' id='word_1_442' title='bbox 1028 407 1131 481; x_wconf 75' lang='lat' dir='ltr'><strong>gratia,</strong></span> <span class='ocrx_word' id='word_1_443' title='bbox 1141 408 1171 463; x_wconf 94' lang='lat' dir='ltr'><strong>in</strong></span> <span class='ocrx_word' id='word_1_444' title='bbox 1183 407 1425 479; x_wconf 89' lang='lat' dir='ltr'><strong>amplissimarum</strong></span> <span class='ocrx_word' id='word_1_445' title='bbox 1439 409 1778 481; x_wconf 85' lang='lat' dir='ltr'><strong>pulcherrimarumque</strong></span> <span class='ocrx_word' id='word_1_446' title='bbox 1791 406 1891 463; x_wconf 86' lang='lat' dir='ltr'><strong>edium</strong></span> 
     </span>
     <span class='ocr_line' id='line_1_67' title="bbox 1028 496 1891 570; baseline -0.002 -17"><span class='ocrx_word' id='word_1_447' title='bbox 1028 514 1086 554; x_wconf 90' lang='lat' dir='ltr'><strong>uno</strong></span> <span class='ocrx_word' id='word_1_448' title='bbox 1102 497 1197 569; x_wconf 92' lang='lat' dir='ltr'><strong>aliquo</strong></span> <span class='ocrx_word' id='word_1_449' title='bbox 1221 498 1326 568; x_wconf 84' lang='lat' dir='ltr'><strong>angulo</strong></span> <span class='ocrx_word' id='word_1_450' title='bbox 1350 501 1487 570; x_wconf 89' lang='lat' dir='ltr'><strong>tanquam</strong></span> <span class='ocrx_word' id='word_1_451' title='bbox 1511 501 1607 553; x_wconf 88' lang='lat' dir='ltr'><strong>statua</strong></span> <span class='ocrx_word' id='word_1_452' title='bbox 1629 496 1810 562; x_wconf 87' lang='lat' dir='ltr'><strong>collocetur,</strong></span> <span class='ocrx_word' id='word_1_453' title='bbox 1833 498 1891 568; x_wconf 91' lang='lat' dir='ltr'><strong>pal·</strong></span> 
     </span>
     <span class='ocr_line' id='line_1_68' title="bbox 1028 585 1892 657; baseline -0.002 -15"><span class='ocrx_word' id='word_1_454' title='bbox 1028 587 1218 642; x_wconf 81' lang='lat' dir='ltr'><strong>claritudinem</strong></span> <span class='ocrx_word' id='word_1_455' title='bbox 1240 586 1317 642; x_wconf 86' lang='lat' dir='ltr'><strong>illius</strong></span> <span class='ocrx_word' id='word_1_456' title='bbox 1338 587 1452 642; x_wconf 80' lang='lat' dir='ltr'><strong>fabrice</strong></span> <span class='ocrx_word' id='word_1_457' title='bbox 1467 587 1574 642; x_wconf 88' lang='lat' dir='ltr'><strong>sentire</strong></span> <span class='ocrx_word' id='word_1_458' title='bbox 1589 603 1654 641; x_wconf 94' lang='lat' dir='ltr'><strong>non</strong></span> <span class='ocrx_word' id='word_1_459' title='bbox 1675 585 1802 657; x_wconf 88' lang='lat' dir='ltr'><strong>poterit,</strong></span> <span class='ocrx_word' id='word_1_460' title='bbox 1818 586 1892 656; x_wconf 88' lang='lat' dir='ltr'><strong>eujus</strong></span> 
     </span>
     <span class='ocr_line' id='line_1_69' title="bbox 1028 673 1892 748; baseline -0.003 -17"><span class='ocrx_word' id='word_1_461' title='bbox 1028 680 1057 732; x_wconf 90' lang='lat' dir='ltr'><strong>et</strong></span> <span class='ocrx_word' id='word_1_462' title='bbox 1068 676 1129 748; x_wconf 89' lang='lat' dir='ltr'><strong>ipse</strong></span> <span class='ocrx_word' id='word_1_463' title='bbox 1144 691 1210 747; x_wconf 91' lang='lat' dir='ltr'><strong>pars</strong></span> <span class='ocrx_word' id='word_1_464' title='bbox 1230 675 1293 730; x_wconf 88' lang='lat' dir='ltr'><strong>erit.</strong></span> <span class='ocrx_word' id='word_1_465' title='bbox 1315 676 1371 730; x_wconf 86' lang='lat' dir='ltr'><strong>Nec</strong></span> <span class='ocrx_word' id='word_1_466' title='bbox 1384 675 1509 730; x_wconf 89' lang='lat' dir='ltr'><strong>universi</strong></span> <span class='ocrx_word' id='word_1_467' title='bbox 1523 675 1674 730; x_wconf 89' lang='lat' dir='ltr'><strong>exercitus</strong></span> <span class='ocrx_word' id='word_1_468' title='bbox 1690 673 1833 730; x_wconf 89' lang='lat' dir='ltr'><strong>ordinem</strong></span> <span class='ocrx_word' id='word_1_469' title='bbox 1846 674 1892 728; x_wconf 91' lang='lat' dir='ltr'><strong>mi·</strong></span> 
     </span>
     <span class='ocr_line' id='line_1_70' title="bbox 1027 761 1891 835; baseline -0.005 -15"><span class='ocrx_word' id='word_1_470' title='bbox 1027 764 1068 820; x_wconf 92' lang='lat' dir='ltr'><strong>les</strong></span> <span class='ocrx_word' id='word_1_471' title='bbox 1082 763 1113 818; x_wconf 94' lang='lat' dir='ltr'><strong>in</strong></span> <span class='ocrx_word' id='word_1_472' title='bbox 1135 764 1194 819; x_wconf 90' lang='lat' dir='ltr'><strong>acie</strong></span> <span class='ocrx_word' id='word_1_473' title='bbox 1217 765 1291 819; x_wconf 86' lang='lat' dir='ltr'><strong>valet</strong></span> <span class='ocrx_word' id='word_1_474' title='bbox 1314 763 1430 819; x_wconf 89' lang='lat' dir='ltr'><strong>intueri.</strong></span> <span class='ocrx_word' id='word_1_475' title='bbox 1456 765 1487 818; x_wconf 88' lang='lat' dir='ltr'><strong>Et</strong></span> <span class='ocrx_word' id='word_1_476' title='bbox 1506 764 1537 818; x_wconf 91' lang='lat' dir='ltr'><strong>in</strong></span> <span class='ocrx_word' id='word_1_477' title='bbox 1552 763 1693 835; x_wconf 89' lang='lat' dir='ltr'><strong>quolibet</strong></span> <span class='ocrx_word' id='word_1_478' title='bbox 1713 761 1891 834; x_wconf 87' lang='lat' dir='ltr'><strong>poematesi</strong></span> 
     </span>
     <span class='ocr_line' id='line_1_71' title="bbox 1028 851 1891 925; baseline -0.005 -17"><span class='ocrx_word' id='word_1_479' title='bbox 1028 856 1135 924; x_wconf 87' lang='lat' dir='ltr'><strong>quanto</strong></span> <span class='ocrx_word' id='word_1_480' title='bbox 1156 853 1247 924; x_wconf 89' lang='lat' dir='ltr'><strong>spatio</strong></span> <span class='ocrx_word' id='word_1_481' title='bbox 1271 852 1387 925; x_wconf 76' lang='lat' dir='ltr'><strong>syllabus</strong></span> <span class='ocrx_word' id='word_1_482' title='bbox 1410 857 1523 923; x_wconf 91' lang='lat' dir='ltr'><strong>sonant,</strong></span> <span class='ocrx_word' id='word_1_483' title='bbox 1547 857 1630 908; x_wconf 89' lang='lat' dir='ltr'><strong>tanto</strong></span> <span class='ocrx_word' id='word_1_484' title='bbox 1652 851 1796 907; x_wconf 86' lang='lat' dir='ltr'><strong>viverent</strong></span> <span class='ocrx_word' id='word_1_485' title='bbox 1812 854 1891 922; x_wconf 87' lang='lat' dir='ltr'><strong>atque</strong></span> 
     </span>
     <span class='ocr_line' id='line_1_72' title="bbox 1028 939 1892 1008; baseline -0.003 -12"><span class='ocrx_word' id='word_1_486' title='bbox 1028 941 1175 1008; x_wconf 88' lang='lat' dir='ltr'><strong>sentirent,</strong></span> <span class='ocrx_word' id='word_1_487' title='bbox 1201 941 1280 997; x_wconf 92' lang='lat' dir='ltr'><strong>nullo</strong></span> <span class='ocrx_word' id='word_1_488' title='bbox 1306 942 1394 997; x_wconf 92' lang='lat' dir='ltr'><strong>modo</strong></span> <span class='ocrx_word' id='word_1_489' title='bbox 1418 942 1468 997; x_wconf 90' lang='lat' dir='ltr'><strong>illa</strong></span> <span class='ocrx_word' id='word_1_490' title='bbox 1488 941 1689 997; x_wconf 89' lang='lat' dir='ltr'><strong>numerositas</strong></span> <span class='ocrx_word' id='word_1_491' title='bbox 1711 944 1745 995; x_wconf 87' lang='lat' dir='ltr'><strong>et</strong></span> <span class='ocrx_word' id='word_1_492' title='bbox 1770 939 1892 994; x_wconf 78' lang='lat' dir='ltr'><strong>conteni</strong></span> 
     </span>
     <span class='ocr_line' id='line_1_73' title="bbox 1027 1028 1892 1103; baseline -0.005 -18"><span class='ocrx_word' id='word_1_493' title='bbox 1027 1031 1122 1101; x_wconf 90' lang='lat' dir='ltr'><strong>operis</strong></span> <span class='ocrx_word' id='word_1_494' title='bbox 1136 1029 1318 1103; x_wconf 89' lang='lat' dir='ltr'><strong>pulchritudo</strong></span> <span class='ocrx_word' id='word_1_495' title='bbox 1343 1031 1384 1086; x_wconf 89' lang='lat' dir='ltr'><strong>eis</strong></span> <span class='ocrx_word' id='word_1_496' title='bbox 1398 1032 1531 1103; x_wconf 89' lang='lat' dir='ltr'><strong>placaret,</strong></span> <span class='ocrx_word' id='word_1_497' title='bbox 1552 1046 1646 1102; x_wconf 89' lang='lat' dir='ltr'><strong>quam</strong></span> <span class='ocrx_word' id='word_1_498' title='bbox 1667 1033 1769 1084; x_wconf 85' lang='lat' dir='ltr'><strong>totam</strong></span> <span class='ocrx_word' id='word_1_499' title='bbox 1790 1028 1892 1099; x_wconf 82' lang='lat' dir='ltr'><strong>perspi-</strong></span> 
     </span>
     <span class='ocr_line' id='line_1_74' title="bbox 1028 1116 1892 1192; baseline -0.005 -18"><span class='ocrx_word' id='word_1_500' title='bbox 1028 1135 1092 1174; x_wconf 89' lang='lat' dir='ltr'><strong>cere</strong></span> <span class='ocrx_word' id='word_1_501' title='bbox 1109 1124 1195 1191; x_wconf 90' lang='lat' dir='ltr'><strong>atque</strong></span> <span class='ocrx_word' id='word_1_502' title='bbox 1210 1120 1368 1192; x_wconf 88' lang='lat' dir='ltr'><strong>approbare</strong></span> <span class='ocrx_word' id='word_1_503' title='bbox 1384 1136 1442 1174; x_wconf 93' lang='lat' dir='ltr'><strong>non</strong></span> <span class='ocrx_word' id='word_1_504' title='bbox 1457 1123 1587 1190; x_wconf 84' lang='lat' dir='ltr'><strong>possunt,</strong></span> <span class='ocrx_word' id='word_1_505' title='bbox 1600 1134 1675 1173; x_wconf 89' lang='lat' dir='ltr'><strong>cum</strong></span> <span class='ocrx_word' id='word_1_506' title='bbox 1691 1118 1732 1174; x_wconf 90' lang='lat' dir='ltr'><strong>de</strong></span> <span class='ocrx_word' id='word_1_507' title='bbox 1751 1116 1828 1188; x_wconf 86' lang='lat' dir='ltr'><strong>ipsis</strong></span> <span class='ocrx_word' id='word_1_508' title='bbox 1843 1117 1892 1170; x_wconf 87' lang='lat' dir='ltr'><strong>sin·</strong></span> 
     </span>
     <span class='ocr_line' id='line_1_75' title="bbox 1028 1203 1890 1279; baseline -0.003 -18"><span class='ocrx_word' id='word_1_509' title='bbox 1028 1207 1103 1279; x_wconf 79' lang='lat' dir='ltr'><strong>gulis</strong></span> <span class='ocrx_word' id='word_1_510' title='bbox 1121 1207 1361 1278; x_wconf 75' lang='lat' dir='ltr'><strong>pretereuntibus</strong></span> <span class='ocrx_word' id='word_1_511' title='bbox 1379 1207 1514 1262; x_wconf 80' lang='lat' dir='ltr'><strong>fabricata</strong></span> <span class='ocrx_word' id='word_1_512' title='bbox 1538 1209 1614 1261; x_wconf 87' lang='lat' dir='ltr'><strong>esset</strong></span> <span class='ocrx_word' id='word_1_513' title='bbox 1634 1210 1731 1277; x_wconf 88' lang='lat' dir='ltr'><strong>atque</strong></span> <span class='ocrx_word' id='word_1_514' title='bbox 1757 1203 1890 1275; x_wconf 82' lang='lat' dir='ltr'><strong>perlecta</strong></span> 
     </span>
     <span class='ocr_line' id='line_1_76' title="bbox 1028 1294 1892 1367; baseline -0.003 -17"><span class='ocrx_word' id='word_1_515' title='bbox 1028 1296 1070 1350; x_wconf 90' lang='lat' dir='ltr'><strong>lta</strong></span> <span class='ocrx_word' id='word_1_516' title='bbox 1088 1301 1253 1367; x_wconf 88' lang='lat' dir='ltr'><strong>peccantem</strong></span> <span class='ocrx_word' id='word_1_517' title='bbox 1272 1294 1418 1350; x_wconf 90' lang='lat' dir='ltr'><strong>bominem</strong></span> <span class='ocrx_word' id='word_1_518' title='bbox 1434 1294 1575 1350; x_wconf 85' lang='lat' dir='ltr'><strong>ordinarit</strong></span> <span class='ocrx_word' id='word_1_519' title='bbox 1590 1295 1672 1349; x_wconf 87' lang='lat' dir='ltr'><strong>Deus</strong></span> <span class='ocrx_word' id='word_1_520' title='bbox 1686 1299 1826 1366; x_wconf 87' lang='lat' dir='ltr'><strong>turpem,</strong></span> <span class='ocrx_word' id='word_1_521' title='bbox 1840 1309 1892 1348; x_wconf 92' lang='lat' dir='ltr'><strong>non</strong></span> 
     </span>
     <span class='ocr_line' id='line_1_77' title="bbox 1028 1380 1891 1454; baseline -0.005 -16"><span class='ocrx_word' id='word_1_522' title='bbox 1028 1383 1161 1454; x_wconf 87' lang='lat' dir='ltr'><strong>turpiter.</strong></span> <span class='ocrx_word' id='word_1_523' title='bbox 1186 1383 1288 1454; x_wconf 90' lang='lat' dir='ltr'><strong>Turpis</strong></span> <span class='ocrx_word' id='word_1_524' title='bbox 1310 1383 1387 1438; x_wconf 92' lang='lat' dir='ltr'><strong>enim</strong></span> <span class='ocrx_word' id='word_1_525' title='bbox 1406 1384 1496 1438; x_wconf 84' lang='lat' dir='ltr'><strong>iactus</strong></span> <span class='ocrx_word' id='word_1_526' title='bbox 1520 1388 1562 1438; x_wconf 90' lang='lat' dir='ltr'><strong>est</strong></span> <span class='ocrx_word' id='word_1_527' title='bbox 1585 1383 1760 1448; x_wconf 85' lang='lat' dir='ltr'><strong>voluntate,</strong></span> <span class='ocrx_word' id='word_1_528' title='bbox 1783 1380 1891 1435; x_wconf 86' lang='lat' dir='ltr'><strong>nniver-</strong></span> 
     </span>
     <span class='ocr_line' id='line_1_78' title="bbox 1029 1470 1891 1544; baseline -0.003 -18"><span class='ocrx_word' id='word_1_529' title='bbox 1029 1487 1092 1527; x_wconf 90' lang='lat' dir='ltr'><strong>sum</strong></span> <span class='ocrx_word' id='word_1_530' title='bbox 1103 1472 1259 1527; x_wconf 88' lang='lat' dir='ltr'><strong>amittendo</strong></span> <span class='ocrx_word' id='word_1_531' title='bbox 1272 1472 1349 1544; x_wconf 91' lang='lat' dir='ltr'><strong>quod</strong></span> <span class='ocrx_word' id='word_1_532' title='bbox 1360 1471 1412 1527; x_wconf 82' lang='lat' dir='ltr'><strong>liei</strong></span> <span class='ocrx_word' id='word_1_533' title='bbox 1423 1472 1574 1544; x_wconf 87' lang='lat' dir='ltr'><strong>preceptis</strong></span> <span class='ocrx_word' id='word_1_534' title='bbox 1588 1470 1813 1542; x_wconf 87' lang='lat' dir='ltr'><strong>obtemperans</strong></span> <span class='ocrx_word' id='word_1_535' title='bbox 1831 1485 1891 1540; x_wconf 79' lang='lat' dir='ltr'><strong>pos</strong></span> 
     </span>
     <span class='ocr_line' id='line_1_79' title="bbox 1029 1558 1891 1633; baseline -0.005 -18"><span class='ocrx_word' id='word_1_536' title='bbox 1029 1560 1150 1629; x_wconf 88' lang='lat' dir='ltr'><strong>sidebat,</strong></span> <span class='ocrx_word' id='word_1_537' title='bbox 1164 1566 1192 1617; x_wconf 87' lang='lat' dir='ltr'><strong>et</strong></span> <span class='ocrx_word' id='word_1_538' title='bbox 1203 1561 1350 1617; x_wconf 88' lang='lat' dir='ltr'><strong>ordinatus</strong></span> <span class='ocrx_word' id='word_1_539' title='bbox 1361 1561 1392 1616; x_wconf 90' lang='lat' dir='ltr'><strong>in</strong></span> <span class='ocrx_word' id='word_1_540' title='bbox 1406 1565 1487 1633; x_wconf 87' lang='lat' dir='ltr'><strong>parta</strong></span> <span class='ocrx_word' id='word_1_541' title='bbox 1501 1564 1554 1628; x_wconf 86' lang='lat' dir='ltr'><strong>est,</strong></span> <span class='ocrx_word' id='word_1_542' title='bbox 1570 1564 1603 1614; x_wconf 94' lang='lat' dir='ltr'><strong>ut</strong></span> <span class='ocrx_word' id='word_1_543' title='bbox 1619 1559 1675 1631; x_wconf 90' lang='lat' dir='ltr'><strong>qni</strong></span> <span class='ocrx_word' id='word_1_544' title='bbox 1689 1558 1797 1630; x_wconf 83' lang='lat' dir='ltr'><strong>legem</strong></span> <span class='ocrx_word' id='word_1_545' title='bbox 1812 1573 1891 1629; x_wconf 76' lang='lat' dir='ltr'><strong>agere</strong></span> 
     </span>
     <span class='ocr_line' id='line_1_80' title="bbox 1028 1645 1892 1721; baseline -0.005 -17"><span class='ocrx_word' id='word_1_546' title='bbox 1028 1648 1130 1716; x_wconf 93' lang='lat' dir='ltr'><strong>noluit,</strong></span> <span class='ocrx_word' id='word_1_547' title='bbox 1145 1665 1162 1703; x_wconf 93' lang='lat' dir='ltr'><strong>a</strong></span> <span class='ocrx_word' id='word_1_548' title='bbox 1180 1649 1242 1721; x_wconf 80' lang='lat' dir='ltr'><strong>lege</strong></span> <span class='ocrx_word' id='word_1_549' title='bbox 1261 1654 1371 1719; x_wconf 76' lang='lat' dir='ltr'><strong>agatur.</strong></span> <span class='ocrx_word' id='word_1_550' title='bbox 1390 1648 1534 1720; x_wconf 85' lang='lat' dir='ltr'><strong>Quidquid</strong></span> <span class='ocrx_word' id='word_1_551' title='bbox 1552 1652 1655 1703; x_wconf 85' lang='lat' dir='ltr'><strong>autem</strong></span> <span class='ocrx_word' id='word_1_552' title='bbox 1672 1646 1827 1719; x_wconf 79' lang='lat' dir='ltr'><strong>legitime,</strong></span> <span class='ocrx_word' id='word_1_553' title='bbox 1842 1645 1892 1700; x_wconf 90' lang='lat' dir='ltr'><strong>uti·</strong></span> 
     </span>
     <span class='ocr_line' id='line_1_81' title="bbox 1029 1733 1890 1808; baseline -0.002 -18"><span class='ocrx_word' id='word_1_554' title='bbox 1029 1752 1085 1808; x_wconf 89' lang='lat' dir='ltr'><strong>que</strong></span> <span class='ocrx_word' id='word_1_555' title='bbox 1096 1737 1173 1808; x_wconf 88' lang='lat' dir='ltr'><strong>juste</strong></span> <span class='ocrx_word' id='word_1_556' title='bbox 1185 1753 1192 1803; x_wconf 90' lang='lat'>;</span> <span class='ocrx_word' id='word_1_557' title='bbox 1206 1740 1235 1792; x_wconf 89' lang='lat' dir='ltr'><strong>et</strong></span> <span class='ocrx_word' id='word_1_558' title='bbox 1249 1735 1390 1808; x_wconf 90' lang='lat' dir='ltr'><strong>quidquid</strong></span> <span class='ocrx_word' id='word_1_559' title='bbox 1399 1737 1486 1807; x_wconf 90' lang='lat' dir='ltr'><strong>juste,</strong></span> <span class='ocrx_word' id='word_1_560' title='bbox 1498 1752 1556 1791; x_wconf 89' lang='lat' dir='ltr'><strong>non</strong></span> <span class='ocrx_word' id='word_1_561' title='bbox 1569 1735 1676 1807; x_wconf 88' lang='lat' dir='ltr'><strong>utique</strong></span> <span class='ocrx_word' id='word_1_562' title='bbox 1691 1733 1827 1805; x_wconf 85' lang='lat' dir='ltr'><strong>turpiter</strong></span> <span class='ocrx_word' id='word_1_563' title='bbox 1836 1734 1890 1805; x_wconf 76' lang='lat' dir='ltr'><strong>egi·</strong></span> 
     </span>
     <span class='ocr_line' id='line_1_82' title="bbox 1029 1821 1891 1896; baseline -0.006 -16"><span class='ocrx_word' id='word_1_564' title='bbox 1029 1828 1093 1880; x_wconf 86' lang='lat' dir='ltr'><strong>tur:</strong></span> <span class='ocrx_word' id='word_1_565' title='bbox 1110 1823 1179 1896; x_wconf 90' lang='lat' dir='ltr'><strong>quia</strong></span> <span class='ocrx_word' id='word_1_566' title='bbox 1190 1828 1218 1880; x_wconf 92' lang='lat' dir='ltr'><strong>et</strong></span> <span class='ocrx_word' id='word_1_567' title='bbox 1232 1824 1262 1878; x_wconf 93' lang='lat' dir='ltr'><strong>in</strong></span> <span class='ocrx_word' id='word_1_568' title='bbox 1274 1823 1357 1878; x_wconf 89' lang='lat' dir='ltr'><strong>malis</strong></span> <span class='ocrx_word' id='word_1_569' title='bbox 1371 1824 1506 1895; x_wconf 88' lang='lat' dir='ltr'><strong>operibus</strong></span> <span class='ocrx_word' id='word_1_570' title='bbox 1520 1822 1628 1879; x_wconf 87' lang='lat' dir='ltr'><strong>nostris</strong></span> <span class='ocrx_word' id='word_1_571' title='bbox 1641 1822 1696 1878; x_wconf 88' lang='lat' dir='ltr'><strong>liei</strong></span> <span class='ocrx_word' id='word_1_572' title='bbox 1712 1837 1810 1894; x_wconf 86' lang='lat' dir='ltr'><strong>opere</strong></span> <span class='ocrx_word' id='word_1_573' title='bbox 1822 1821 1891 1876; x_wconf 83' lang='lat' dir='ltr'><strong>bona</strong></span> 
     </span>
     <span class='ocr_line' id='line_1_83' title="bbox 1029 1909 1889 1985; baseline -0.002 -18"><span class='ocrx_word' id='word_1_574' title='bbox 1029 1917 1106 1968; x_wconf 89' lang='lat' dir='ltr'><strong>sunt.</strong></span> <span class='ocrx_word' id='word_1_575' title='bbox 1126 1913 1217 1968; x_wconf 81' lang='lat' dir='ltr'><strong>Homo</strong></span> <span class='ocrx_word' id='word_1_576' title='bbox 1237 1929 1361 1985; x_wconf 88' lang='lat' dir='ltr'><strong>manque</strong></span> <span class='ocrx_word' id='word_1_577' title='bbox 1379 1913 1410 1968; x_wconf 92' lang='grc' dir='ltr'><strong>ιιι</strong></span> <span class='ocrx_word' id='word_1_578' title='bbox 1431 1916 1570 1985; x_wconf 88' lang='lat' dir='ltr'><strong>quantum</strong></span> <span class='ocrx_word' id='word_1_579' title='bbox 1585 1911 1678 1967; x_wconf 91' lang='lat' dir='ltr'><strong>bomo</strong></span> <span class='ocrx_word' id='word_1_580' title='bbox 1702 1915 1761 1979; x_wconf 85' lang='lat' dir='ltr'><strong>est,</strong></span> <span class='ocrx_word' id='word_1_581' title='bbox 1779 1909 1889 1983; x_wconf 90' lang='lat' dir='ltr'><strong>aliquod</strong></span> 
     </span>
     <span class='ocr_line' id='line_1_84' title="bbox 1028 1999 1890 2072; baseline -0.006 -15"><span class='ocrx_word' id='word_1_582' title='bbox 1028 2001 1138 2057; x_wconf 89' lang='lat' dir='ltr'><strong>bonum</strong></span> <span class='ocrx_word' id='word_1_583' title='bbox 1154 2005 1214 2069; x_wconf 88' lang='lat' dir='ltr'><strong>est;</strong></span> <span class='ocrx_word' id='word_1_584' title='bbox 1239 2001 1412 2057; x_wconf 90' lang='lat' dir='ltr'><strong>adulterium</strong></span> <span class='ocrx_word' id='word_1_585' title='bbox 1434 2006 1530 2056; x_wconf 89' lang='lat' dir='ltr'><strong>eutem</strong></span> <span class='ocrx_word' id='word_1_586' title='bbox 1552 2000 1583 2054; x_wconf 94' lang='lat' dir='ltr'><strong>in</strong></span> <span class='ocrx_word' id='word_1_587' title='bbox 1609 2004 1768 2072; x_wconf 87' lang='lat' dir='ltr'><strong>quantum</strong></span> <span class='ocrx_word' id='word_1_588' title='bbox 1788 1999 1890 2054; x_wconf 76' lang='lat' dir='ltr'><strong>adulte</strong></span> 
     </span>
     <span class='ocr_line' id='line_1_85' title="bbox 1029 2086 1890 2161; baseline -0.007 -15"><span class='ocrx_word' id='word_1_589' title='bbox 1029 2091 1105 2146; x_wconf 88' lang='lat' dir='ltr'><strong>rium</strong></span> <span class='ocrx_word' id='word_1_590' title='bbox 1116 2095 1169 2160; x_wconf 89' lang='lat' dir='ltr'><strong>est,</strong></span> <span class='ocrx_word' id='word_1_591' title='bbox 1180 2090 1290 2146; x_wconf 91' lang='lat' dir='ltr'><strong>malum</strong></span> <span class='ocrx_word' id='word_1_592' title='bbox 1299 2106 1372 2161; x_wconf 91' lang='lat' dir='ltr'><strong>opus</strong></span> <span class='ocrx_word' id='word_1_593' title='bbox 1381 2093 1442 2144; x_wconf 87' lang='lat' dir='ltr'><strong>est:</strong></span> <span class='ocrx_word' id='word_1_594' title='bbox 1458 2089 1633 2161; x_wconf 87' lang='lat' dir='ltr'><strong>plerumque</strong></span> <span class='ocrx_word' id='word_1_595' title='bbox 1643 2090 1754 2142; x_wconf 84' lang='lat' dir='ltr'><strong>eutem</strong></span> <span class='ocrx_word' id='word_1_596' title='bbox 1768 2086 1805 2142; x_wconf 91' lang='lat' dir='ltr'><strong>de</strong></span> <span class='ocrx_word' id='word_1_597' title='bbox 1819 2086 1890 2141; x_wconf 88' lang='lat' dir='ltr'><strong>adul·</strong></span> 
     </span>
     <span class='ocr_line' id='line_1_86' title="bbox 1029 2174 1889 2249; baseline -0.006 -15"><span class='ocrx_word' id='word_1_598' title='bbox 1029 2179 1101 2235; x_wconf 89' lang='lat' dir='ltr'><strong>terio</strong></span> <span class='ocrx_word' id='word_1_599' title='bbox 1116 2178 1242 2234; x_wconf 88' lang='lat' dir='ltr'><strong>nascitur</strong></span> <span class='ocrx_word' id='word_1_600' title='bbox 1260 2179 1360 2249; x_wconf 89' lang='lat' dir='ltr'><strong>homo,</strong></span> <span class='ocrx_word' id='word_1_601' title='bbox 1375 2179 1410 2234; x_wconf 92' lang='lat' dir='ltr'><strong>de</strong></span> <span class='ocrx_word' id='word_1_602' title='bbox 1431 2178 1506 2233; x_wconf 91' lang='lat' dir='ltr'><strong>malo</strong></span> <span class='ocrx_word' id='word_1_603' title='bbox 1525 2176 1636 2231; x_wconf 89' lang='lat' dir='ltr'><strong>scilicet</strong></span> <span class='ocrx_word' id='word_1_604' title='bbox 1649 2174 1791 2231; x_wconf 89' lang='lat' dir='ltr'><strong>hominis</strong></span> <span class='ocrx_word' id='word_1_605' title='bbox 1810 2190 1889 2245; x_wconf 86' lang='lat' dir='ltr'><strong>opere</strong></span> 
     </span>
     <span class='ocr_line' id='line_1_87' title="bbox 1029 2267 1305 2340; baseline -0.014 -14"><span class='ocrx_word' id='word_1_606' title='bbox 1029 2271 1140 2326; x_wconf 92' lang='lat' dir='ltr'><strong>bouum</strong></span> <span class='ocrx_word' id='word_1_607' title='bbox 1154 2284 1228 2340; x_wconf 92' lang='lat' dir='ltr'><strong>opus</strong></span> <span class='ocrx_word' id='word_1_608' title='bbox 1241 2267 1305 2323; x_wconf 87' lang='lat' dir='ltr'><strong>llei.</strong></span> 
     </span>
    </p>

    <p class='ocr_par' dir='ltr' id='par_1_22' title="bbox 1029 2353 1889 3386">
     <span class='ocr_line' id='line_1_88' title="bbox 1065 2353 1888 2426; baseline -0.009 -13"><span class='ocrx_word' id='word_1_609' title='bbox 1065 2360 1109 2413; x_wconf 77' lang='lat'><strong>³1.</strong></span> <span class='ocrx_word' id='word_1_610' title='bbox 1134 2355 1327 2421; x_wconf 85' lang='lat' dir='ltr'><strong>Quamobrem</strong></span> <span class='ocrx_word' id='word_1_611' title='bbox 1352 2360 1384 2411; x_wconf 88' lang='lat' dir='ltr'><strong>nt</strong></span> <span class='ocrx_word' id='word_1_612' title='bbox 1407 2372 1460 2411; x_wconf 89' lang='lat' dir='ltr'><strong>nos</strong></span> <span class='ocrx_word' id='word_1_613' title='bbox 1487 2355 1523 2410; x_wconf 89' lang='lat' dir='ltr'><strong>ad</strong></span> <span class='ocrx_word' id='word_1_614' title='bbox 1544 2353 1751 2426; x_wconf 83' lang='lat' dir='ltr'><strong>propositum,</strong></span> <span class='ocrx_word' id='word_1_615' title='bbox 1778 2355 1888 2425; x_wconf 87' lang='lat' dir='ltr'><strong>propter</strong></span> 
     </span>
     <span class='ocr_line' id='line_1_89' title="bbox 1030 2440 1889 2516; baseline -0.003 -18"><span class='ocrx_word' id='word_1_616' title='bbox 1030 2444 1107 2516; x_wconf 90' lang='lat' dir='ltr'><strong>quod</strong></span> <span class='ocrx_word' id='word_1_617' title='bbox 1121 2444 1183 2500; x_wconf 83' lang='lat' dir='ltr'><strong>hec</strong></span> <span class='ocrx_word' id='word_1_618' title='bbox 1201 2448 1269 2499; x_wconf 91' lang='lat' dir='ltr'><strong>sunt</strong></span> <span class='ocrx_word' id='word_1_619' title='bbox 1294 2444 1379 2512; x_wconf 90' lang='lat' dir='ltr'><strong>dicta,</strong></span> <span class='ocrx_word' id='word_1_620' title='bbox 1394 2443 1562 2509; x_wconf 84' lang='lat' dir='ltr'><strong>referamus,</strong></span> <span class='ocrx_word' id='word_1_621' title='bbox 1581 2442 1615 2497; x_wconf 91' lang='lat' dir='ltr'><strong>hi</strong></span> <span class='ocrx_word' id='word_1_622' title='bbox 1635 2441 1762 2497; x_wconf 91' lang='lat' dir='ltr'><strong>numeri</strong></span> <span class='ocrx_word' id='word_1_623' title='bbox 1777 2440 1889 2497; x_wconf 82' lang='lat' dir='ltr'><strong>rationis</strong></span> 
     </span>
     <span class='ocr_line' id='line_1_90' title="bbox 1029 2530 1888 2606; baseline -0.003 -19"><span class='ocrx_word' id='word_1_624' title='bbox 1029 2533 1243 2606; x_wconf 89' lang='lat' dir='ltr'><strong>pulchritudine</strong></span> <span class='ocrx_word' id='word_1_625' title='bbox 1259 2533 1467 2605; x_wconf 85' lang='lat' dir='ltr'><strong>preminent,a</strong></span> <span class='ocrx_word' id='word_1_626' title='bbox 1483 2532 1586 2605; x_wconf 89' lang='lat' dir='ltr'><strong>quibus</strong></span> <span class='ocrx_word' id='word_1_627' title='bbox 1602 2531 1629 2585; x_wconf 89' lang='lat' dir='ltr'><strong>si</strong></span> <span class='ocrx_word' id='word_1_628' title='bbox 1642 2547 1772 2603; x_wconf 89' lang='lat' dir='ltr'><strong>prorsus</strong></span> <span class='ocrx_word' id='word_1_629' title='bbox 1787 2530 1888 2585; x_wconf 81' lang='lat' dir='ltr'><strong>abscirs</strong></span> 
     </span>
     <span class='ocr_line' id='line_1_91' title="bbox 1030 2621 1888 2691; baseline -0.008 -12"><span class='ocrx_word' id='word_1_630' title='bbox 1030 2623 1175 2691; x_wconf 89' lang='lat' dir='ltr'><strong>deremur,</strong></span> <span class='ocrx_word' id='word_1_631' title='bbox 1200 2638 1265 2677; x_wconf 91' lang='lat' dir='ltr'><strong>cum</strong></span> <span class='ocrx_word' id='word_1_632' title='bbox 1286 2621 1459 2676; x_wconf 86' lang='lat' dir='ltr'><strong>inclinamur</strong></span> <span class='ocrx_word' id='word_1_633' title='bbox 1483 2621 1518 2675; x_wconf 92' lang='lat' dir='ltr'><strong>ad</strong></span> <span class='ocrx_word' id='word_1_634' title='bbox 1542 2635 1660 2691; x_wconf 88' lang='lat' dir='ltr'><strong>corpus,</strong></span> <span class='ocrx_word' id='word_1_635' title='bbox 1685 2633 1888 2690; x_wconf 76' lang='lat' dir='ltr'><strong>progressores</strong></span> 
     </span>
     <span class='ocr_line' id='line_1_92' title="bbox 1029 2706 1887 2780; baseline -0.008 -13"><span class='ocrx_word' id='word_1_636' title='bbox 1029 2727 1165 2767; x_wconf 88' lang='lat' dir='ltr'><strong>numeros</strong></span> <span class='ocrx_word' id='word_1_637' title='bbox 1179 2711 1324 2766; x_wconf 89' lang='lat' dir='ltr'><strong>sensuales</strong></span> <span class='ocrx_word' id='word_1_638' title='bbox 1338 2726 1396 2765; x_wconf 93' lang='lat' dir='ltr'><strong>non</strong></span> <span class='ocrx_word' id='word_1_639' title='bbox 1407 2708 1623 2765; x_wconf 85' lang='lat' dir='ltr'><strong>modificarent:</strong></span> <span class='ocrx_word' id='word_1_640' title='bbox 1642 2706 1697 2780; x_wconf 90' lang='lat' dir='ltr'><strong>qui</strong></span> <span class='ocrx_word' id='word_1_641' title='bbox 1715 2724 1820 2762; x_wconf 87' lang='lat' dir='ltr'><strong>rursus</strong></span> <span class='ocrx_word' id='word_1_642' title='bbox 1834 2722 1887 2761; x_wconf 74' lang='lat' dir='ltr'><strong>me</strong></span> 
     </span>
     <span class='ocr_line' id='line_1_93' title="bbox 1030 2795 1886 2872; baseline -0.009 -16"><span class='ocrx_word' id='word_1_643' title='bbox 1030 2801 1129 2856; x_wconf 91' lang='lat' dir='ltr'><strong>vendis</strong></span> <span class='ocrx_word' id='word_1_644' title='bbox 1153 2799 1318 2872; x_wconf 89' lang='lat' dir='ltr'><strong>corporibus</strong></span> <span class='ocrx_word' id='word_1_645' title='bbox 1337 2804 1428 2872; x_wconf 80' lang='lat' dir='ltr'><strong>agunt</strong></span> <span class='ocrx_word' id='word_1_646' title='bbox 1446 2797 1595 2853; x_wconf 90' lang='lat' dir='ltr'><strong>sensibiles</strong></span> <span class='ocrx_word' id='word_1_647' title='bbox 1621 2801 1799 2868; x_wconf 87' lang='lat' dir='ltr'><strong>temporum</strong></span> <span class='ocrx_word' id='word_1_648' title='bbox 1827 2795 1886 2866; x_wconf 89' lang='lat' dir='ltr'><strong>pul·</strong></span> 
     </span>
     <span class='ocr_line' id='line_1_94' title="bbox 1030 2884 1885 2959; baseline -0.005 -17"><span class='ocrx_word' id='word_1_649' title='bbox 1030 2886 1223 2943; x_wconf 76' lang='lat' dir='ltr'><strong>claritudines:</strong></span> <span class='ocrx_word' id='word_1_650' title='bbox 1245 2891 1331 2959; x_wconf 90' lang='lat' dir='ltr'><strong>atque</strong></span> <span class='ocrx_word' id='word_1_651' title='bbox 1349 2887 1390 2941; x_wconf 89' lang='lat' dir='ltr'><strong>ita</strong></span> <span class='ocrx_word' id='word_1_652' title='bbox 1403 2884 1568 2941; x_wconf 85' lang='lat' dir='ltr'><strong>sonantibus</strong></span> <span class='ocrx_word' id='word_1_653' title='bbox 1583 2884 1664 2938; x_wconf 92' lang='lat' dir='ltr'><strong>obvii</strong></span> <span class='ocrx_word' id='word_1_654' title='bbox 1681 2884 1778 2940; x_wconf 87' lang='lat' dir='ltr'><strong>etiam</strong></span> <span class='ocrx_word' id='word_1_655' title='bbox 1792 2899 1885 2938; x_wconf 75' lang='lat' dir='ltr'><strong>occur</strong></span> 
     </span>
     <span class='ocr_line' id='line_1_95' title="bbox 1031 2973 1885 3046; baseline -0.006 -15"><span class='ocrx_word' id='word_1_656' title='bbox 1031 2992 1108 3032; x_wconf 90' lang='lat' dir='ltr'><strong>sores</strong></span> <span class='ocrx_word' id='word_1_657' title='bbox 1124 2976 1239 3032; x_wconf 90' lang='lat' dir='ltr'><strong>numeri</strong></span> <span class='ocrx_word' id='word_1_658' title='bbox 1255 2975 1447 3042; x_wconf 76' lang='lat' dir='ltr'><strong>fabricantur3</strong></span> <span class='ocrx_word' id='word_1_659' title='bbox 1472 2990 1544 3046; x_wconf 90' lang='lat' dir='ltr'><strong>quos</strong></span> <span class='ocrx_word' id='word_1_660' title='bbox 1558 2989 1660 3028; x_wconf 90' lang='lat' dir='ltr'><strong>omues</strong></span> <span class='ocrx_word' id='word_1_661' title='bbox 1677 2973 1813 3045; x_wconf 89' lang='lat' dir='ltr'><strong>impetus</strong></span> <span class='ocrx_word' id='word_1_662' title='bbox 1827 2988 1885 3028; x_wconf 85' lang='lat' dir='ltr'><strong>suos</strong></span> 
     </span>
     <span class='ocr_line' id='line_1_96' title="bbox 1030 3060 1885 3136; baseline -0.006 -15"><span class='ocrx_word' id='word_1_663' title='bbox 1030 3066 1128 3122; x_wconf 89' lang='lat' dir='ltr'><strong>eedem</strong></span> <span class='ocrx_word' id='word_1_664' title='bbox 1150 3065 1247 3120; x_wconf 89' lang='lat' dir='ltr'><strong>anima</strong></span> <span class='ocrx_word' id='word_1_665' title='bbox 1267 3064 1420 3136; x_wconf 83' lang='lat' dir='ltr'><strong>excipiens,</strong></span> <span class='ocrx_word' id='word_1_666' title='bbox 1444 3061 1526 3135; x_wconf 85' lang='lat' dir='ltr'><strong>quasi</strong></span> <span class='ocrx_word' id='word_1_667' title='bbox 1545 3061 1727 3133; x_wconf 85' lang='lat' dir='ltr'><strong>multiplicet</strong></span> <span class='ocrx_word' id='word_1_668' title='bbox 1741 3062 1774 3117; x_wconf 91' lang='lat' dir='ltr'><strong>in</strong></span> <span class='ocrx_word' id='word_1_669' title='bbox 1788 3060 1885 3133; x_wconf 83' lang='lat' dir='ltr'><strong>seipse,</strong></span> 
     </span>
     <span class='ocr_line' id='line_1_97' title="bbox 1030 3149 1883 3224; baseline -0.008 -14"><span class='ocrx_word' id='word_1_670' title='bbox 1030 3158 1059 3210; x_wconf 92' lang='lat' dir='ltr'><strong>et</strong></span> <span class='ocrx_word' id='word_1_671' title='bbox 1073 3154 1263 3210; x_wconf 84' lang='lat' dir='ltr'><strong>recordabiles</strong></span> <span class='ocrx_word' id='word_1_672' title='bbox 1277 3153 1361 3208; x_wconf 88' lang='lat' dir='ltr'><strong>lacit:</strong></span> <span class='ocrx_word' id='word_1_673' title='bbox 1387 3168 1451 3224; x_wconf 85' lang='lat' dir='ltr'><strong>que</strong></span> <span class='ocrx_word' id='word_1_674' title='bbox 1469 3151 1512 3206; x_wconf 82' lang='lat' dir='ltr'><strong>ris</strong></span> <span class='ocrx_word' id='word_1_675' title='bbox 1527 3151 1589 3222; x_wconf 89' lang='lat' dir='ltr'><strong>ejus</strong></span> <span class='ocrx_word' id='word_1_676' title='bbox 1612 3149 1762 3204; x_wconf 87' lang='lat' dir='ltr'><strong>memoria</strong></span> <span class='ocrx_word' id='word_1_677' title='bbox 1776 3149 1883 3214; x_wconf 86' lang='lat' dir='ltr'><strong>dicitur,</strong></span> 
     </span>
     <span class='ocr_line' id='line_1_98' title="bbox 1030 3237 1885 3314; baseline -0.007 -16"><span class='ocrx_word' id='word_1_678' title='bbox 1030 3258 1169 3314; x_wconf 81' lang='lat' dir='ltr'><strong>magnum</strong></span> <span class='ocrx_word' id='word_1_679' title='bbox 1180 3242 1323 3314; x_wconf 88' lang='lat' dir='ltr'><strong>quoddam</strong></span> <span class='ocrx_word' id='word_1_680' title='bbox 1338 3239 1514 3312; x_wconf 84' lang='lat' dir='ltr'><strong>adjutorium</strong></span> <span class='ocrx_word' id='word_1_681' title='bbox 1525 3239 1556 3294; x_wconf 93' lang='lat' dir='ltr'><strong>in</strong></span> <span class='ocrx_word' id='word_1_682' title='bbox 1569 3238 1660 3309; x_wconf 86' lang='lat' dir='ltr'><strong>hujus</strong></span> <span class='ocrx_word' id='word_1_683' title='bbox 1677 3238 1749 3294; x_wconf 86' lang='lat' dir='ltr'><strong>vite</strong></span> <span class='ocrx_word' id='word_1_684' title='bbox 1758 3237 1885 3311; x_wconf 75' lang='lat' dir='ltr'><strong>negotio·</strong></span> 
     </span>
     <span class='ocr_line' id='line_1_99' title="bbox 1031 3330 1285 3386; baseline 0 0"><span class='ocrx_word' id='word_1_685' title='bbox 1031 3330 1151 3386; x_wconf 89' lang='lat' dir='ltr'><strong>sissimis</strong></span> <span class='ocrx_word' id='word_1_686' title='bbox 1165 3330 1285 3386; x_wconf 88' lang='lat' dir='ltr'><strong>actibus.</strong></span> 
     </span>
    </p>

    <p class='ocr_par' dir='ltr' id='par_1_23' title="bbox 1030 3414 1887 5089">
     <span class='ocr_line' id='line_1_100' title="bbox 1067 3414 1885 3491; baseline -0.005 -17"><span class='ocrx_word' id='word_1_687' title='bbox 1067 3421 1110 3475; x_wconf 76' lang='lat'><strong>32.</strong></span> <span class='ocrx_word' id='word_1_688' title='bbox 1138 3421 1203 3474; x_wconf 85' lang='lat' dir='ltr'><strong>llec</strong></span> <span class='ocrx_word' id='word_1_689' title='bbox 1226 3419 1315 3491; x_wconf 77' lang='lat' dir='ltr'><strong>igitur</strong></span> <span class='ocrx_word' id='word_1_690' title='bbox 1337 3418 1476 3474; x_wconf 89' lang='lat' dir='ltr'><strong>memoria</strong></span> <span class='ocrx_word' id='word_1_691' title='bbox 1494 3431 1690 3488; x_wconf 86' lang='lat' dir='ltr'><strong>quecumque</strong></span> <span class='ocrx_word' id='word_1_692' title='bbox 1712 3417 1750 3472; x_wconf 89' lang='lat' dir='ltr'><strong>de</strong></span> <span class='ocrx_word' id='word_1_693' title='bbox 1767 3414 1885 3471; x_wconf 86' lang='lat' dir='ltr'><strong>motibus</strong></span> 
     </span>
     <span class='ocr_line' id='line_1_101' title="bbox 1031 3503 1885 3580; baseline -0.007 -17"><span class='ocrx_word' id='word_1_694' title='bbox 1031 3507 1122 3564; x_wconf 90' lang='lat' dir='ltr'><strong>animi</strong></span> <span class='ocrx_word' id='word_1_695' title='bbox 1145 3511 1233 3576; x_wconf 87' lang='lat' dir='ltr'><strong>tenet,</strong></span> <span class='ocrx_word' id='word_1_696' title='bbox 1259 3507 1309 3580; x_wconf 89' lang='lat' dir='ltr'><strong>qui</strong></span> <span class='ocrx_word' id='word_1_697' title='bbox 1337 3508 1471 3563; x_wconf 89' lang='lat' dir='ltr'><strong>adversus</strong></span> <span class='ocrx_word' id='word_1_698' title='bbox 1496 3505 1645 3577; x_wconf 87' lang='lat' dir='ltr'><strong>passiones</strong></span> <span class='ocrx_word' id='word_1_699' title='bbox 1676 3506 1813 3577; x_wconf 85' lang='lat' dir='ltr'><strong>corporis</strong></span> <span class='ocrx_word' id='word_1_700' title='bbox 1837 3503 1885 3558; x_wconf 89' lang='lat' dir='ltr'><strong>acti</strong></span> 
     </span>
     <span class='ocr_line' id='line_1_102' title="bbox 1031 3593 1886 3669; baseline -0.005 -18"><span class='ocrx_word' id='word_1_701' title='bbox 1031 3601 1099 3651; x_wconf 89' lang='lat' dir='ltr'><strong>sunt</strong></span> <span class='ocrx_word' id='word_1_702' title='bbox 1112 3604 1241 3669; x_wconf 72' lang='grc' dir='ltr'>φανιασιιι</span> <span class='ocrx_word' id='word_1_703' title='bbox 1260 3612 1353 3669; x_wconf 77' lang='lat' dir='ltr'><strong>grece</strong></span> <span class='ocrx_word' id='word_1_704' title='bbox 1376 3601 1531 3662; x_wconf 87' lang='lat' dir='ltr'><strong>vocentur;</strong></span> <span class='ocrx_word' id='word_1_705' title='bbox 1547 3610 1601 3649; x_wconf 87' lang='lat' dir='ltr'><strong>nec</strong></span> <span class='ocrx_word' id='word_1_706' title='bbox 1621 3594 1746 3649; x_wconf 90' lang='lat' dir='ltr'><strong>invenio</strong></span> <span class='ocrx_word' id='word_1_707' title='bbox 1760 3593 1831 3665; x_wconf 90' lang='lat' dir='ltr'><strong>quid</strong></span> <span class='ocrx_word' id='word_1_708' title='bbox 1845 3608 1886 3646; x_wconf 85' lang='lat' dir='ltr'><strong>eas</strong></span> 
     </span>
     <span class='ocr_line' id='line_1_103' title="bbox 1030 3683 1885 3757; baseline -0.006 -16"><span class='ocrx_word' id='word_1_709' title='bbox 1030 3687 1121 3741; x_wconf 91' lang='lat' dir='ltr'><strong>latine</strong></span> <span class='ocrx_word' id='word_1_710' title='bbox 1135 3686 1234 3741; x_wconf 88' lang='lat' dir='ltr'><strong>malim</strong></span> <span class='ocrx_word' id='word_1_711' title='bbox 1248 3701 1366 3742; x_wconf 82' lang='lat' dir='ltr'><strong>vocare:</strong></span> <span class='ocrx_word' id='word_1_712' title='bbox 1380 3701 1450 3757; x_wconf 89' lang='lat' dir='ltr'><strong>quas</strong></span> <span class='ocrx_word' id='word_1_713' title='bbox 1464 3701 1517 3755; x_wconf 90' lang='lat' dir='ltr'><strong>pro</strong></span> <span class='ocrx_word' id='word_1_714' title='bbox 1531 3683 1654 3755; x_wconf 81' lang='lat' dir='ltr'><strong>cognitis</strong></span> <span class='ocrx_word' id='word_1_715' title='bbox 1676 3683 1791 3738; x_wconf 90' lang='lat' dir='ltr'><strong>habere</strong></span> <span class='ocrx_word' id='word_1_716' title='bbox 1806 3687 1885 3752; x_wconf 85' lang='lat' dir='ltr'><strong>atquc</strong></span> 
     </span>
     <span class='ocr_line' id='line_1_104' title="bbox 1031 3770 1884 3847; baseline -0.006 -18"><span class='ocrx_word' id='word_1_717' title='bbox 1031 3790 1085 3845; x_wconf 91' lang='lat' dir='ltr'><strong>pro</strong></span> <span class='ocrx_word' id='word_1_718' title='bbox 1099 3775 1242 3846; x_wconf 88' lang='lat' dir='ltr'><strong>perceptis</strong></span> <span class='ocrx_word' id='word_1_719' title='bbox 1262 3773 1416 3847; x_wconf 88' lang='lat' dir='ltr'><strong>opinabilis</strong></span> <span class='ocrx_word' id='word_1_720' title='bbox 1429 3773 1488 3828; x_wconf 90' lang='lat' dir='ltr'><strong>vita</strong></span> <span class='ocrx_word' id='word_1_721' title='bbox 1501 3776 1544 3827; x_wconf 89' lang='lat' dir='ltr'><strong>est</strong></span> <span class='ocrx_word' id='word_1_722' title='bbox 1557 3771 1578 3835; x_wconf 80' lang='lat'><strong>¹,</strong></span> <span class='ocrx_word' id='word_1_723' title='bbox 1593 3771 1758 3827; x_wconf 89' lang='lat' dir='ltr'><strong>constitute</strong></span> <span class='ocrx_word' id='word_1_724' title='bbox 1780 3770 1813 3827; x_wconf 94' lang='lat' dir='ltr'><strong>in</strong></span> <span class='ocrx_word' id='word_1_725' title='bbox 1830 3772 1884 3842; x_wconf 89' lang='lat' dir='ltr'><strong>ipso</strong></span> 
     </span>
     <span class='ocr_line' id='line_1_105' title="bbox 1032 3858 1885 3922; baseline -0.008 -4"><span class='ocrx_word' id='word_1_726' title='bbox 1032 3861 1138 3918; x_wconf 88' lang='lat' dir='ltr'><strong>erroris</strong></span> <span class='ocrx_word' id='word_1_727' title='bbox 1153 3861 1283 3918; x_wconf 89' lang='lat' dir='ltr'><strong>introitu.</strong></span> <span class='ocrx_word' id='word_1_728' title='bbox 1298 3862 1353 3918; x_wconf 90' lang='lat' dir='ltr'><strong>Sed</strong></span> <span class='ocrx_word' id='word_1_729' title='bbox 1367 3877 1432 3917; x_wconf 90' lang='lat' dir='ltr'><strong>cum</strong></span> <span class='ocrx_word' id='word_1_730' title='bbox 1443 3858 1498 3915; x_wconf 92' lang='lat' dir='ltr'><strong>sibi</strong></span> <span class='ocrx_word' id='word_1_731' title='bbox 1506 3859 1555 3914; x_wconf 92' lang='lat' dir='ltr'><strong>isti</strong></span> <span class='ocrx_word' id='word_1_732' title='bbox 1568 3863 1667 3914; x_wconf 89' lang='lat' dir='ltr'><strong>motus</strong></span> <span class='ocrx_word' id='word_1_733' title='bbox 1680 3864 1847 3922; x_wconf 85' lang='lat' dir='ltr'><strong>occursant,</strong></span> <span class='ocrx_word' id='word_1_734' title='bbox 1861 3863 1885 3912; x_wconf 83' lang='lat' dir='ltr'><strong>et</strong></span> 
     </span>
     <span class='ocr_line' id='line_1_106' title="bbox 1031 3947 1884 4022; baseline -0.006 -16"><span class='ocrx_word' id='word_1_735' title='bbox 1031 3954 1178 4022; x_wconf 89' lang='lat' dir='ltr'><strong>tamquam</strong></span> <span class='ocrx_word' id='word_1_736' title='bbox 1194 3951 1311 4007; x_wconf 92' lang='lat' dir='ltr'><strong>diversis</strong></span> <span class='ocrx_word' id='word_1_737' title='bbox 1331 3954 1359 4006; x_wconf 89' lang='lat' dir='ltr'><strong>et</strong></span> <span class='ocrx_word' id='word_1_738' title='bbox 1378 3949 1607 4021; x_wconf 76' lang='lat' dir='ltr'><strong>repugnantibus</strong></span> <span class='ocrx_word' id='word_1_739' title='bbox 1621 3948 1802 4004; x_wconf 87' lang='lat' dir='ltr'><strong>intentionis</strong></span> <span class='ocrx_word' id='word_1_740' title='bbox 1819 3947 1884 4003; x_wconf 87' lang='lat' dir='ltr'><strong>ltali-</strong></span> 
     </span>
     <span class='ocr_line' id='line_1_107' title="bbox 1031 4037 1884 4110; baseline -0.008 -13"><span class='ocrx_word' id='word_1_741' title='bbox 1031 4041 1086 4097; x_wconf 91' lang='lat' dir='ltr'><strong>bus</strong></span> <span class='ocrx_word' id='word_1_742' title='bbox 1100 4045 1232 4109; x_wconf 74' lang='lat' dir='ltr'><strong>aestuant,</strong></span> <span class='ocrx_word' id='word_1_743' title='bbox 1252 4041 1323 4097; x_wconf 90' lang='lat' dir='ltr'><strong>alios</strong></span> <span class='ocrx_word' id='word_1_744' title='bbox 1338 4057 1370 4095; x_wconf 84' lang='lat' dir='ltr'><strong>er</strong></span> <span class='ocrx_word' id='word_1_745' title='bbox 1394 4040 1456 4096; x_wconf 87' lang='lat' dir='ltr'><strong>aliis</strong></span> <span class='ocrx_word' id='word_1_746' title='bbox 1475 4043 1571 4095; x_wconf 92' lang='lat' dir='ltr'><strong>motus</strong></span> <span class='ocrx_word' id='word_1_747' title='bbox 1589 4037 1736 4109; x_wconf 90' lang='lat' dir='ltr'><strong>pariunt;</strong></span> <span class='ocrx_word' id='word_1_748' title='bbox 1757 4055 1821 4095; x_wconf 91' lang='lat' dir='ltr'><strong>non</strong></span> <span class='ocrx_word' id='word_1_749' title='bbox 1831 4039 1884 4110; x_wconf 88' lang='lat' dir='ltr'><strong>jan</strong></span> 
     </span>
     <span class='ocr_line' id='line_1_108' title="bbox 1033 4126 1885 4203; baseline -0.011 -16"><span class='ocrx_word' id='word_1_750' title='bbox 1033 4147 1081 4187; x_wconf 87' lang='lat' dir='ltr'><strong>eos</strong></span> <span class='ocrx_word' id='word_1_751' title='bbox 1094 4130 1145 4203; x_wconf 93' lang='lat' dir='ltr'><strong>qui</strong></span> <span class='ocrx_word' id='word_1_752' title='bbox 1155 4134 1289 4187; x_wconf 87' lang='lat' dir='ltr'><strong>tenentur</strong></span> <span class='ocrx_word' id='word_1_753' title='bbox 1302 4146 1335 4185; x_wconf 85' lang='lat' dir='ltr'><strong>ex</strong></span> <span class='ocrx_word' id='word_1_754' title='bbox 1346 4128 1561 4184; x_wconf 81' lang='lat' dir='ltr'><strong>occursionibus</strong></span> <span class='ocrx_word' id='word_1_755' title='bbox 1573 4126 1750 4199; x_wconf 86' lang='lat' dir='ltr'><strong>passionum</strong></span> <span class='ocrx_word' id='word_1_756' title='bbox 1763 4126 1885 4199; x_wconf 87' lang='lat' dir='ltr'><strong>corporis</strong></span> 
     </span>
     <span class='ocr_line' id='line_1_109' title="bbox 1032 4214 1885 4291; baseline -0.006 -17"><span class='ocrx_word' id='word_1_757' title='bbox 1032 4219 1165 4291; x_wconf 90' lang='lat' dir='ltr'><strong>impressi</strong></span> <span class='ocrx_word' id='word_1_758' title='bbox 1178 4220 1213 4275; x_wconf 91' lang='lat' dir='ltr'><strong>de</strong></span> <span class='ocrx_word' id='word_1_759' title='bbox 1229 4218 1369 4285; x_wconf 90' lang='lat' dir='ltr'><strong>sensibus,</strong></span> <span class='ocrx_word' id='word_1_760' title='bbox 1387 4217 1494 4272; x_wconf 92' lang='lat' dir='ltr'><strong>similes</strong></span> <span class='ocrx_word' id='word_1_761' title='bbox 1507 4221 1605 4272; x_wconf 88' lang='lat' dir='ltr'><strong>tamen</strong></span> <span class='ocrx_word' id='word_1_762' title='bbox 1618 4220 1769 4288; x_wconf 90' lang='lat' dir='ltr'><strong>tanquam</strong></span> <span class='ocrx_word' id='word_1_763' title='bbox 1784 4214 1885 4286; x_wconf 77' lang='lat' dir='ltr'><strong>imagi·</strong></span> 
     </span>
     <span class='ocr_line' id='line_1_110' title="bbox 1032 4303 1886 4380; baseline -0.008 -16"><span class='ocrx_word' id='word_1_764' title='bbox 1032 4323 1102 4364; x_wconf 91' lang='lat' dir='ltr'><strong>uum</strong></span> <span class='ocrx_word' id='word_1_765' title='bbox 1118 4307 1269 4379; x_wconf 77' lang='lat' dir='ltr'><strong>imagines,</strong></span> <span class='ocrx_word' id='word_1_766' title='bbox 1291 4324 1356 4379; x_wconf 88' lang='lat' dir='ltr'><strong>que</strong></span> <span class='ocrx_word' id='word_1_767' title='bbox 1370 4306 1569 4380; x_wconf 87' lang='lat' dir='ltr'><strong>phantasmata</strong></span> <span class='ocrx_word' id='word_1_768' title='bbox 1588 4303 1645 4359; x_wconf 88' lang='lat' dir='ltr'><strong>dici</strong></span> <span class='ocrx_word' id='word_1_769' title='bbox 1660 4304 1788 4375; x_wconf 86' lang='lat' dir='ltr'><strong>placuit.</strong></span> <span class='ocrx_word' id='word_1_770' title='bbox 1804 4303 1886 4358; x_wconf 81' lang='lat' dir='ltr'><strong>atitar</strong></span> 
     </span>
     <span class='ocr_line' id='line_1_111' title="bbox 1034 4392 1887 4468; baseline -0.008 -15"><span class='ocrx_word' id='word_1_771' title='bbox 1034 4398 1112 4453; x_wconf 90' lang='lat' dir='ltr'><strong>enim</strong></span> <span class='ocrx_word' id='word_1_772' title='bbox 1135 4397 1228 4468; x_wconf 82' lang='lat' dir='ltr'><strong>cogito</strong></span> <span class='ocrx_word' id='word_1_773' title='bbox 1253 4400 1365 4468; x_wconf 84' lang='lat' dir='ltr'><strong>patrem</strong></span> <span class='ocrx_word' id='word_1_774' title='bbox 1389 4410 1488 4449; x_wconf 90' lang='lat' dir='ltr'><strong>meum</strong></span> <span class='ocrx_word' id='word_1_775' title='bbox 1509 4407 1595 4465; x_wconf 90' lang='lat' dir='ltr'><strong>quem</strong></span> <span class='ocrx_word' id='word_1_776' title='bbox 1616 4407 1699 4463; x_wconf 83' lang='lat' dir='ltr'><strong>sepe</strong></span> <span class='ocrx_word' id='word_1_777' title='bbox 1724 4392 1797 4462; x_wconf 88' lang='lat' dir='ltr'><strong>vidi,</strong></span> <span class='ocrx_word' id='word_1_778' title='bbox 1811 4392 1887 4447; x_wconf 84' lang='lat' dir='ltr'><strong>aliter</strong></span> 
     </span>
     <span class='ocr_line' id='line_1_112' title="bbox 1033 4480 1886 4558; baseline -0.007 -16"><span class='ocrx_word' id='word_1_779' title='bbox 1033 4502 1119 4543; x_wconf 89' lang='lat' dir='ltr'><strong>avum</strong></span> <span class='ocrx_word' id='word_1_780' title='bbox 1130 4503 1215 4558; x_wconf 90' lang='lat' dir='ltr'><strong>quem</strong></span> <span class='ocrx_word' id='word_1_781' title='bbox 1228 4500 1378 4557; x_wconf 88' lang='lat' dir='ltr'><strong>nunquam</strong></span> <span class='ocrx_word' id='word_1_782' title='bbox 1389 4483 1457 4538; x_wconf 92' lang='lat' dir='ltr'><strong>vidi.</strong></span> <span class='ocrx_word' id='word_1_783' title='bbox 1470 4483 1577 4538; x_wconf 86' lang='lat' dir='ltr'><strong>llorum</strong></span> <span class='ocrx_word' id='word_1_784' title='bbox 1592 4480 1726 4553; x_wconf 91' lang='lat' dir='ltr'><strong>primum</strong></span> <span class='ocrx_word' id='word_1_785' title='bbox 1737 4480 1886 4553; x_wconf 84' lang='lat' dir='ltr'><strong>phantasia</strong></span> 
     </span>
     <span class='ocr_line' id='line_1_113' title="bbox 1034 4570 1884 4646; baseline -0.009 -15"><span class='ocrx_word' id='word_1_786' title='bbox 1034 4580 1087 4646; x_wconf 87' lang='lat' dir='ltr'><strong>est,</strong></span> <span class='ocrx_word' id='word_1_787' title='bbox 1103 4576 1224 4631; x_wconf 89' lang='lat' dir='ltr'><strong>alterum</strong></span> <span class='ocrx_word' id='word_1_788' title='bbox 1247 4575 1427 4646; x_wconf 87' lang='lat' dir='ltr'><strong>phantasma.</strong></span> <span class='ocrx_word' id='word_1_789' title='bbox 1448 4572 1521 4627; x_wconf 91' lang='lat' dir='ltr'><strong>lllud</strong></span> <span class='ocrx_word' id='word_1_790' title='bbox 1543 4571 1573 4626; x_wconf 91' lang='lat' dir='ltr'><strong>in</strong></span> <span class='ocrx_word' id='word_1_791' title='bbox 1596 4571 1745 4627; x_wconf 89' lang='lat' dir='ltr'><strong>memoria</strong></span> <span class='ocrx_word' id='word_1_792' title='bbox 1765 4570 1884 4634; x_wconf 86' lang='lat' dir='ltr'><strong>invenio,</strong></span> 
     </span>
     <span class='ocr_line' id='line_1_114' title="bbox 1034 4659 1885 4732; baseline -0.006 -12"><span class='ocrx_word' id='word_1_793' title='bbox 1034 4666 1089 4720; x_wconf 91' lang='lat' dir='ltr'><strong>boc</strong></span> <span class='ocrx_word' id='word_1_794' title='bbox 1102 4665 1133 4720; x_wconf 94' lang='lat' dir='ltr'><strong>in</strong></span> <span class='ocrx_word' id='word_1_795' title='bbox 1148 4679 1182 4720; x_wconf 91' lang='lat' dir='ltr'><strong>eo</strong></span> <span class='ocrx_word' id='word_1_796' title='bbox 1196 4670 1279 4719; x_wconf 90' lang='lat' dir='ltr'><strong>motu</strong></span> <span class='ocrx_word' id='word_1_797' title='bbox 1292 4661 1390 4729; x_wconf 92' lang='lat' dir='ltr'><strong>animi,</strong></span> <span class='ocrx_word' id='word_1_798' title='bbox 1405 4661 1456 4732; x_wconf 81' lang='lat' dir='ltr'><strong>qari</strong></span> <span class='ocrx_word' id='word_1_799' title='bbox 1470 4676 1504 4715; x_wconf 88' lang='lat' dir='ltr'><strong>ex</strong></span> <span class='ocrx_word' id='word_1_800' title='bbox 1517 4659 1553 4714; x_wconf 88' lang='lat' dir='ltr'><strong>iis</strong></span> <span class='ocrx_word' id='word_1_801' title='bbox 1562 4663 1642 4714; x_wconf 88' lang='lat' dir='ltr'><strong>ortus</strong></span> <span class='ocrx_word' id='word_1_802' title='bbox 1655 4664 1702 4714; x_wconf 91' lang='lat' dir='ltr'><strong>est</strong></span> <span class='ocrx_word' id='word_1_803' title='bbox 1717 4676 1795 4732; x_wconf 90' lang='lat' dir='ltr'><strong>quos</strong></span> <span class='ocrx_word' id='word_1_804' title='bbox 1805 4660 1885 4716; x_wconf 82' lang='lat' dir='ltr'><strong>babet</strong></span> 
     </span>
     <span class='ocr_line' id='line_1_115' title="bbox 1034 4747 1885 4818; baseline -0.005 -10"><span class='ocrx_word' id='word_1_805' title='bbox 1034 4753 1185 4809; x_wconf 88' lang='lat' dir='ltr'><strong>memoria.</strong></span> <span class='ocrx_word' id='word_1_806' title='bbox 1205 4751 1353 4818; x_wconf 90' lang='lat' dir='ltr'><strong>Quomodo</strong></span> <span class='ocrx_word' id='word_1_807' title='bbox 1368 4755 1464 4805; x_wconf 89' lang='lat' dir='ltr'><strong>autem</strong></span> <span class='ocrx_word' id='word_1_808' title='bbox 1478 4749 1608 4804; x_wconf 81' lang='lat' dir='ltr'><strong>oriantur</strong></span> <span class='ocrx_word' id='word_1_809' title='bbox 1624 4747 1701 4815; x_wconf 84' lang='lat' dir='ltr'><strong>hee,</strong></span> <span class='ocrx_word' id='word_1_810' title='bbox 1718 4754 1747 4803; x_wconf 88' lang='lat' dir='ltr'><strong>st</strong></span> <span class='ocrx_word' id='word_1_811' title='bbox 1759 4749 1885 4804; x_wconf 87' lang='lat' dir='ltr'><strong>invenire</strong></span> 
     </span>
     <span class='ocr_line' id='line_1_116' title="bbox 1035 4837 1885 4913; baseline -0.007 -16"><span class='ocrx_word' id='word_1_812' title='bbox 1035 4847 1064 4898; x_wconf 90' lang='lat' dir='ltr'><strong>et</strong></span> <span class='ocrx_word' id='word_1_813' title='bbox 1074 4840 1215 4913; x_wconf 83' lang='lat' dir='ltr'><strong>explicere</strong></span> <span class='ocrx_word' id='word_1_814' title='bbox 1226 4840 1342 4896; x_wconf 83' lang='lat' dir='ltr'><strong>difficile</strong></span> <span class='ocrx_word' id='word_1_815' title='bbox 1357 4843 1408 4894; x_wconf 87' lang='lat' dir='ltr'><strong>ast.</strong></span> <span class='ocrx_word' id='word_1_816' title='bbox 1424 4837 1556 4894; x_wconf 76' lang='lat' dir='ltr'><strong>Arbitror</strong></span> <span class='ocrx_word' id='word_1_817' title='bbox 1568 4841 1680 4903; x_wconf 88' lang='lat' dir='ltr'><strong>tamen,</strong></span> <span class='ocrx_word' id='word_1_818' title='bbox 1692 4837 1773 4908; x_wconf 90' lang='lat' dir='ltr'><strong>quod</strong></span> <span class='ocrx_word' id='word_1_819' title='bbox 1786 4837 1885 4893; x_wconf 72' lang='lat' dir='ltr'><strong>sinus</strong></span> 
     </span>
     <span class='ocr_line' id='line_1_117' title="bbox 1035 4925 1884 5003; baseline -0.005 -17"><span class='ocrx_word' id='word_1_820' title='bbox 1035 4947 1122 5003; x_wconf 91' lang='lat' dir='ltr'><strong>quam</strong></span> <span class='ocrx_word' id='word_1_821' title='bbox 1138 4930 1264 4984; x_wconf 87' lang='lat' dir='ltr'><strong>bumana</strong></span> <span class='ocrx_word' id='word_1_822' title='bbox 1278 4943 1400 4998; x_wconf 86' lang='lat' dir='ltr'><strong>corpora</strong></span> <span class='ocrx_word' id='word_1_823' title='bbox 1412 4925 1557 4991; x_wconf 70' lang='lat' dir='ltr'><strong>vidissem,</strong></span> <span class='ocrx_word' id='word_1_824' title='bbox 1572 4925 1652 4980; x_wconf 89' lang='lat' dir='ltr'><strong>nullo</strong></span> <span class='ocrx_word' id='word_1_825' title='bbox 1667 4927 1759 4982; x_wconf 93' lang='lat' dir='ltr'><strong>modo</strong></span> <span class='ocrx_word' id='word_1_826' title='bbox 1774 4943 1811 4982; x_wconf 84' lang='lat' dir='ltr'><strong>ea</strong></span> <span class='ocrx_word' id='word_1_827' title='bbox 1823 4941 1884 4998; x_wconf 77' lang='lat' dir='ltr'><strong>poe·</strong></span> 
     </span>
     <span class='ocr_line' id='line_1_118' title="bbox 1034 5014 1885 5089; baseline -0.007 -15"><span class='ocrx_word' id='word_1_828' title='bbox 1034 5035 1094 5074; x_wconf 89' lang='lat' dir='ltr'><strong>sem</strong></span> <span class='ocrx_word' id='word_1_829' title='bbox 1108 5018 1214 5075; x_wconf 87' lang='lat' dir='ltr'><strong>visibili</strong></span> <span class='ocrx_word' id='word_1_830' title='bbox 1227 5017 1321 5089; x_wconf 89' lang='lat' dir='ltr'><strong>specie</strong></span> <span class='ocrx_word' id='word_1_831' title='bbox 1330 5016 1482 5088; x_wconf 79' lang='lat' dir='ltr'><strong>cogitando</strong></span> <span class='ocrx_word' id='word_1_832' title='bbox 1493 5015 1630 5085; x_wconf 78' lang='lat' dir='ltr'><strong>figurare.</strong></span> <span class='ocrx_word' id='word_1_833' title='bbox 1646 5014 1733 5078; x_wconf 88' lang='lat' dir='ltr'><strong>Quod</strong></span> <span class='ocrx_word' id='word_1_834' title='bbox 1747 5020 1847 5070; x_wconf 87' lang='lat' dir='ltr'><strong>antem</strong></span> <span class='ocrx_word' id='word_1_835' title='bbox 1856 5027 1885 5068; x_wconf 83' lang='lat' dir='ltr'><strong>ex</strong></span> 
     </span>
    </p>
   </div>
   <div class='ocr_carea' id='block_1_12' title="bbox 1035 5119 1886 5499">
    <p class='ocr_par' dir='ltr' id='par_1_24' title="bbox 1035 5119 1886 5499">
     <span class='ocr_line' id='line_1_119' title="bbox 1035 5119 1884 5193; baseline -0.011 -17"><span class='ocrx_word' id='word_1_836' title='bbox 1035 5124 1195 5176; x_wconf 86' lang='lat' dir='ltr'><strong>sertevocali</strong></span> <span class='ocrx_word' id='word_1_837' title='bbox 1203 5136 1225 5181; x_wconf 82' lang='lat' dir='ltr'><strong>e,</strong></span> <span class='ocrx_word' id='word_1_838' title='bbox 1237 5122 1299 5173; x_wconf 87' lang='lat' dir='ltr'><strong>lecit</strong></span> <span class='ocrx_word' id='word_1_839' title='bbox 1307 5125 1410 5173; x_wconf 83' lang='lat' dir='ltr'><strong>assueti.</strong></span> <span class='ocrx_word' id='word_1_840' title='bbox 1427 5120 1492 5193; x_wconf 76' lang='lat' dir='ltr'><strong>Vide</strong></span> <span class='ocrx_word' id='word_1_841' title='bbox 1503 5120 1602 5170; x_wconf 90' lang='lat' dir='ltr'><strong>librum</strong></span> <span class='ocrx_word' id='word_1_842' title='bbox 1612 5119 1644 5169; x_wconf 93' lang='lat' dir='ltr'><strong>de</strong></span> <span class='ocrx_word' id='word_1_843' title='bbox 1656 5120 1731 5169; x_wconf 87' lang='lat' dir='ltr'><strong>Vere</strong></span> <span class='ocrx_word' id='word_1_844' title='bbox 1742 5120 1884 5193; x_wconf 76' lang='lat' dir='ltr'><strong>ileligione,</strong></span> 
     </span>
     <span class='ocr_line' id='line_1_120' title="bbox 1035 5182 1886 5299; baseline -0.012 0"><span class='ocrx_word' id='word_1_845' title='bbox 1035 5182 1886 5299; x_wconf 56' lang='lat' dir='ltr'><strong>⁰⁸l·22⁹⁰·4³·¹¹litillllttt¹¹t¹ttttdtst⁰⁰⁰⁶2‘⁵*</strong></span> 
     </span>
     <span class='ocr_line' id='line_1_121' title="bbox 1035 5253 1886 5370; baseline -0.012 -7"><span class='ocrx_word' id='word_1_846' title='bbox 1035 5253 1292 5362; x_wconf 50' lang='lat' dir='ltr'><strong>cu¹ol}ilunrli&#39;niirtirrpliic</strong></span> <span class='ocrx_word' id='word_1_847' title='bbox 1304 5262 1408 5359; x_wconf 61' lang='lat' dir='ltr'><strong>iactent</strong></span> <span class='ocrx_word' id='word_1_848' title='bbox 1421 5308 1489 5357; x_wconf 90' lang='lat' dir='ltr'><strong>libri.</strong></span> <span class='ocrx_word' id='word_1_849' title='bbox 1503 5306 1535 5356; x_wconf 85' lang='lat' dir='ltr'><strong>Et</strong></span> <span class='ocrx_word' id='word_1_850' title='bbox 1544 5305 1651 5370; x_wconf 88' lang='lat' dir='ltr'><strong>quidem</strong></span> <span class='ocrx_word' id='word_1_851' title='bbox 1662 5307 1748 5356; x_wconf 88' lang='lat' dir='ltr'><strong>editio</strong></span> <span class='ocrx_word' id='word_1_852' title='bbox 1758 5306 1826 5356; x_wconf 91' lang='lat' dir='ltr'><strong>Lov.</strong></span> <span class='ocrx_word' id='word_1_853' title='bbox 1843 5305 1886 5355; x_wconf 86' lang='lat' dir='ltr'><strong>ba·</strong></span> 
     </span>
     <span class='ocr_line' id='line_1_122' title="bbox 1036 5369 1884 5438; baseline -0.006 -15"><span class='ocrx_word' id='word_1_854' title='bbox 1036 5375 1080 5425; x_wconf 93' lang='lat' dir='ltr'><strong>bet</strong></span> <span class='ocrx_word' id='word_1_855' title='bbox 1090 5387 1143 5438; x_wconf 84' lang='lat' dir='ltr'><strong>pro</strong></span> <span class='ocrx_word' id='word_1_856' title='bbox 1155 5372 1357 5435; x_wconf 80' lang='lat' dir='ltr'><strong>certtsopinatie</strong></span> <span class='ocrx_word' id='word_1_857' title='bbox 1367 5371 1482 5423; x_wconf 75' lang='lat' dir='ltr'><strong>ciscest.</strong></span> <span class='ocrx_word' id='word_1_858' title='bbox 1494 5370 1527 5420; x_wconf 90' lang='lat' dir='ltr'><strong>llt</strong></span> <span class='ocrx_word' id='word_1_859' title='bbox 1536 5370 1594 5419; x_wconf 80' lang='grc' dir='ltr'>Αιιι.</span> <span class='ocrx_word' id='word_1_860' title='bbox 1610 5369 1653 5418; x_wconf 82' lang='lat' dir='ltr'><strong>Er.</strong></span> <span class='ocrx_word' id='word_1_861' title='bbox 1664 5373 1694 5419; x_wconf 85' lang='lat' dir='ltr'><strong>et</strong></span> <span class='ocrx_word' id='word_1_862' title='bbox 1704 5369 1810 5433; x_wconf 86' lang='lat' dir='ltr'><strong>aliquot</strong></span> <span class='ocrx_word' id='word_1_863' title='bbox 1819 5369 1884 5423; x_wconf 83' lang='lat' dir='ltr'><strong>llas..</strong></span> 
     </span>
     <span class='ocr_line' id='line_1_123' title="bbox 1035 5430 1885 5499; baseline -0.007 -13"><span class='ocrx_word' id='word_1_864' title='bbox 1035 5436 1171 5499; x_wconf 82' lang='lat' dir='ltr'><strong>opinabilis</strong></span> <span class='ocrx_word' id='word_1_865' title='bbox 1179 5438 1235 5485; x_wconf 89' lang='lat' dir='ltr'><strong>utta</strong></span> <span class='ocrx_word' id='word_1_866' title='bbox 1244 5437 1294 5486; x_wconf 87' lang='lat' dir='ltr'><strong>cst.</strong></span> <span class='ocrx_word' id='word_1_867' title='bbox 1306 5432 1357 5484; x_wconf 78' lang='lat' dir='ltr'><strong>dlii</strong></span> <span class='ocrx_word' id='word_1_868' title='bbox 1365 5433 1436 5490; x_wconf 80' lang='lat' dir='ltr'><strong>lisa..</strong></span> <span class='ocrx_word' id='word_1_869' title='bbox 1447 5430 1590 5497; x_wconf 76' lang='lat' dir='ltr'><strong>opinabilis</strong></span> <span class='ocrx_word' id='word_1_870' title='bbox 1600 5433 1647 5483; x_wconf 79' lang='lat' dir='ltr'><strong>ata</strong></span> <span class='ocrx_word' id='word_1_871' title='bbox 1656 5433 1706 5482; x_wconf 81' lang='lat' dir='ltr'><strong>cst.</strong></span> <span class='ocrx_word' id='word_1_872' title='bbox 1717 5431 1834 5489; x_wconf 87' lang='lat' dir='ltr'><strong>Quidam</strong></span> <span class='ocrx_word' id='word_1_873' title='bbox 1846 5430 1885 5480; x_wconf 75' lang='lat' dir='ltr'><strong>de</strong></span> 
     </span>
    </p>
   </div>
   <div class='ocr_carea' id='block_1_13' title="bbox 1035 5495 1465 5562">
    <p class='ocr_par' dir='ltr' id='par_1_25' title="bbox 1035 5495 1465 5562">
     <span class='ocr_line' id='line_1_124' title="bbox 1035 5495 1465 5562; baseline -0.012 -12"><span class='ocrx_word' id='word_1_874' title='bbox 1035 5511 1118 5559; x_wconf 92' lang='lat' dir='ltr'><strong>mum,</strong></span> <span class='ocrx_word' id='word_1_875' title='bbox 1132 5498 1256 5562; x_wconf 83' lang='lat' dir='ltr'><strong>opluaaa,</strong></span> <span class='ocrx_word' id='word_1_876' title='bbox 1268 5495 1310 5547; x_wconf 86' lang='lat' dir='ltr'><strong>vel</strong></span> <span class='ocrx_word' id='word_1_877' title='bbox 1323 5495 1465 5561; x_wconf 61' lang='lat' dir='ltr'><strong>minutius.</strong></span> 
     </span>
    </p>
   </div>
   <div class='ocr_carea' id='block_1_14' title="bbox 0 0 1950 6112">
    <p class='ocr_par' dir='ltr' id='par_1_26' title="bbox 0 0 1950 6112">
     <span class='ocr_line' id='line_1_125' title="bbox 0 0 1950 6112; baseline 0 0"><span class='ocrx_word' id='word_1_878' title='bbox 0 0 1950 6112; x_wconf 95' lang='lat' dir='ltr'><strong> </strong></span> 
     </span>
    </p>
   </div>
  </div>
 </body>
</html>
