3884 6112
58 220 128 272 laea

55 340 231 414 quantilibet
244 339 357 395 numeri
371 340 392 407 ¹,
407 340 430 394 si
444 356 497 412 pro
510 341 568 396 suis
583 342 692 397 meritis
712 343 908 414 damnaretur,

55 433 209 500 angustare
224 428 473 498 possetjordinem,
490 429 540 501 qui
554 431 758 486 convenienter
769 436 797 486 et
809 432 908 487 decen·

56 523 101 574 ter
115 517 221 588 excipit
235 532 430 589 quoscumque
450 517 626 573 damnandos
641 517 662 573 ².
679 519 863 592 Quacumque
878 535 907 574 se

55 607 145 680 igitur
179 606 367 661 consideratio
393 610 489 662 nostra
516 608 697 674 converterit,
727 608 909 663 ineffabiliter

57 696 234 755 laudandum
250 694 360 751 invenit
374 696 465 750 Deum
480 701 647 750 naturarum
663 696 794 752 omnium
808 697 906 751 condi·

59 792 152 841 torem
168 782 321 856 optimum,
333 788 362 839 et
376 783 848 856 administratoremjustissimum.

94 877 137 930 36.
168 876 328 940 Postremo,
353 877 385 927 ut
407 871 605 944 relinquamus
634 873 908 945 contemplationem

59 960 281 1035 pulchritudinis
305 976 400 1015 rernm
416 960 451 1015 iis
471 960 521 1032 qui
541 977 604 1015 eam
620 961 716 1016 divino
731 962 850 1016 munere
865 961 907 1016 vi-

59 1052 127 1105 dere
141 1054 272 1121 possunt,
287 1065 340 1103 nec
355 1065 403 1103 eos
417 1049 466 1120 qui
481 1066 540 1104 non
549 1054 670 1121 possunt
681 1055 691 1086 ³
704 1052 738 1107 ad
751 1037 905 1108 ineffabilia

56 1138 220 1194 contuenda
236 1137 328 1192 verbis
352 1153 490 1192 conemur
511 1139 663 1206 adducere,
679 1143 707 1194 et
728 1142 826 1194 tamen
840 1155 908 1211 pro·

55 1231 121 1298 ptcr
144 1227 280 1298 loquaces
303 1229 353 1280 aut
374 1225 504 1282 infirmos
527 1231 576 1282 aut
600 1226 753 1282 insidiosos
776 1228 907 1282 honrines

55 1320 165 1370 tantam
198 1315 386 1386 questionem
418 1315 584 1371 brevissima
615 1317 810 1388 complexione
839 1332 905 1387 per·

56 1420 185 1475 agamus.
273 1403 276 1410 “

57 1493 171 1548 CAPUT
181 1493 252 1547 lllll.
266 1522 301 1534 -
315 1494 359 1547 Er
369 1496 500 1547 erueturne
512 1495 683 1562 corruptione
695 1496 720 1548 et
729 1508 763 1546 ec
772 1494 835 1547 uitii
848 1493 907 1562 ejus

181 1582 379 1650 uituperatione
394 1580 499 1636 bonitus
520 1582 608 1650 ipsius
621 1580 782 1636 ostenditur.

93 1669 193 1725 Omnis
216 1672 319 1723 natura
337 1685 401 1740 quaa
423 1668 518 1723 minus
538 1669 613 1722 bona
636 1667 698 1723 fieri
713 1671 816 1739 potest,
833 1667 908 1723 bone

56 1762 119 1825 est,
134 1761 162 1812 et
175 1756 270 1812 omnis
280 1762 382 1812 natura
392 1758 459 1812 dum
469 1757 856 1828 eorrvrmpitnr‚minusbona
865 1757 905 1811 lit.

55 1848 115 1901 Aut
125 1846 203 1900 enim
214 1862 271 1901 non
283 1845 309 1900 ei
323 1848 406 1902 nocet
416 1846 573 1915 corruptio,
590 1851 618 1900 et
629 1860 684 1900 non
699 1845 905 1917 corrumpitur;

55 1939 108 1989 ant
123 1934 146 1988 si
160 1934 365 2006 corrumpitur,
390 1938 474 1989 nocet
497 1933 525 1988 ei
547 1934 693 2005 corruptIo
709 1951 716 1988 :
733 1933 800 1989 etsi
814 1938 907 2004 nocet,

54 2022 164 2079 minuit
180 2023 289 2093 aliquid
303 2023 338 2078 de
353 2023 428 2077 bono
440 2022 512 2093 ejus,
528 2026 556 2076 ct
566 2038 629 2076 earn
644 2023 739 2077 miuus
754 2022 882 2077 bonomi
898 2051 909 2062 ·

54 2111 105 2167 cit.
119 2112 191 2166 Nam
210 2112 234 2164 si
248 2111 364 2182 penitus
378 2127 440 2166 earn
458 2110 551 2183 privat
569 2111 647 2165 omni
669 2112 757 2179 hono,
768 2111 908 2183 quidquid

54 2201 121 2272 ejus
134 2200 303 2269 remanebit,
317 2201 377 2273 jam
391 2200 538 2271 corrumpi
551 2216 611 2255 non
625 2201 744 2271 poterit;
762 2200 829 2267 qrrie
843 2202 908 2255 nul·

54 2289 119 2344 lum
135 2288 190 2343 erit
210 2289 318 2345 bonum
338 2290 420 2360 cnjus
435 2289 615 2361 ademptione
630 2288 719 2360 possit
732 2304 834 2343 nocere
848 2304 909 2344 cor·

57 2376 158 2447 ruptio
175 2394 181 2431 :
199 2375 245 2431 cui
260 2380 356 2431 antem
371 2391 429 2430 non
444 2380 537 2447 potest
552 2391 655 2431 nocere
674 2376 828 2448 corruptio,
850 2391 910 2431 non

57 2465 265 2537 corrumpitur.
290 2466 379 2525 Porro
407 2468 509 2519 natura
535 2480 599 2536 quae
622 2480 682 2519 non
707 2465 908 2536 corrumpitur,

57 2551 286 2625 incorruptibilis
314 2556 357 2607 est
380 2569 386 2607 :
411 2553 465 2608 erit
486 2569 555 2625 crgo
580 2557 691 2619 natura,
717 2553 792 2624 quod
813 2554 910 2609 absur-

58 2642 211 2698 dissimum
235 2646 278 2697 est
301 2641 404 2710 dicere,
431 2641 615 2713 corruptione
644 2640 716 2696 tacta
737 2640 909 2713 incorrupti-

56 2730 136 2786 bilis.
159 2731 340 2802 Quapropter
361 2731 435 2802 quod
456 2729 601 2785 verissime
621 2729 733 2797 dicitur,
750 2729 844 2784 omnis
858 2746 910 2784 ne·

56 2824 125 2874 tura
139 2820 320 2891 inquantum
332 2822 495 2884 naturaest,
507 2818 634 2872 boneest
648 2834 654 2871 :
667 2817 735 2889 quia
748 2816 772 2871 si
782 2816 910 2871 incorru-

55 2908 169 2980 ptibilis
185 2912 237 2975 est,
263 2907 366 2962 melior
385 2911 428 2961 est
442 2921 530 2978 quam
549 2903 757 2976 corruptibilis;
775 2905 798 2959 si
814 2909 909 2959 autern

58 2996 258 3068 corruptibilis
280 3001 333 3065 θεῖ,
355 2993 494 3068 quoniam
514 2995 582 3050 dum
607 2992 800 3065 corrumpitur
815 2992 910 3048 minus

56 3086 134 3142 bona
161 3086 204 3152 tit,
233 3084 295 3140 sine
320 3083 499 3140 dubitatione
517 3082 593 3138 bona
616 3085 667 3137 est.
693 3080 791 3138 Omnis
815 3085 909 3136 autem

56 3178 162 3230 natura
177 3177 228 3228 aut
242 3172 437 3244 corruptibilis
453 3175 505 3239 est,
526 3174 575 3226 eut
589 3169 823 3240 incorruptibilis.
839 3170 909 3225 Om-

57 3265 105 3318 nis
118 3279 186 3334 ergo
203 3267 306 3317 nature
320 3263 396 3317 bone
412 3265 453 3316 est
469 3277 475 3317 :
492 3264 624 3315 naturam
639 3276 708 3315 roco
723 3275 787 3330 qure
802 3263 831 3314 et
843 3259 909 3315 sub·

59 3350 230 3407 stantiadici
243 3349 426 3406 solet.0mnis
435 3348 524 3421 igitur
534 3347 691 3404 substantia
705 3350 756 3401 aut
765 3348 850 3413 Deus,
862 3349 911 3400 aut

58 3457 96 3495 ex
111 3441 186 3507 Ile03
203 3441 272 3512 quia
286 3439 494 3495 omnebonum
508 3442 558 3493 ant
571 3439 656 3504 Deus,
668 3440 718 3492 aut
728 3452 761 3490 ex
774 3436 843 3490 Deo.

96 3530 140 3583 37.
167 3528 275 3593 Quibus
298 3526 461 3582 constitutis
474 3530 561 3598 atque
583 3524 705 3580 firmatis
728 3528 865 3595 tanquam
880 3520 910 3575 in

58 3614 154 3687 capite
182 3614 407 3671 ratiocinationis
435 3618 553 3684 nostrae,
577 3613 691 3669 attende
715 3611 784 3683 quid
806 3609 908 3665 dicem.

59 3704 161 3760 Omnis
176 3707 279 3759 natura
288 3702 513 3768 rationalis,cum
526 3702 617 3757 libero
626 3698 782 3755 voluntatis
792 3695 910 3752 arbitrio

59 3792 187 3859 condita,
199 3792 222 3846 εἰ
236 3797 334 3847 manet
347 3791 376 3846 in
391 3791 512 3846 truendo
526 3806 639 3846 summo
654 3792 739 3861 atque
749 3787 910 3842 incommu-

58 3880 142 3937 tabili
156 3881 244 3948 bono,
261 3881 360 3953 procul
371 3879 609 3936 dubiolaudande
624 3882 680 3946 est,
697 3882 724 3932 et
738 3875 831 3931 omnis
846 3890 911 3947 quae

59 3969 154 4026 tendit
170 3973 202 4023 ut
214 3968 430 4039 maneat,etiam
446 3969 506 4040 ipse
520 3967 663 4024 laudanda
678 3969 721 4021 est
734 3983 740 4023 :
755 3964 848 4020 omnis
863 3979 911 4019 au·

58 4062 119 4114 tem
136 4074 201 4130 quae
218 4073 278 4113 non
293 4057 322 4111 in
339 4074 372 4112 eo
389 4061 495 4125 menet,
509 4060 539 4111 et
555 4071 612 4110 non
627 4055 688 4109 vult
701 4069 786 4125 agere
802 4056 834 4107 ut
848 4068 911 4107 ma·

58 4146 171 4213 neat,in
179 4150 320 4218 quantum
330 4144 370 4200 ibi
381 4160 440 4201 nou
450 4149 533 4214 θεῖ,θῖ
546 4145 575 4199 ῖε
591 4147 730 4216 quantum
744 4158 803 4197 non
815 4141 844 4196 id
852 4141 912 4212 agit

60 4237 94 4289 nt
108 4233 147 4288 ibi
162 4233 206 4300 sit,
222 4233 412 4305 vituperanda
426 4236 476 4287 est.
489 4232 518 4288 Si
533 4247 601 4303 ergo
616 4230 750 4286 laudatur
765 4228 912 4284 rationalis

61 4325 166 4376 natura
189 4337 254 4392 quae
277 4325 320 4375 θεῖ
333 4320 417 4390 iacta,
432 4335 518 4375 neruo
535 4318 647 4384 dubitat
660 4315 836 4371 laudandum
851 4330 911 4369 esse

61 4408 114 4481 qui
127 4408 208 4476 tecit;
223 4413 251 4464 et
263 4409 287 4463 si
301 4409 488 4480 vituperatur,
507 4421 590 4462 nemo
606 4403 717 4460 dubitat
730 4402 792 4473 ejus
810 4399 911 4455 Condi-

61 4497 155 4551 torem
170 4495 200 4550 in
219 4496 281 4568 ipsa
294 4496 356 4568 ejas
375 4495 585 4567 vituperatione
603 4490 724 4547 latideri.
740 4490 811 4546 Cum
835 4487 912 4543 enim

61 4588 217 4658 propterea
231 4584 426 4658 vituperamus
446 4585 531 4654 hanc,
548 4580 684 4654 quoniam
698 4593 810 4633 summo
825 4580 855 4631 et
867 4576 911 4631 in·

62 4674 265 4729 commutabili
278 4673 365 4742 bono,
380 4673 410 4729 id
425 4677 467 4729 est
482 4674 615 4729 Creatore
630 4686 682 4725 suo
696 4667 754 4723 irni
769 4681 828 4721 non
840 4664 910 4730 vult,

61 4795 142 4850 nulle
155 4800 208 4856 ert3
223 4811 282 4860 qure
301 4797 380 4848 lectio
392 4797 420 4846 in
435 4796 549 4846 editione
562 4797 624 4845 Lov.
639 4793 672 4843 ad
684 4792 830 4856 marginem
842 4786 913 4838 hand

63 4862 133 4910 recte
143 4859 240 4922 rejecta
252 4863 300 4920 est,
311 4873 372 4910 cum
385 4858 543 4923 disjunctiva
551 4855 679 4969 particule
690 4852 855 4928 sivepndicet
863 4850 914 4899 hoe

61 4934 120 4972 ease
147 4921 296 4970 membrum
322 4921 434 4970 alterum
460 4919 553 4984 opposi
566 4931 610 4968 um
631 4918 767 4982 superiori,
789 4916 847 4967 eloe
864 4925 915 4977 per

60 4982 154 5034 naviter
165 4983 202 5032 od
216 4982 265 5032 bec
278 4982 376 5046 ipsum.

98 5047 106 5079 ¹
119 5046 149 5093 ln
166 5044 302 5093 codicibus
316 5045 434 5107 quinque
452 5043 562 5094 vetustis
575 5055 623 5092 nec
638 5039 775 5092 deterioris
786 5039 856 5088 notre
870 5036 915 5086 ba·

61 5109 150 5163 betur,
165 5104 323 5167 quantilibet
334 5104 467 5156 menete.

96 5169 107 5203 ²
120 5167 163 5215 Er.
179 5169 205 5215 et
219 5166 292 5224 ιον,
301 5179 475 5238 quoscumque
486 5163 655 5216 metuendos
666 5162 771 5214 multoe
782 5160 916 5226 Expnnxi·

63 5245 124 5303 mus
139 5227 248 5300 multos,
263 5240 326 5290 qura
346 5227 487 5288 redundat,
507 5227 632 5290 abeatque
649 5240 665 5275 a
685 5223 748 5275 Bad.
763 5227 790 5274 et
809 5237 825 5274 a
847 5222 912 5271 blas.

64 5291 233 5403 quglffiiiinit
248 5351 309 5402 itas.
325 5310 443 5416 plerique
456 5353 547 5422 carent
558 5349 615 5399 istis
628 5349 724 5422 verbis,
738 5350 784 5412 qut
797 5359 851 5397 nou

64 5420 206 5529 pamas
217 5413 601 5527 ppqliriqvppquqqputavrmus
616 5426 630 5461 e
647 5410 737 5460 codice
749 5410 831 5458 altero
873 5421 916 5455 or-

206 5576 361 5654 ΙΡετεοε.
386 5572 509 5641 xxxtt.

790 217 894 275 aranu
915 200 1077 276 rnnvrus

1743 228 1812 284 tneo

963 343 1047 399 illam
1060 343 1121 400 sine
1134 346 1193 401 alle
1207 346 1384 404 dubitatione
1401 348 1560 406 laudemus.
1578 350 1723 417 Quantum
1744 370 1812 427 erge

963 432 1081 502 bonum,
1098 439 1125 489 et
1139 451 1226 506 quam
1239 437 1281 491 vel
1296 436 1480 492 ineffabiliter
1494 438 1600 510 linguis
1614 441 1758 510 omnibus,
1768 444 1813 499 vel

963 520 1147 578 ineffabiliter
1170 524 1391 596 cogitationibus
1412 526 1546 582 omnihus
1570 529 1771 600 predicandus
1785 536 1814 586 θῖ

962 610 1149 667 honorandus
1175 617 1218 667 est
1244 617 1356 669 creator
1383 614 1511 670 omnium
1535 616 1619 683 lteris,
1646 617 1708 671 sine
1732 618 1813 688 cujus

962 698 1048 755 lende
1068 716 1120 755 nec
1142 701 1437 774 leuderi'possumus,
1470 719 1520 758 nec
1545 704 1717 776 vituperari!
1749 707 1813 761 Neu

963 787 1040 842 enim
1055 789 1209 861 vituperari
1223 807 1374 862 possumus
1390 790 1458 861 quia
1475 790 1506 846 in
1518 808 1553 847 eo
1572 809 1631 847 non
1649 809 1810 861 manemus,

963 875 1018 931 nisi
1039 877 1106 948 qnia
1126 893 1264 949 magnum
1287 883 1315 933 et
1330 894 1474 933 summum
1491 883 1519 933 ct
1532 879 1660 950 primum
1680 885 1812 937 nostrum

962 962 1070 1020 bonnm
1087 968 1129 1020 est
1144 982 1260 1022 manere
1274 965 1364 1021 inille
1382 982 1388 1020 :
1405 966 1480 1021 vinde
1496 971 1591 1022 autem
1606 968 1728 1036 hoc,uisi
1745 968 1813 1040 quta

963 1051 1011 1107 ille
1027 1052 1169 1108 ineffabile
1184 1054 1292 1109 bonum
1304 1053 1367 1109 est?
1377 1055 1446 1120 Quid
1463 1071 1531 1127 ergo
1547 1056 1668 1112 inveniri
1683 1060 1775 1129 potest
1783 1057 1814 1112 in

963 1141 1069 1196 nostris
1078 1141 1202 1213 peccatis
1212 1142 1343 1197 undeitle
1354 1143 1661 1216 vituperetur,quando
1671 1145 1814 1217 vitupera·

963 1229 1002 1284 tio
1017 1234 1198 1300 peccatorum
1216 1234 1377 1285 nostrorum
1387 1231 1467 1286 nulla
1477 1232 1588 1300 est,nisi
1603 1233 1650 1288 ille
1662 1233 1814 1290 laudetur?

998 1320 1042 1373 38.
1054 1318 1137 1382 Quid,
1155 1319 1231 1390 quod
1247 1319 1333 1373 etiarn
1348 1318 1378 1373 in
1389 1319 1458 1389 ipsis
1470 1321 1555 1375 rebus
1569 1338 1633 1392 quae
1648 1322 1813 1393 vituperan-

962 1410 1017 1473 tur,
1033 1407 1141 1461 nullius
1154 1407 1335 1478 vituperatur
1358 1407 1414 1461 nisi
1435 1407 1560 1463 vitium?
1583 1410 1694 1465 Nullius
1716 1415 1812 1466 autem

963 1492 1142 1565 vituperatur
1161 1492 1274 1560 vitium,
1300 1493 1354 1547 nisi
1373 1493 1454 1564 cujus
1473 1497 1577 1549 natura
1591 1495 1733 1551 laudetur.
1758 1500 1815 1552 Aut

963 1581 1039 1636 enim
1062 1581 1218 1636 secundum
1235 1586 1367 1637 naturam
1386 1583 1522 1654 estquod
1538 1584 1699 1654 vituperas3
1713 1588 1742 1639 et
1755 1601 1813 1639 non

963 1674 1006 1724 θεῖ
1016 1668 1131 1740 vitium,
1146 1674 1235 1741 tuque
1255 1670 1347 1741 magis
1367 1670 1561 1725 emendandus
1574 1688 1613 1733 es,
1630 1676 1663 1727 ut
1676 1676 1753 1728 recte
1773 1673 1815 1727 vi·

963 1761 1097 1829 inperare
1107 1757 1230 1825 noveris,
1238 1773 1323 1829 quarn
1332 1758 1404 1812 illud
1414 1759 1490 1829 quod
1502 1764 1643 1815 nonrecte
1652 1759 1812 1833 vituperas;

964 1850 1013 1900 aut
1039 1845 1062 1899 si
1086 1845 1188 1901 vitium
1216 1849 1267 1912 est,
1291 1850 1324 1900 εῖ
1345 1850 1420 1901 recte
1441 1846 1599 1918 vituperari
1613 1847 1711 1919 possit,
1727 1849 1812 1902 etiam

963 1938 1059 1990 contra
1075 1938 1207 1989 naturam
1222 1935 1258 1988 sit
1274 1950 1387 1990 neeesse
1404 1938 1455 1990 est.
1473 1935 1562 1990 Omne
1578 1934 1685 2007 qnippe
1699 1935 1812 2002 vitiam,

964 2039 998 2078 eu
1014 2021 1076 2094 ipso
1091 2039 1148 2095 qno
1163 2021 1264 2077 vitium
1286 2025 1339 2088 est,
1354 2029 1455 2076 contra
1475 2025 1608 2076 naturam
1623 2026 1675 2077 est.
1690 2022 1720 2077 Si
1735 2023 1812 2077 enim

963 2116 1073 2166 natvrrae
1086 2127 1145 2166 nen
1159 2115 1253 2179 nocet,
1267 2126 1320 2165 nec
1335 2110 1435 2165 vitium
1447 2114 1502 2178 est;
1515 2111 1815 2183 sieutemquianocet

964 2196 1030 2253 ideo
1045 2198 1147 2254 vitium
1163 2201 1215 2266 est,
1231 2197 1296 2252 ideo
1310 2197 1411 2253 vitium
1427 2202 1471 2252 est
1484 2198 1553 2270 quia
1566 2203 1665 2255 contra
1680 2202 1813 2255 naturam

965 2291 1015 2341 est.
1032 2286 1150 2351 Quodsi
1170 2302 1229 2341 non
1245 2303 1307 2353 suo,
1332 2286 1382 2340 sed
1397 2286 1491 2341 alieno
1513 2286 1582 2342 vitio
1603 2287 1699 2360 eliqua
1712 2291 1815 2344 natura

965 2376 1169 2444 corrumpitur,
1193 2375 1299 2446 injuste
1322 2374 1511 2446 vituperatur,
1529 2379 1557 2430 et
1569 2377 1757 2447 quaerendam
1772 2381 1816 2432 θεῖ

965 2469 1063 2518 utrum
1084 2463 1134 2518 illa
1160 2467 1263 2518 natura
1287 2478 1344 2518 nen
1358 2467 1559 2535 corrumpatur
1572 2464 1640 2519 vitio
1656 2481 1717 2530 suo,
1735 2464 1815 2536 cujus

964 2551 1033 2606 vitio
1060 2549 1154 2623 potuit
1178 2551 1273 2606 aliena
1298 2555 1399 2606 natare
1422 2552 1577 2624 corrumpi.
1604 2552 1658 2608 Sed
1680 2553 1749 2624 quid
1773 2556 1816 2608 est

965 2639 1043 2696 aliud
1065 2640 1169 2708 vitiari,
1186 2640 1248 2695 ,nisi
1262 2639 1332 2694 vitio
1347 2638 1512 2711 corrumpi?
1531 2641 1620 2694 Porro
1632 2643 1735 2695 natura
1750 2656 1815 2710 quae

965 2744 1023 2783 non
1045 2727 1171 2796 vitiatur,
1193 2731 1271 2781 caret
1291 2725 1362 2781 vitio
1384 2741 1390 2783 :
1416 2727 1497 2797 cujus
1519 2731 1615 2782 autem
1637 2727 1706 2781 vitio
1721 2726 1816 2782 aliena

965 2819 1067 2869 natura
1083 2814 1287 2885 corrumpitur,
1313 2813 1398 2869 habet
1414 2814 1513 2885 ntique
1525 2814 1636 2869 vitiam.
1653 2815 1734 2869 Prior
1747 2830 1815 2884 ergo

945 2941 951 2952 .
966 2900 1065 2955 vitiosa
1079 2905 1132 2968 θεῖ,
1157 2905 1185 2955 et
1206 2901 1288 2971 prior
1302 2899 1497 2971 corrumpitur
1510 2900 1579 2955 vitio
1593 2916 1655 2968 suo,
1676 2901 1757 2973 cujus
1770 2901 1812 2955 ri-

965 2989 1005 3044 tio
1025 2989 1081 3044 alia
1104 3005 1219 3061 quoque
1241 2988 1384 3060 corrumpi
1407 2992 1510 3059 potest.
1529 2990 1566 3044 Er
1581 3005 1638 3061 quo
1658 2989 1813 3060 colligitur,

965 3080 1065 3133 contra
1079 3080 1210 3132 naturam
1226 3091 1287 3130 esse
1301 3090 1387 3129 omne
1401 3074 1514 3141 vitium,
1530 3074 1616 3130 etiem
1632 3075 1694 3147 ejus
1708 3075 1750 3129 rei
1764 3091 1814 3130 cu·

963 3167 1010 3240 jus
1030 3170 1073 3220 est
1095 3164 1207 3220 vitium.
1229 3164 1418 3236 Quapropter,
1434 3164 1572 3236 qnoniam
1587 3163 1616 3220 in
1632 3179 1813 3236 quacumque

966 3271 995 3311 re
1009 3271 1068 3311 non
1082 3254 1261 3324 vituperatur
1274 3252 1330 3306 nisi
1345 3251 1524 3322 vitium,ideo
1538 3255 1633 3308 autem
1645 3253 1749 3308 vitiant
1761 3256 1814 3320 θεῖ,

966 3344 1034 3416 quia
1056 3346 1155 3398 contra
1178 3346 1311 3397 naturam
1330 3339 1392 3412 ejus
1413 3339 1455 3395 rei
1474 3345 1517 3396 est
1540 3341 1621 3412 cujus
1644 3343 1687 3396 est
1700 3340 1813 3407 vidum,

966 3431 1073 3487 nullius
1099 3430 1137 3485 rei
1161 3434 1237 3485 recte
1261 3429 1440 3500 vituperatur
1458 3428 1570 3497 vitium,
1587 3428 1642 3483 nisi
1666 3428 1747 3499 cujus
1762 3443 1813 3482 na-

965 3524 1030 3574 tura
1044 3519 1184 3574 laudatur.
1201 3519 1264 3573 Non
1290 3516 1367 3572 enirn
1383 3515 1436 3571 tibi
1454 3520 1530 3572 recte
1544 3517 1576 3570 in
1589 3515 1658 3570 vitio
1673 3514 1813 3586 displicet,

966 3607 1021 3662 nisi
1035 3606 1102 3679 qaia
1116 3605 1197 3661 vitiat
1210 3604 1287 3676 quod
1299 3604 1329 3658 in
1344 3607 1447 3659 natura
1459 3605 1563 3675 placet.

1003 3697 1116 3754 CAPUT
1129 3696 1196 3750 xlv.
1209 3726 1242 3734 -
1256 3696 1315 3752 Nou
1329 3692 1417 3749 omnis
1432 3694 1569 3764 corruptio
1582 3694 1779 3764 uituperatione

1314 3781 1399 3852 dique
1413 3785 1462 3837 est.

1003 3877 1046 3930 39.
1061 3872 1222 3928 Videndum
1242 3873 1284 3926 est
1299 3869 1384 3926 etiam
1400 3870 1481 3935 illud,
1505 3874 1603 3925 utrum
1622 3884 1688 3925 vere
1704 3868 1816 3924 dicatur

967 3963 1092 4035 aliquam
1104 3963 1236 4016 naturam
1245 3962 1358 4015 neturae
1370 3958 1487 4014 alterius
1495 3958 1564 4015 vitio
1576 3956 1814 4029 corrumpi,nullo

967 4050 1102 4122 adjuncto
1116 4048 1186 4104 vitio
1211 4063 1273 4102 suo.
1296 4046 1326 4102 Si
1341 4045 1418 4100 enim
1433 4049 1535 4100 natura
1547 4062 1612 4117 qua,
1625 4045 1734 4100 accedit
1749 4058 1816 4098 cum

967 4133 1035 4188 vitio
1049 4147 1101 4188 suo
1116 4132 1152 4187 ad
1167 4130 1253 4186 eliam
1264 4129 1573 4202 corrumpendam,n0n
1586 4128 1616 4182 in
1631 4144 1665 4182 ea
1674 4126 1815 4196 corrupti·

966 4221 1024 4277 bile
1037 4219 1146 4292 aliquid
1159 4217 1279 4285 invenit,
1290 4233 1349 4272 non
1360 4232 1423 4272 eam
1438 4215 1605 4287 corrumpit
1617 4215 1647 4271 si
1663 4217 1759 4269 autem
1769 4213 1814 4267 in·

966 4308 1053 4375 venit,
1070 4307 1202 4378 adjuncto
1212 4305 1273 4376 ejus
1286 4304 1355 4361 vitio
1366 4304 1581 4376 corruptionem
1596 4301 1657 4373 ejus
1671 4304 1813 4372 operatur.

946 4427 950 4433 ·
967 4395 1115 4453 Potentior
1128 4394 1205 4449 enim
1226 4393 1261 4449 ab
1281 4392 1440 4449 infirmiore
1463 4392 1486 4447 si
1501 4389 1645 4460 cernrmpi
1658 4388 1740 4456 nolit,
1756 4404 1815 4444 non

967 4482 1163 4555 corrumpitur
1188 4499 1195 4536 τ
1217 4478 1241 4536 si
1256 4485 1352 4537 autem
1372 4481 1450 4548 velit,
1466 4479 1546 4551 prius
1559 4477 1661 4549 incipit
1680 4491 1732 4532 suo
1744 4475 1815 4531 vitio

968 4571 1113 4644 corrumpi
1139 4570 1225 4643 qn'am
1253 4569 1356 4626 alieno.
1386 4566 1511 4639 AEqualis
1536 4568 1632 4620 autem
1651 4563 1686 4619 ab
1712 4562 1817 4636 aequeli

968 4659 1156 4718 nibilominus
1170 4658 1194 4713 si
1209 4656 1355 4729 corrumpi
1365 4654 1447 4721 nolit,
1463 4669 1523 4709 non
1535 4656 1636 4726 potest.
1655 4654 1726 4708 Nam
1741 4668 1817 4725 qure-

969 4765 1093 4822 cumque
1107 4752 1210 4804 natura
1224 4762 1289 4802 curn
1305 4743 1373 4800 vitio
1389 4743 1424 4798 ad
1439 4756 1503 4797 eam
1524 4757 1589 4814 quae
1604 4741 1666 4796 sine
1679 4740 1748 4796 vitio
1763 4743 1815 4808 θεῖ,

969 4841 1002 4894 εῖ
1015 4838 1183 4908 corrumpet
1199 4833 1316 4902 accedit,
1339 4847 1374 4886 eo
1397 4829 1459 4903 ipso
1482 4845 1543 4884 non
1563 4829 1673 4886 accedit
1687 4827 1815 4901 aequetis,

970 4926 1017 4981 sed
1031 4925 1175 4980 inilrmior
1184 4921 1255 4978 vitio
1269 4935 1331 4975 suo.
1341 4918 1370 4975 si
1384 4933 1452 4973 vero
1465 4917 1612 4989 potentior
1621 4916 1817 4973 invalidiorem

970 5013 1139 5085 corrumpit,
1152 5015 1203 5067 aut
1216 5009 1368 5080 utriusque
1382 5006 1451 5062 vitio
1466 5006 1508 5074 iit,
1524 5005 1549 5060 si
1562 5005 1711 5077 utriusque
1731 5016 1818 5074 prave

971 5101 1126 5175 cupiditate
1141 5100 1187 5167 iit;
1210 5102 1259 5153 ant
1279 5097 1348 5152 vitio
1369 5094 1548 5168 potentioris,
1570 5094 1594 5149 si
1615 5097 1725 5148 naturae
1740 5092 1820 5146 tanta

971 5189 1135 5266 praestantia
1148 5192 1199 5256 eat,
1225 5191 1258 5242 nt
1272 5177 1435 5241 interiorem
1450 5200 1536 5257 quam
1550 5171 1719 5252 corrumpit,
1733 5179 1819 5235 etiam

971 5281 1072 5336 vitiosa
1082 5276 1235 5351 praecedat.
1249 5275 1318 5341 Quis
1329 5275 1406 5330 enim
1415 5278 1491 5329 recte
1499 5268 1705 5343 vituperaverit
1712 5267 1820 5322 tructus

960 5373 1066 5437 terre,
1080 5366 1156 5439 quod
1169 5364 1303 5421 homines
1318 5364 1359 5419 eis
1373 5379 1432 5419 non
1447 5365 1566 5417 utantur
1577 5359 1661 5424 bene,
1681 5354 1821 5425 corrupti·

976 5473 1031 5528 que
1046 5456 1113 5510 vitio
1127 5470 1190 5517 suo,
1203 5457 1390 5523 corrumpant
1399 5467 1448 5506 cos
1458 5447 1601 5505 abutendo
1616 5445 1651 5500 ed
1662 5443 1819 5512 luxuriam3

1376 5556 1668 5641 (Oreereuteuue.)
