3884 6112
101 230 167 284 l'ddtt
811 223 919 284 alneu
938 224 1132 285 SfflUNDUS.
1787 230 1854 287 reto

96 350 232 408 radicitus
247 364 339 404 ernas.
354 348 457 404 Anima
469 361 596 420 namque
610 347 661 404 illa
674 363 763 422 qnam
775 348 946 405 rationalem
1005 348 1131 418 misceat,
1146 352 1232 421 atque
1247 349 1278 405 in
1308 350 1379 405 alias
1403 336 1509 405 formas
1528 349 1693 422 illigandam
1724 352 1852 411 crucian-

96 439 190 497 inesse
205 435 359 494 arboribus
383 436 573 507 arbitramini,
594 437 696 493 arbore
720 437 814 494 excisa
831 438 946 495 vinculo
1004 440 1128 512 demque
1141 437 1337 495 uansmittet'?
1347 438 1421 505 Quid
1434 443 1462 495 te
1472 438 1627 508 crudelius,
1644 441 1667 496 si
1677 457 1778 498 rernm
1790 441 1853 498 esti

96 529 226 595 solvitur,
241 542 289 581 vos
304 525 381 581 anim
395 526 448 580 hoc
462 525 564 595 dicitis,
591 529 621 581 at
643 527 811 599 ecquidem
831 527 946 583 vinculo
1003 527 1072 601 quid
1087 527 1223 599 ineptius,
1239 526 1264 581 si
1276 526 1379 582 falsum
1394 529 1460 582 asi?
1475 527 1544 600 qnid
1563 528 1655 600 magis
1676 529 1851 587 contrarium

96 618 127 673 in
139 633 197 690 quo
210 631 316 689 magna
326 613 451 685 miseria,
467 614 546 670 nulla
560 613 684 670 utilitate
698 617 859 673 tenebatur.
875 619 946 673 Nam
1002 614 1159 686 disciplina
1174 616 1286 682 vestras,
1312 613 1335 669 si
1349 614 1529 687 signaculum
1555 613 1697 671 solveris?
1720 616 1794 683 Quid
1821 620 1849 673 te

96 710 124 762 et
135 704 344 761 revolutionem
355 702 482 759 hominis
492 702 523 757 in
538 704 679 770 arborem,
703 709 805 760 notum
829 709 872 761 ast
886 723 944 770 ros,
1001 701 1147 758 inimicius
1162 703 1212 759 bei
1226 703 1367 771 membro,
1383 702 1408 756 si
1422 702 1618 758 custodieris?

96 793 123 848 id
146 796 189 848 est
209 796 356 848 auctorem
374 791 472 862 ipsum
495 794 632 859 vestrum,
662 791 835 863 proingenti
850 809 945 864 poene,
1037 792 1081 845 58.
1101 789 1155 846 Sed
1165 789 1219 845 hoc
1232 807 1266 845 ex
1278 793 1373 846 vestra
1396 789 1532 862 opinione
1547 791 1618 846 falsa
1630 795 1658 847 et
1672 792 1850 863 nugatoria:

97 896 154 936 non
166 884 265 935 tamen
278 895 332 950 pro
343 894 466 945 summa,
491 880 581 935 solere
594 879 721 935 minitari
734 897 741 936 :
756 884 785 935 et
809 896 878 935 num
894 897 946 953 po·
1002 894 1069 934 nam
1083 883 1160 934 certa
1175 883 1203 934 et
1220 879 1372 934 manifesta
1391 877 1543 934 crudelitas
1558 879 1589 934 in
1602 880 1683 936 robis
1710 897 1770 936 esse
1785 897 1852 936 con·

96 972 149 1024 test
164 968 192 1023 in
209 968 311 1024 arbore
327 968 423 1023 anima
438 967 512 1034 lieri,
527 971 560 1023 ut
573 968 604 1023 in
618 967 746 1037 homine,
768 969 946 1041 sapientior?
1002 966 1135 1034 vincitur,
1152 981 1185 1022 ar
1196 967 1296 1024 eodem
1312 967 1374 1039 ipso
1388 983 1484 1023 errore
1498 983 1631 1024 manans.
1649 968 1756 1040 Siquis
1775 969 1853 1025 enim

96 1059 159 1114 Non
174 1056 296 1113 necandi
310 1056 435 1112 hominis
450 1057 568 1129 quippe.
584 1056 741 1113 certissima
755 1058 828 1113 ratio
843 1063 895 1128 est,
909 1074 946 1114 ua
1000 1072 1053 1128 par
1067 1055 1200 1111 morbum
1213 1071 1332 1128 corpora
1347 1054 1496 1124 dissoluto,
1512 1055 1602 1110 fassus
1616 1057 1652 1111 ab
1678 1056 1794 1126 itincre,
1821 1074 1854 1114 ae

96 1151 145 1203 eut
159 1162 226 1202 eum
240 1162 323 1201 neces
342 1146 422 1217 cnjus
450 1145 592 1218 sapientia
621 1149 649 1202 et
661 1146 751 1202 virtus
765 1146 827 1202 aliis
854 1147 945 1220 pluri·
1000 1148 1080 1218 peste
1097 1144 1274 1200 semianimis
1289 1145 1320 1199 in
1342 1145 1388 1199 via
1399 1145 1503 1215 jaceat,
1518 1144 1592 1201 nihil
1605 1146 1702 1201 valens
1729 1146 1854 1219 amplius

95 1251 176 1291 mum
191 1236 317 1307 prodest,
332 1240 381 1290 aut
396 1251 463 1291 enm
478 1234 529 1307 qui
551 1234 624 1291 forte
638 1239 751 1307 poterat
775 1236 810 1292 ed
831 1236 945 1309 sapien·
1001 1249 1089 1306 quam
1105 1238 1258 1306 utcumque
1274 1234 1361 1288 verba
1372 1233 1510 1305 proferre,
1527 1233 1574 1288 cui
1593 1234 1684 1305 prosit
1709 1235 1746 1290 ad
1766 1235 1852 1290 strin-

94 1323 165 1380 tiam
180 1322 339 1396 parvenire,
359 1323 417 1378 sire
440 1323 618 1378 extrinsecus
640 1324 784 1397 abaliquo
813 1325 944 1380 admoni-
1002 1323 1128 1395 gendum
1143 1321 1346 1395 corpuspirnm
1357 1322 1429 1391 dari,
1442 1325 1527 1393 taque
1538 1327 1736 1379 transeuntem
1749 1323 1854 1380 atsub-

94 1416 150 1482 tus,
168 1411 226 1468 sive
240 1411 426 1468 interioribus
441 1411 662 1483 cogitationibus
676 1412 813 1469 divinitus
823 1412 947 1468 illustra·
1000 1410 1099 1466 venias
1113 1416 1186 1479 oret,
1201 1415 1286 1484 atque
1302 1411 1430 1466 obsecrat
1451 1414 1485 1466 ut
1506 1411 1540 1467 de
1556 1411 1656 1467 arbore
1682 1412 1823 1485 proxima,
1835 1431 1853 1468 a

96 1507 150 1557 lus.
183 1500 316 1557 Animam
344 1505 440 1556 autam
475 1500 611 1569 hominis,
649 1505 756 1573 quanto
790 1501 947 1573 sapientior
1002 1515 1060 1572 qua
1077 1498 1397 1566 nullohnmano,nnllo
1411 1499 1536 1570 denique
1550 1515 1618 1554 vero
1635 1500 1701 1570 jure
1716 1501 1852 1573 prohibe·

95 1605 213 1663 corpore
242 1589 401 1657 arcesserit,
429 1592 508 1644 tento
536 1588 637 1644 utilius
671 1589 805 1646 excedere
840 1590 946 1646 veritas
1001 1587 1051 1654 ris,
1066 1603 1187 1659 pomum
1200 1587 1302 1643 afferas
1316 1586 1438 1654 homini,
1452 1591 1515 1659 post
1529 1586 1681 1659 paululum
1706 1587 1852 1644 nisifeca·

95 1679 189 1749 docet,
203 1682 231 1733 et
245 1678 356 1734 ratione
371 1677 567 1745 subtilissima,
585 1681 614 1733 et
627 1677 796 1733 auctoritate
810 1678 946 1734 latissima
1001 1677 1040 1731 ris
1055 1676 1214 1743 moritnr03
1230 1679 1260 1730 tn
1275 1674 1319 1730 vir
1332 1675 1503 1730 christianus
1526 1678 1554 1731 et
1577 1679 1692 1731 sanctus
1720 1676 1854 1732 transibis

94 1772 257 1840 pervagata.
277 1767 469 1833 Quamobrem
484 1767 535 1839 qui
551 1766 683 1822 arborem
698 1765 805 1838 dejicit,
818 1767 944 1823 animam
1001 1766 1107 1838 potius,
1122 1769 1151 1821 et
1165 1764 1313 1820 hominem
1327 1763 1367 1819 sic
1377 1765 1512 1819 affectum
1530 1769 1757 1837 precantemque
1772 1766 1852 1821 dese·

94 1857 165 1913 nihil
181 1857 212 1913 in
225 1856 365 1928 sapientia
379 1855 577 1927 proficientem
594 1855 629 1910 dc
645 1854 820 1927 illocorpore
831 1855 944 1912 liberat.
1001 1870 1057 1924 res,
1072 1870 1108 1909 na
1122 1853 1208 1909 arhor
1223 1853 1316 1924 ploret
1329 1853 1398 1908 dum
1409 1852 1518 1908 inactus
1530 1853 1667 1920 demitur,
1676 1857 1704 1908 et
1716 1852 1852 1925 tusigna·

94 1948 194 2018 Itaque
209 1962 269 2013 ros,
285 1944 416 1999 homines
429 1943 529 2014 sancti,
543 1960 600 2013 vos,
619 1944 749 2017 inquam,
763 1944 946 2016 potissimum
1001 1942 1058 1998 culi
1083 1942 1237 1998 dissolutor
1264 1942 1299 1998 ad
1323 1957 1423 2014 poenas
1456 1941 1624 1998 manichaeis
1655 1941 1815 1998 destinaris.
1842 1940 1852 1977 ¹

95 2034 225 2090 excidere
241 2034 356 2088 arbores
372 2033 523 2101 deberetis,
551 2037 694 2089 eteorum
713 2033 822 2089 animas
846 2034 946 2090 abillo
1002 2031 1023 2088 0
1039 2047 1132 2087 mores
1146 2034 1174 2086 at
1186 2030 1380 2087 innocentiam
1395 2031 1589 2102 singularem!

95 2122 209 2178 vinculo
223 2126 321 2178 exutas
335 2121 512 2177 orationibus
526 2124 554 2177 at
569 2121 687 2194 psalmis
700 2122 737 2177 ad
751 2121 870 2178 meliora
884 2139 946 2194 per·
1038 2123 1081 2176 59.
1093 2119 1146 2176 Sed
1158 2120 1218 2192 jam
1234 2120 1270 2176 de
1280 2119 1524 2176 necaenimalium
1538 2119 1685 2193 requiram
1700 2122 1778 2193 quod
1790 2137 1852 2178 mo·

96 2212 211 2267 ducere.
226 2211 270 2265 An
286 2210 321 2265 de
335 2209 381 2264 his
396 2209 500 2264 animis
527 2210 580 2265 hoc
605 2209 669 2265 fleri
682 2210 775 2284 potest
789 2227 848 2266 non
876 2228 947 2284 quas
1001 2212 1058 2275 vet,
1073 2213 1102 2264 et
1115 2210 1205 2264 multa
1216 2208 1332 2280 quidam
1347 2206 1515 2280 huiusmodi
1532 2207 1619 2264 ctiam
1637 2209 1668 2263 iu
1681 2209 1852 2282 hocgenere

96 2303 192 2355 mento
208 2298 388 2371 adjuveritis,
404 2299 454 2354 sed
469 2315 540 2371 quas
554 2304 652 2355 rantra
666 2299 853 2372 receperitis?
1001 2297 1057 2353 dici
1069 2301 1198 2369 possunt.
1216 2298 1288 2352 Nam
1303 2296 1373 2370 quid
1387 2297 1479 2352 oberit
1489 2297 1673 2368 animralupi,
1691 2298 1851 2371 qnilupnm
1936 2357 1941 2366 ,

132 2392 176 2445 eo.
193 2387 327 2454 Quamvis
341 2386 467 2459 idipsum
498 2387 608 2444 animas
632 2388 779 2456 arborum,
808 2387 946 2461 quamdiu
1001 2384 1196 2441 interfecerit:
1212 2402 1278 2441 cum
1292 2386 1420 2458 etlupns
1435 2385 1494 2453 ille,
1510 2386 1741 2458 quamdiurivit,
1767 2387 1854 2458 lupus

96 2480 164 2532 snut
181 2476 211 2531 in
227 2476 387 2547 arboribus,
402 2477 437 2531 ad
451 2476 622 2547 sapientiam
632 2493 691 2532 non
701 2477 851 2549 proficere,
867 2493 945 2533 sum·
1001 2473 1115 2530 futums
1130 2475 1176 2543 sit,
1191 2490 1245 2530 uec
1264 2475 1316 2530 ulli
1331 2474 1512 2546 obtemperet
1540 2475 1732 2547 praedicatori,
1759 2479 1792 2531 nt
1804 2475 1854 2532 ali-

98 2581 153 2621 rnre
169 2565 320 2638 angustiae,
335 2568 475 2638 quantum
499 2565 634 2636 arbitror,
648 2582 699 2621 ros
713 2567 889 2637 compellunt
901 2567 947 2622 fa·
1002 2567 1143 2635 qnantum
1158 2564 1194 2618 ab
1204 2563 1300 2619 orium
1317 2564 1459 2634 sanguina
1470 2568 1631 2636 temperet;
1647 2567 1675 2620 et
1685 2581 1716 2620 ex
1732 2564 1854 2621 illorin·

96 2643 160 2721 teri,
176 2669 240 2708 cum
258 2669 274 2707 a
289 2653 370 2709 robis
384 2653 525 2726 quaeritur
539 2669 590 2709 cnr
604 2658 633 2709 ct
646 2655 796 2710 arboribus
811 2672 869 2711 non
885 2656 948 2711 mit·
1001 2654 1065 2708 culo
1076 2651 1214 2722 corporis,
1231 2652 1328 2707 anima
1342 2652 1500 2708 secundnm
1515 2669 1566 2707 vos
1581 2653 1740 2722 rationalis,
1760 2654 1853 2708 inter·

95 2745 172 2798 tatur
185 2746 344 2815 praeceptor
358 2743 510 2814 apostolus,
527 2747 576 2797 aut
589 2758 640 2798 cur
653 2742 701 2797 ille
717 2743 767 2814 qui
781 2743 946 2799 hominibus
1001 2739 1176 2795 fectabellua
1189 2739 1346 2795 liberaturi
1361 2740 1434 2796 Etab
1443 2741 1496 2795 hac
1502 2741 1617 2813 quidam
1624 2742 1700 2797 coede
1707 2741 1853 2798 auditores

97 2831 231 2903 mittitur,
248 2847 307 2887 non
317 2830 499 2887 etarboribus
509 2830 647 2903 praedicet
660 2831 820 2887 veritatem.
837 2831 888 2886 llic
898 2848 945 2887 eo·
1002 2830 1087 2884 etiarn
1099 2832 1208 2884 vestros
1222 2829 1380 2901 prohibetis
1395 2846 1402 2885 :
1426 2828 1519 2900 major
1546 2829 1623 2884 enim
1637 2829 1751 2885 videtur
1764 2845 1852 2902 quam

97 2917 199 2991 gimini
213 2920 400 2992 respondere,
414 2919 477 2975 illas
491 2918 603 2974 annuas
628 2918 777 2991 percipere
796 2918 827 2973 in
841 2919 945 2976 talibus
1000 2920 1032 2975 in
1046 2919 1207 2976 arboribus.
1224 2920 1274 2975 llic
1288 2923 1395 2975 vestros
1410 2935 1519 2987 sensus,
1541 2935 1694 2992 corporeos
1710 2920 1851 2989 videlicet,

95 3007 261 3080 corporibus
277 3012 422 3081 praecapta
436 3007 533 3064 divina
544 3023 603 3063 non
618 3023 712 3079 possa.
729 3007 782 3063 Sed
796 3007 946 3063 vehemen·
1000 3024 1059 3064 non
1075 3009 1198 3064 multum
1212 3007 1355 3080 improbo.
1373 3008 1506 3064 Videmus
1521 3008 1598 3064 enim
1614 3009 1772 3065 atrocibus
1786 3025 1853 3065 sen-

94 3096 149 3152 tins
158 3097 193 3152 ad
210 3097 266 3152 alio
281 3097 370 3153 latare
385 3095 530 3168 urgemini
542 3116 550 3165 ;
561 3095 868 3169 qnandoquidemillas
880 3113 947 3169 per·
1000 3098 1098 3166 timus,
1115 3097 1364 3154 cumdoloremori
1375 3097 1542 3167 animantia,
1555 3098 1758 3170 quodquidam
1764 3099 1852 3156 bomo

93 3184 199 3241 hibatis
214 3188 242 3242 et
256 3186 356 3241 audire
369 3202 452 3240 voces
464 3188 585 3253 nostras,
605 3189 633 3240 et
657 3184 743 3240 verba
774 3184 945 3258 intelligere,
1001 3186 1158 3242 contemnit
1172 3186 1202 3241 in
1217 3185 1317 3254 bestia,
1333 3202 1398 3242 curn
1413 3202 1470 3259 qua
1485 3187 1592 3243 scilicet
1605 3188 1774 3243 rationalem
1789 3188 1852 3244 ani·

94 3277 123 3328 et
136 3277 418 3346 corporamotusque
438 3289 593 3346 corpomm
619 3273 734 3344 intueri,
758 3274 945 3346 cogitationes
1001 3291 1079 3331 mam
1094 3292 1156 3332 uon
1174 3275 1307 3342 habente,
1330 3275 1411 3330 nulla
1436 3275 1507 3348 legis
1528 3275 1662 3333 societate
1689 3277 1851 3348 copulatur.

93 3362 217 3437 denique
230 3363 307 3436 ipsas
320 3363 493 3436 perspicere.
506 3363 576 3429 Qua
588 3362 613 3418 si
626 3378 693 3418 vera
709 3368 785 3430 snut,
801 3380 852 3418 cnr
874 3364 945 3420 nihil
1001 3367 1055 3423 Sed
1073 3367 1186 3422 eosdem
1212 3370 1321 3421 vestros
1346 3381 1446 3421 sensns
1474 3365 1504 3422 in
1529 3367 1676 3424 intuendis
1699 3367 1850 3424 arboribus

94 3455 212 3524 possunt
225 3469 241 3507 a
255 3452 326 3508 lucis
340 3453 470 3526 apostolo
486 3452 619 3509 discere?
633 3453 677 3507 vel
692 3468 742 3508 cur
751 3452 838 3508 etiam
853 3454 944 3508 multo
1001 3471 1111 3527 quaem,
1127 3458 1156 3511 et
1168 3471 1217 3512 vos
1231 3471 1320 3510 aracos
1334 3471 1452 3526 prorsus
1475 3454 1600 3512 invenio.
1617 3456 1654 3510 nt
1668 3455 1745 3510 anim
1767 3455 1852 3510 ornit-

94 3541 204 3598 facilius
218 3558 278 3598 nou
291 3547 410 3614 possunt
424 3557 512 3615 qnam
526 3557 590 3608 nos,
618 3557 684 3597 cum
699 3540 839 3597 interiora
856 3543 944 3598 etiam
999 3546 1059 3598 tam
1074 3541 1152 3616 quod
1166 3543 1252 3598 nullis
1267 3542 1392 3599 motibus
1403 3543 1434 3598 in
1443 3542 1522 3616 ligno
1533 3558 1633 3598 sensus
1643 3541 1751 3598 doloris
1762 3559 1851 3614 appa-

94 3630 197 3686 mentis
211 3630 372 3703 aspiciant?
386 3632 429 3686 lta
443 3630 520 3685 enirn
533 3630 669 3703 magister
681 3629 739 3696 ille,
768 3629 818 3702 qui
838 3631 943 3685 coslo·
999 3635 1053 3698 ret,
1075 3631 1144 3703 quid
1171 3631 1351 3687 manifestius
1368 3647 1455 3704 quam
1481 3634 1551 3688 tunc
1576 3647 1606 3688 se
1625 3630 1852 3702 optimehabere

93 3719 207 3791 quando
220 3719 266 3774 cix
282 3720 376 3791 docet,
391 3724 424 3775 ut
437 3718 541 3790 dicitis,
556 3720 708 3791 cogitando
719 3735 766 3774 aas
779 3722 875 3790 posset
881 3735 941 3774 ern·
999 3720 1131 3775 arborem
1145 3734 1211 3775 curn
1226 3719 1314 3793 viget,
1330 3735 1395 3774 cnm
1409 3719 1535 3788 frondet,
1560 3736 1625 3775 cum
1640 3719 1760 3775 floribus
1773 3720 1848 3789 taeta,

92 3807 165 3879 dire,
179 3808 413 3881 quaesententias
427 3808 488 3881 ejus
517 3812 583 3864 anta
612 3824 775 3864 sermonem
799 3808 830 3864 in
846 3808 943 3864 animo
997 3808 1850 3882 fructibusopulentaast‘llltboceiplerumqneacmarima

93 3900 251 3952 cernerent.
267 3897 295 3952 Si
307 3913 375 3952 vero
399 3897 461 3953 lraec
487 3898 556 3953 falsa
570 3900 648 3968 snut,
663 3897 757 3954 videte
779 3898 895 3953 tandem
912 3897 944 3953 in
998 3898 1145 3971 putatione
1155 3902 1316 3971 prestatur.
1340 3898 1461 3966 Quodsi
1482 3898 1590 3954 ferrum
1610 3897 1651 3954 sic
1672 3898 1799 3967 sentiret,
1819 3902 1853 3954 ut

93 4001 151 4058 quo
162 4001 257 4042 errore
269 3986 400 4059 jaceatis.
998 3988 1093 4057 vultis,
1105 3989 1317 4045 contabesceret
1331 3988 1427 4060 potins
1440 3991 1483 4045 tot
1503 3987 1646 4060 tanfisqnc
1671 3988 1771 4043 affecta
1794 3990 1852 4043 rul-

129 4079 171 4133 57.
187 4079 250 4133 tam
274 4079 351 4150 qnod
365 4093 452 4149 poma
477 4075 533 4149 ipsi
548 4093 606 4132 non
632 4076 793 4150 decerpitis,
808 4078 942 4134 herbam·
997 4077 1123 4145 neribus,
1138 4092 1227 4150 qnam
1238 4076 1580 4148 axillispullulanslocis,
1593 4081 1653 4132 tam
1667 4083 1744 4133 carta
1755 4076 1846 4132 exsul·

93 4181 149 4238 que
162 4182 221 4222 non
235 4164 348 4235 vellitis,
365 4167 413 4222 sed
427 4169 525 4221 umen
539 4164 575 4220 ab
589 4165 768 4221 auditoribus
779 4166 879 4222 restris
893 4166 942 4222 de·
997 4165 1107 4221 tatione
1121 4164 1316 4220 reviresceret.

93 4254 169 4326 cerpi
189 4259 217 4311 et
231 4256 315 4312 evelli
340 4258 424 4328 atque
445 4253 540 4310 afferri
555 4253 636 4309 robis
654 4253 771 4326 jubetis,
787 4270 846 4309 non
865 4258 897 4309 nt
909 4254 943 4309 iis
1033 4258 1078 4311 60.
1089 4257 1292 4310 Verumtamen
1313 4270 1364 4310 cur
1379 4256 1472 4328 majus
1496 4254 1575 4310 nefas
1593 4253 1700 4326 putetis
1715 4251 1850 4308 animalia

92 4343 143 4416 qni
157 4344 279 4400 afferunt
292 4348 416 4412 tantum,
429 4343 478 4399 sed
496 4346 529 4398 ut
543 4341 579 4398 iis
591 4341 678 4397 etiam
692 4358 756 4414 quaa
772 4343 939 4411 afferuntur,
996 4359 1085 4417 qnam
1099 4344 1203 4416 stirpes
1212 4343 1332 4413 caedere,
1341 4344 1473 4400 cumillra
1483 4340 1848 4415 vobiapurioremanimam

92 4433 226 4504 prodesse
240 4431 362 4506 possitis,
383 4431 448 4505 quis
473 4431 547 4487 bene
562 4430 748 4487 considerans
769 4431 828 4486 uilo
856 4432 941 4489 modo
998 4448 1085 4506 quam
1098 4449 1196 4489 carnes
1210 4433 1317 4490 habere
1332 4433 1505 4490 rideantur?
1523 4431 1576 4496 fit,
1591 4431 1696 4504 inquit,
1712 4445 1849 4501 compen-

91 4520 254 4578 tolereverit
266 4522 280 4577 t
291 4521 399 4585 Primo,
427 4521 496 4593 qnia
518 4519 590 4576 nihil
608 4519 728 4575 interest
756 4524 854 4576 utrum
879 4520 941 4593 ipsa
996 4522 1069 4577 satio
1082 4523 1226 4596 quaedam,
1243 4538 1433 4590 cumeorum,
1448 4537 1513 4594 quae
1528 4521 1564 4576 de
1578 4520 1654 4592 agris
1666 4518 1847 4588 auferuntur,

90 4610 181 4666 scelus
195 4610 338 4674 admittas,
354 4626 392 4664 an
407 4613 524 4681 propter
543 4613 571 4664 te
594 4607 630 4663 ab
651 4608 706 4663 alio
722 4607 834 4665 admitti
859 4610 939 4668 velis.
995 4625 1062 4682 pars
1082 4609 1180 4683 aliqua
1206 4610 1291 4667 datur
1310 4609 1406 4665 electis
1429 4607 1592 4681 sanctisque
1610 4606 1771 4679 purganda.
1786 4606 1848 4662 tam

91 4700 211 4755 Nollete
224 4699 304 4755 dicis.
320 4698 469 4764 Quomodo
490 4712 559 4770 ergo
586 4697 755 4754 subvenitur
782 4697 825 4754 illi
839 4697 942 4755 divinoe
996 4699 1128 4771 superins
1142 4699 1197 4755 iata
1212 4700 1347 4755 frustrata
1369 4701 1445 4763 sunt,
1474 4696 1599 4768 satisque
1621 4696 1848 4752 demonstratum

90 4786 175 4858 parti,
189 4804 255 4860 quae
268 4788 298 4844 in
311 4787 426 4844 lactucis
442 4791 470 4842 et
484 4787 513 4842 in
527 4786 623 4859 porris
634 4786 719 4860 jacet,
735 4785 759 4841 si
779 4803 865 4843 nemo
879 4788 941 4844 hoec
996 4793 1048 4856 est,
1065 4792 1205 4861 qnantum
1220 4787 1361 4856 existimo,
1376 4786 1457 4842 nulla
1471 4786 1580 4842 ratione
1596 4785 1652 4842 dici
1665 4786 1730 4858 plus
1744 4801 1805 4842 esse
1818 4785 1848 4842 in

90 4875 203 4947 evellat,
218 4880 246 4931 et
259 4876 295 4931 ad
321 4880 433 4932 sanctos
453 4877 604 4950 purganda
626 4875 762 4932 deferat?
777 4876 895 4946 Deinde,
908 4882 942 4933 tu
995 4878 1127 4951 frugibus
1149 4876 1239 4950 partis
1261 4876 1338 4931 illius
1350 4876 1434 4932 bonra
1448 4891 1536 4949 quam
1550 4874 1581 4930 in
1596 4875 1738 4931 carnibus.
1755 4875 1809 4931 Sed
1824 4875 1848 4930 si

90 4963 152 5037 ipss
167 4964 310 5020 transiens
323 4981 375 5038 per
389 4981 456 5021 eum
471 4979 583 5037 agrum,
600 4965 631 5020 in
645 4980 702 5038 quo
716 4964 769 5021 tibi
780 4966 846 5039 jura
868 4964 940 5022 ami·
996 4967 1152 5023 vendendis
1171 4965 1305 5021 carnibus
1319 4964 1427 5020 rictum
1453 4964 1575 5037 quisque
1590 4967 1741 5033 sustentet,
1758 4966 1846 5036 atqua

89 5053 163 5110 citire
186 5054 359 5125 decerpendi
388 5054 468 5127 qnod
493 5053 562 5110 libet
586 5057 713 5128 potestas
737 5056 832 5123 datur,
845 5055 873 5111 si
887 5055 941 5113 lico
996 5072 1082 5112 omne
1096 5056 1160 5111 talis
1176 5054 1407 5128 negotiilucrum
1421 5054 1451 5109 in
1466 5054 1596 5110 amandis
1618 5053 1774 5109 electorum
1798 5067 1847 5106 ve·

89 5143 194 5201 rideris
208 5160 325 5200 corvum
340 5144 552 5216 imminentem,
577 5145 648 5218 quid
667 5144 774 5200 facies?
788 5146 889 5202 Nonne
907 5162 941 5203 ex
996 5149 1121 5201 etromm
1136 5144 1206 5201 cibis
1220 5148 1379 5215 consumat,
1394 5145 1548 5216 pluresque
1559 5142 1620 5199 istis
1628 5142 1730 5196 afferat
1743 5139 1848 5195 sanctis

89 5234 226 5307 opinione
243 5238 302 5298 tua,
323 5234 394 5291 ficus
418 5234 480 5307 ipsa
506 5238 602 5289 tecam
630 5233 711 5307 loqui
739 5239 769 5289 ct
794 5233 941 5306 deprecari
996 5250 1072 5290 escas
1087 5249 1174 5307 qnam
1202 5233 1325 5306 agricola
1339 5238 1369 5289 et
1383 5232 1523 5301 rusticus,
1542 5246 1637 5288 uonna
1652 5229 1751 5286 eadam
1766 5244 1846 5285 com·

88 5324 291 5380 miserabiliter
302 5323 427 5395 videtur,
440 5327 474 5379 ut
485 5339 549 5379 eam
560 5323 620 5396 ipse
632 5323 776 5394 decerpas,
792 5327 821 5378 et
842 5328 940 5379 sancto
1030 5387 1105 5436 qm
1144 5386 1161 5438 d
1261 5386 1291 5436 Μ
1326 5386 1398 5437 m
1421 5385 1439 5437 d
1485 5387 1490 5398 .
1540 5385 1549 5433 Ι
1584 5383 1607 5433 Μ
1722 5379 1845 5433 mm.

88 5420 185 5470 ventre
212 5413 420 5487 purificandam
436 5412 716 5485 resuscitandamque
743 5412 863 5484 sepelias
887 5428 939 5484 po·
995 5447 1021 5499 id
1038 5452 1086 5510 est,
1097 5397 1346 5514 ,iffisfflffibffir
1360 5388 1541 5500 m⁸njc⁶ffgffi
1549 5393 1747 5514 {upssfssnagnff
1751 5470 1779 5481 -
1785 5421 1846 5499 103

43 5556 53 5563 ,
88 5502 159 5571 tius,
184 5521 271 5579 qnam
300 5520 400 5562 corvus
425 5503 473 5561 ille
497 5503 662 5560 devoratam
687 5502 800 5559 funesto
827 5502 940 5575 corpori
995 5510 1199 5576 metatajnxta
1211 5513 1254 5562 Er.
1269 5512 1372 5563 etvan.
1387 5512 1421 5562 u.
