3884 6112
732 211 835 270 LIBER
854 212 990 269 SEXTUS.
1687 229 1740 285 402

71 324 254 395 meremus,
268 312 297 383 si
318 327 386 397 quid
404 329 568 396 eifortossis
583 331 735 389 accideret:
756 339 782 390 et
794 339 833 389 ui·
888 353 976 393 secum
995 341 1043 406 api
1059 341 1159 410 populo
1181 343 1365 398 emistimante.
1388 344 1444 410 Quo
1465 360 1525 400 cum
1544 353 1654 403 sanctus
1667 352 1740 419 tilius

71 426 126 469 ruta
136 418 285 484 propterea
297 415 454 483 deseruisse,
468 423 500 472 ut
513 421 619 484 furenti
628 422 727 490 populo
743 423 833 477 trade-
888 433 978 481 noster
989 427 1111 494 uidisset,
1129 429 1215 497 jussit
1229 429 1292 484 inde
1311 433 1423 497 auferri
1441 446 1536 487 nomen
1550 439 1719 492 necessitatis
1731 455 1738 504 3

71 499 176 555 linter
196 503 245 557 teos
268 508 350 558 ustus
372 519 444 560 meos
471 521 634 576 arcanaque
652 523 791 565 manerem
808 515 835 566 ot
887 516 1230 584 rursumqueodlsetiliam
1239 519 1504 588 populusremeavit.
1514 523 1551 575 Et
1559 536 1618 576 cum
1629 525 1740 579 lassitu-

71 590 204 645 roonsilii
216 593 434 660 respirationem,
453 609 510 648 ecce
523 600 631 663 repente
644 601 726 666 atque
739 600 833 670 inopi-
888 601 977 658 diesem
991 618 1159 670 emansorem,
1170 606 1228 658 sine
1240 621 1282 659 me
1292 605 1330 660 ad
1341 607 1445 676 plebem
1454 608 1578 663 accedere
1588 611 1675 666 notuit
1689 628 1695 666 :
1707 616 1741 667 si-

71 680 163 733 asena
176 679 253 746 filius
265 684 355 734 noster
372 681 506 736 Pinianus
528 685 613 738 mittit
625 685 663 738 ad
674 701 715 740 me
727 701 833 743 seruum
887 690 943 742 mul
957 692 1127 746 accessimus.
1144 694 1221 747 llicit
1235 696 1269 762 ei,
1283 711 1342 763 que
1354 712 1372 749 a
1384 696 1495 751 diacono
1510 699 1607 753 audita
1617 705 1740 767 erant,se

71 764 228 831 tenebam,
248 769 297 837 qni
311 768 379 822 mibi
401 769 501 824 diceret
524 786 582 825 eum
601 786 629 826 se
653 775 720 828 uelle
734 778 833 846 populo
886 778 1040 846 mandasse,
1048 780 1200 851 sejurasse,
1211 799 1295 851 eaque
1306 799 1333 838 se
1341 786 1552 850 essesocturum.
1560 790 1739 857 continuoque

71 892 81 921 ,
96 853 175 923 quod
183 855 284 910 siesset
297 855 440 911 ordinatus
453 859 556 913 inuitus
569 875 603 914 en
613 861 713 928 Africa
722 867 832 919 amerino
886 868 977 921 omnia
988 882 1017 922 eo
1032 872 1129 936 tenore,
1146 884 1199 937 quo
1213 870 1374 938 dictaverat,
1388 879 1545 941 prosecutus
1559 879 1609 930 est.
1623 878 1738 945 llespon·

71 946 144 1007 eren
164 942 254 1012 eredo,
268 945 430 1000 existimans
446 960 500 1013 eos,
516 949 738 1017 quandoquidem
756 952 832 1023 peje-
886 957 1185 1024 sumest,lteoqratias,
1196 960 1341 1027 etpetitam
1351 963 1739 1031 uttotumscriptumsubscri-

71 1043 107 1085 art
127 1035 227 1100 posset,
247 1046 300 1086 non
310 1032 371 1101 jam
384 1035 499 1089 ulterius
518 1038 690 1104 irisrurtuosu
705 1054 831 1108 perseue-
887 1042 1001 1097 beretur.
1016 1045 1175 1099 Dimisimus
1189 1048 1400 1115 catechumenos,
1414 1050 1591 1118 coretinuoque
1605 1053 1738 1119 scriptum

83 1118 264 1188 clamaturos,
276 1119 314 1173 ad
326 1122 513 1190 sepeliendum
528 1124 590 1177 binc
603 1126 745 1196 bominem,
754 1144 831 1196 quem
885 1130 1056 1199 subscripsit.
1071 1132 1171 1185 Deinde
1183 1135 1242 1201 peti
1255 1137 1381 1203 ecepimus
1402 1150 1449 1190 etos
1469 1139 1597 1206 episcopi,
1618 1152 1672 1192 non
1690 1154 1735 1192 oo·

82 1205 243 1262 &terrenus
256 1208 354 1262 babere
364 1212 494 1265 uicturam.
508 1213 578 1267 tlibi
591 1219 691 1281 autem,
707 1218 772 1282 quiec
786 1220 831 1270 ei·
885 1218 960 1272 cibus
974 1219 1080 1288 papuli,
1099 1220 1146 1273 sei
1165 1224 1253 1274 ttamen
1277 1237 1295 1274 a
1315 1222 1415 1290 populo
1431 1238 1482 1291 per·
1497 1225 1617 1279 norrestos
1635 1225 1737 1294 fideles,

71 1309 93 1350 r·
105 1296 329 1352 uehementiorem
346 1313 437 1352 eorum
457 1299 574 1355 dolorem
585 1306 647 1370 post
662 1304 731 1358 banc
745 1305 831 1373 jura·
885 1308 915 1356 at
926 1318 973 1357 nos
989 1319 1093 1373 quoquc
1107 1304 1345 1360 subscriberemus.
1361 1306 1400 1361 At
1414 1307 1462 1361 ubi
1474 1312 1543 1378 capi
1558 1310 1735 1372 subscribere,

71 1421 73 1432 .
91 1385 184 1452 tuisse
202 1385 382 1454 metuendum,
400 1387 477 1457 apud
497 1404 540 1442 mc
563 1392 660 1444 tacitus
684 1391 768 1446 babui
782 1411 790 1446 ε
806 1399 831 1448 et
884 1395 979 1444 sancta
990 1389 1109 1446 Melania
1119 1391 1297 1446 corileadinil.
1311 1395 1427 1448 Miratus
1437 1410 1498 1449 sum
1506 1411 1590 1464 quare
1602 1401 1658 1451 tam
1667 1412 1736 1460 sero,

71 1473 146 1527 imut
165 1475 293 1542 petierat,
316 1478 348 1529 ut
368 1475 406 1529 ad
426 1492 486 1530 eum
504 1479 631 1545 uenirem,
654 1495 708 1534 non
722 1480 828 1535 distuli.
884 1481 966 1548 quasi
984 1481 1188 1548 promissionem
1201 1481 1278 1535 iilum
1302 1486 1327 1535 et
1341 1482 1509 1550 jurationem
1526 1498 1584 1543 nos.
1605 1500 1658 1539 non
1672 1486 1738 1539 sub-

71 1560 129 1615 eilei
143 1559 259 1617 dicisset
268 1562 315 1616 boc
329 1565 429 1632 ipsum,
444 1568 569 1621 coretinuo
582 1571 608 1621 et
619 1567 689 1622 illud
698 1568 831 1637 adjuncti
883 1567 1035 1634 scribendo,
1051 1569 1142 1634 [acere
1155 1583 1293 1637 possemus
1312 1571 1450 1637 intectam.
1467 1570 1520 1625 Sed
1536 1576 1623 1625 tamen
1634 1572 1736 1626 obtem-

78 1647 231 1719 jurationi,
260 1650 332 1718 quod
352 1654 422 1706 mili
443 1653 509 1709 dum
528 1655 566 1709 ad
588 1671 646 1710 cum
665 1671 759 1726 perpe,
781 1673 831 1726 per
881 1657 1345 1725 perani,acsiceemansitmeanou
1359 1658 1737 1728 plmasubscriptio;necul·

81 1737 134 1793 net
156 1752 273 1806 seruum,
296 1738 464 1808 timasium,
490 1743 681 1813 maridauerat,
703 1745 736 1799 de
753 1760 829 1815 pru·
884 1747 928 1796 tro
941 1741 1018 1797 nobis
1034 1745 1190 1811 quisquam,
1210 1748 1240 1797 ut
1254 1744 1492 1812 subscriberemus,
1508 1747 1616 1814 putauit
1629 1748 1735 1800 instan-

85 1826 189 1880 scilicet
217 1841 277 1890 sua,
312 1828 367 1882 hoc
404 1833 455 1895 est,
491 1831 619 1902 llippone
656 1848 686 1886 se
714 1848 828 1887 reman—
882 1829 947 1884 dum
963 1831 1064 1901 (Epist.
1093 1831 1300 1901 lustrarem
1319 1832 1733 1899 turbastlbinaesanctitilii,

71 1931 88 1983 ι,
99 1915 127 1969 si
143 1916 170 1968 ci
183 1915 326 1969 clericatus
340 1918 477 1970 sarcinam
492 1918 593 1972 nolenti
604 1919 695 1973 nullus
709 1922 827 1989 impone-
884 1917 1019 1973 Pinianus
1032 1918 1139 1972 scilicet
1152 1935 1183 1972 ac
1199 1919 1331 1985 Melania,
1351 1918 1402 1991 qui
1416 1924 1497 1974 erant
1512 1920 1543 1973 iu
1558 1919 1666 1987 abside,
1682 1936 1733 1991 pa-

71 1998 100 2053 ir
120 2014 169 2068 eqo
194 2002 222 2054 in
244 2004 328 2057 tantis
349 2006 485 2071 anqustiis
508 2009 590 2074 quasi
610 2023 679 2062 aura
706 2011 829 2078 spirante
883 2006 941 2060 lam
954 2005 1048 2077 questi
1067 2011 1143 2068 seint,
1159 2022 1218 2061 non
1232 2007 1431 2077 presbyterum
1446 2007 1481 2061 ab
1495 2006 1734 2078 Hipponensibne,

71 2093 114 2141 lars
128 2089 223 2157 (neque
240 2089 314 2146 enim
333 2093 412 2160 potui
425 2095 463 2147 sic
477 2108 581 2163 sapere,
597 2101 627 2149 ut
643 2100 717 2152 tanto
729 2099 771 2152 uel
784 2103 827 2152 tu·
882 2094 931 2148 sed
953 2093 1100 2148 hominem
1125 2094 1253 2161 divitem,
1269 2094 1458 2165 pecuniarum
1473 2095 1628 2165 cupiditate
1642 2095 1734 2166 quaeri

74 2175 121 2231 nel
133 2177 280 2245 offensione
301 2182 390 2247 mapis
405 2183 489 2235 everti
508 2182 602 2238 uellem
622 2185 770 2239 Ecclesiam
784 2189 829 2240 cui
882 2181 982 2250 (Epist.
1000 2183 1060 2249 ms,
1076 2197 1108 2236 n.
1121 2180 1158 2250 i).
1176 2182 1209 2235 Et
1220 2182 1294 2235 hauc
1304 2180 1616 2251 narrationcmprmter
1626 2180 1734 2235 omissa

71 2278 175 2334 ‚quam
190 2265 221 2319 id
232 2267 305 2335 quod
320 2283 337 2321 o
352 2268 403 2322 tali
415 2271 474 2323 ciro
488 2271 567 2325 nobis
580 2271 743 2339 offerebatur
756 2276 826 2328 acei-
882 2269 1014 2342 quaednm
1028 2270 1171 2340 adjuncta,
1188 2285 1253 2340 qum
1265 2269 1300 2323 ad
1316 2284 1376 2323 rem
1385 2268 1458 2323 nihil
1472 2268 1609 2335 lacerent,
1621 2268 1730 2338 ipsissi-

71 2352 137 2408 ertit
145 2355 172 2408 ci
184 2356 330 2424 responcli;
347 2357 395 2411 sed
406 2357 444 2411 ad
460 2359 577 2424 tratrem
591 2359 725 2430 Alypium
737 2361 827 2427 prada
881 2374 958 2413 mam
970 2356 1012 2412 rei
1026 2357 1175 2412 veritatem
1186 2373 1246 2410 esse
1258 2359 1376 2411 testatur
1386 2354 1564 2427 Augustinus
1580 2371 1587 2410 :
1602 2354 1733 2426 proinde·

71 2444 286 2511 dioreperreni,
296 2445 373 2514 cique
388 2445 456 2514 qnid
469 2445 584 2515 dicerit,
594 2445 667 2502 dici.
679 2448 781 2515 Atitle,
796 2453 827 2503 ut
881 2461 937 2517 qne
961 2443 1112 2500 Pinianum
1136 2460 1230 2516 neque
1252 2460 1292 2511 se,
1318 2447 1349 2507 ut
1367 2442 1522 2509 ferebatur,
1538 2442 1733 2514 praecipiente,

71 2542 112 2598 aa,
126 2529 251 2587 devitans
265 2548 298 2587 ne
322 2534 390 2604 quid
413 2548 441 2588 se
459 2539 567 2590 auctore
585 2537 670 2604 tieret,
685 2536 756 2590 unde
768 2551 825 2604 uos,
880 2549 975 2604 neque
992 2532 1099 2604 populo
1128 2536 1249 2602 cogente
1263 2532 1386 2602 jurasse,
1408 2531 1458 2585 sed
1473 2530 1566 2602 ipsum
1584 2546 1635 2600 per
1649 2546 1679 2584 sc
1700 2545 1733 2584 ac

71 2633 108 2673 rm
123 2619 290 2692 alloquitur,
311 2623 429 2692 putabat
442 2622 554 2692 offendi,
574 2624 643 2677 ilinc
656 2638 706 2689 me,
722 2625 824 2692 inquit,
881 2624 982 2691 sponte
996 2636 1047 2674 sua
1061 2620 1090 2675 id
1104 2620 1249 2674 obtulisse.
1266 2620 1352 2690 Cujus
1364 2618 1407 2672 rei
1422 2619 1579 2673 Barnabam
1594 2634 1627 2672 ac
1641 2617 1733 2673 Tima-

71 2709 197 2764 msulat.
216 2709 272 2776 Quo
288 2710 394 2778 audito,
410 2711 447 2764 ad
466 2712 597 2781 poputum
620 2712 826 2767 tumultuantem
881 2708 966 2775 sium,
991 2724 1062 2780 quos
1081 2708 1129 2762 ille
1150 2707 1278 2778 singulos
1298 2706 1335 2761 ad
1354 2722 1384 2761 se
1406 2705 1533 2772 miserat,
1555 2710 1642 2760 testes
1665 2706 1734 2760 citat

71 2796 107 2851 ic
121 2798 251 2866 [actoque
270 2799 386 2857 silentio,
407 2798 476 2867 quid
486 2800 652 2868 promissum
672 2803 749 2865 esset,
766 2816 826 2854 cum
881 2797 1045 2868 (Epistltb,
1060 2811 1088 2850 n.
1112 2796 1151 2864 ssl·
1175 2796 1316 2864 Utrosque
1335 2794 1438 2848 vocitat
1455 2809 1550 2847 servos
1570 2793 1631 2858 llei,
1645 2792 1675 2889 id
1689 2796 1733 2847 est

71 2884 153 2940 stau
166 2887 249 2940 etiam
258 2887 409 2955 jurationis
424 2889 531 2956 aperui.
542 2888 666 2954 liliuero,
681 2890 730 2958 qui
741 2889 827 2943 solnm
881 2884 1047 2939 monachos.
1070 2885 1113 2936 An
1138 2886 1234 2936 autem
1253 2881 1406 2948 Barnabas,
1427 2895 1513 2950 quem
1538 2879 1730 2950 appellatione

71 2971 247 3042 mbyterium
267 2974 423 3043 copitabant
440 2979 521 3045 atque
535 2976 687 3045 cupiebant,
700 2991 754 3030 non
775 2979 825 3042 ita,
882 2971 971 3027 sancti
991 2971 1169 3035 cohonestat,
1193 2969 1270 3023 idem
1292 2967 1440 3022 habendus
1466 2967 1503 3020 sit
1531 2982 1562 3020 ac
1584 2965 1732 3064 presbpler

71 3057 167 3127 tabam
183 3060 256 3129 quod
269 3062 390 3116 oblatum
402 3066 495 3129 ficerat
509 3068 683 3132 acceperunt3
698 3063 745 3118 sed
757 3067 827 3119 inter
881 3061 928 3115 ille
950 3058 1142 3131 Hipponensis
1157 3058 1253 3127 (Epist.
1269 3059 1333 3125 213,
1352 3072 1380 3110 n.
1399 3054 1435 3125 l),
1451 3070 1537 3126 quem
1555 3057 1732 3125 Augustinus

71 3149 219 3202 mnndum
233 3151 417 3215 mussitantes,
426 3153 580 3218 petiverunt
592 3155 624 3204 ut
637 3151 783 3206 adderetur
792 3155 827 3205 ei-
880 3148 998 3204 iamilim
1013 3163 1072 3201 suae
1090 3146 1266 3217 praefecerat,
1282 3148 1310 3198 et
1327 3145 1408 3214 cujus
1423 3143 1664 3198 existimationem
1676 3157 1732 3212 pu-

71 3234 465 3307 remissiortiatquejurationi,
475 3243 507 3292 ut
517 3239 660 3307 siquando
670 3240 713 3294 illi
724 3240 827 3295 adsue·
880 3237 953 3292 blice
968 3236 999 3290 in
1011 3249 1142 3289 sermone
1156 3233 1283 3305 quodam
1297 3231 1423 3287 defendit
1443 3232 1537 3301 (Serm.
1554 3233 1616 3292 856,
1631 3246 1659 3284 n.
1677 3229 1730 3300 ts),

71 3322 133 3378 hen
150 3325 307 3380 clericatum
328 3328 476 3380 consentire
496 3327 652 3396 placuisset,
675 3330 784 3383 nonnisi
797 3330 827 3383 in
882 3342 941 3380 non
955 3323 1119 3380 definimus.
1135 3323 1201 3376 Erat
1214 3338 1248 3375 eo
1260 3326 1391 3390 tempore
1407 3319 1548 3374 Timasius
1564 3318 1731 3384 monachus,

71 3386 229 3482 lipparem
252 3414 362 3468 ecclesia
385 3417 544 3469 consentiret
567 3430 574 3469 :
600 3418 628 3468 et
641 3414 694 3468 hoc
708 3431 741 3469 ca
765 3433 824 3487 spe,
882 3412 930 3484 qni
943 3417 1057 3467 auctore
1072 3416 1159 3482 alque
1171 3411 1328 3481 impulsore
1343 3407 1456 3478 Pelagio
1472 3407 1606 3462 nuntium
1621 3407 1731 3503 mundo

71 3514 113 3555 rer
124 3499 202 3554 illam
216 3501 398 3571 praeentiam
413 3502 552 3557 creditum
563 3503 775 3558 esteumetiam
790 3505 826 3560 ad
881 3501 1030 3555 remiserat
1051 3499 1150 3569 (Epist.
1169 3503 1227 3563 lii,
1244 3514 1271 3553 n.
1289 3497 1314 3567 6)
1335 3512 1342 3551 ε
1357 3495 1406 3550 sad
1419 3495 1505 3566 hujus
1518 3509 1634 3549 seersum
1649 3492 1731 3547 nobis

71 3590 140 3642 mm
166 3587 379 3659 suscipiendum
400 3606 482 3662 posse
509 3590 737 3646 desiderantibus
756 3607 825 3646 con·
881 3587 987 3642 incidet
1001 3586 1118 3641 mentio.

71 3688 94 3731 e.
114 3677 207 3731 ltetuli
219 3676 257 3730 ad
279 3693 357 3744 eum;
381 3681 440 3733 sine
457 3678 625 3733 dubitatione
645 3683 753 3735 annuit.
772 3682 825 3735 ltc-
916 3679 946 3730 s.
966 3675 1037 3730 Cum
1052 3673 1245 3727 habitaturum
1262 3687 1291 3724 se
1307 3670 1436 3740 Hippone
1444 3668 1582 3748 Pinianus
1594 3669 1729 3738 jurasset,

71 3763 184 3830 utillis3
201 3766 287 3820 loetali
299 3770 376 3832 sunl3
389 3772 414 3820 et
422 3782 485 3821 mou
491 3767 658 3836 jurationem
673 3769 826 3837 pollicitam
881 3764 982 3818 oborta
1003 3762 1126 3833 quadam
1148 3758 1314 3815 necessitate
1338 3756 1393 3811 alio
1419 3755 1465 3810 die
1485 3755 1563 3810 illinc
1585 3755 1730 3854 discedere

71 3856 161 3906 matt.
182 3854 290 3908 Recnti
304 3852 341 3907 od
359 3855 445 3923 {ilium
459 3858 590 3921 riostrum,
606 3870 717 3925 eumque
735 3857 827 3910 inuecti
880 3849 1074 3922 compellitur.
1093 3847 1172 3913 Quod
1185 3846 1235 3901 ubi
1249 3845 1375 3916 populus
1386 3844 1577 3915 Hipponensis
1588 3847 1730 3941 coquent,

71 3942 158 4007 Mem,
184 3940 347 4010 quibusnam
360 3942 449 3996 uerbis
463 3942 652 4010 comprehendi
669 3947 759 4012 posset
776 3943 827 3998 illa
880 3938 958 3993 haud
978 3937 1160 3993 mediocriter
1182 3935 1389 3990 tumultuatum
1404 3937 1457 3999 est,
1473 3949 1505 4031 ac
1519 3933 1611 3986 multa
1629 3932 1732 3985 incale-

71 4029 185 4083 ecanae
196 4031 353 4099 promissio,
372 4035 485 4100 propter
498 4033 667 4086 necessitates
681 4033 825 4099 irruentes,
881 4025 1024 4081 scentibus
1037 4023 1142 4079 animis
1162 4023 1246 4090 dicta,
1260 4039 1324 4094 quae
1339 4022 1427 4077 eliam
1442 4024 1547 4118 scripto
1569 4019 1731 4075 mandenda

71 4119 227 4171 monicum
236 4121 267 4172 ut
279 4118 432 4173 abscederet
445 4134 546 4187 cepere.
562 4119 650 4174 Simul
664 4121 746 4173 etiam
759 4118 827 4187 quid
880 4118 1027 4169 curarunt.
1043 4113 1148 4167 Verum
1160 4126 1226 4165 cum
1241 4107 1556 4176 intellectumesset,1d
1570 4106 1605 4160 ab
1621 4121 1654 4159 co
1665 4121 1731 4204 pro:

71 4204 222 4272 intendit,
239 4220 272 4259 ne
286 4209 348 4274 quis
363 4208 488 4261 irruisset
502 4207 608 4262 bostilis
627 4209 763 4271 incursus,
779 4209 828 4275 qui
880 4207 945 4274 pter
957 4200 1155 4257 necessitatem
1167 4198 1307 4269 privatam
1331 4212 1443 4251 necnon
1460 4196 1556 4249 animo
1570 4192 1731 4294 revertendi

71 4288 216 4347 misione
227 4294 365 4349 uitandus.
385 4295 495 4350 Volebat
509 4295 579 4349 addi
589 4299 684 4350 sancta
698 4297 826 4364 Melania,
880 4292 1003 4356 iactu1n3
1014 4304 1099 4344 nemo
1108 4287 1172 4354 fuit,
1187 4286 1236 4356 qui
1246 4286 1298 4342 hoc
1308 4285 1377 4340 boni
1390 4300 1446 4339 non
1457 4282 1619 4338 consuleret
1628 4283 1729 4350 (Epist.

71 4379 91 4435 lt
102 4379 223 4435 morbidi
231 4384 413 4437 causationem
425 4402 433 4436 :
450 4383 497 4437 sed
511 4384 585 4438 illius
599 4385 770 4452 responsione
782 4399 827 4437 re·
883 4382 942 4446 tto,
950 4394 997 4432 nn.
1009 4380 1035 4443 6,
1046 4375 1200 4447 immoque
1208 4368 1731 4467 enimconsiliuminerat,eumexsulis

71 4480 111 4524 rsa
127 4473 176 4524 cst.
195 4472 253 4538 Epo
273 4475 362 4525 autem
381 4471 453 4538 diei,
473 4486 582 4540 proaem
601 4472 636 4526 ab
658 4473 704 4527 illo
726 4477 752 4526 el
773 4487 827 4526 non
880 4467 971 4522 instar
980 4465 1020 4520 ibi
1038 4464 1172 4530 retinere,
1184 4463 1232 4518 sed
1253 4462 1306 4517 sibi
1323 4461 1464 4533 putabant
1485 4457 1598 4512 abunde
1618 4456 1701 4555 satist
1718 4486 1730 4497 ·

71 4556 196 4612 amdam
216 4573 327 4613 caenam
340 4561 507 4615 necessitatis
524 4561 667 4628 impostam,
684 4575 743 4628 quae
757 4563 826 4615 ciues
880 4562 968 4621 ctum,
984 4553 1070 4608 moda
1080 4551 1184 4607 civium
1193 4551 1315 4607 aliorum
1326 4544 1730 4644 moresedemacdemlcrlrum

78 4647 213 4714 miorare
230 4647 418 4718 compelleret:
442 4647 490 4702 sed
511 4648 536 4702 si
555 4648 609 4702 baec
631 4650 730 4718 popule
754 4649 825 4704 diae-
880 4643 920 4699 ihi
934 4644 1045 4715 figeret,
1060 4656 1255 4712 necunquam
1268 4639 1335 4694 inde
1351 4635 1516 4702 discederet,
1535 4650 1590 4688 nist
1601 4648 1666 4686 cum
1680 4649 1730 4688 eo-

71 4749 82 4802 *,
96 4735 247 4790 timendum
257 4750 322 4802 esse,
337 4751 370 4790 ne
383 4736 453 4790 male
469 4751 517 4790 nos
536 4737 653 4790 ominari
662 4737 825 4801 uideremurc
879 4734 989 4787 luntate
999 4729 1138 4786 redeundi
1149 4729 1246 4799 (Epist.
1262 4730 1321 4781 tus.
1332 4741 1360 4778 n.
1375 4724 1414 4795 4).
1435 4723 1515 4789 Quod
1530 4726 1626 4775 autem
1644 4721 1730 4776 Baro-

71 4825 125 4878 isn
152 4824 203 4878 sub
241 4826 408 4880 necessitatis
441 4825 548 4878 nomine
574 4827 648 4893 fieret
676 4827 825 4890 accusatio,
881 4810 1730 4908 niusrefert,Pinianumllipponeelapsumesseclaueulnm,

71 4911 87 4967 i
117 4912 325 4978 ltaudulentam
359 4914 542 4967 necessilatem
576 4913 679 4981 putari.
720 4913 826 4967 Placuit
880 4902 1730 4999 etTagastarnunacumsuisreversum3qu1ppequ1se

90 5004 124 5055 ut
143 4999 177 5054 de
198 5001 249 5054 bac
271 5016 300 5055 re
322 5001 418 5070 populi
437 5003 558 5054 animum
580 5002 780 5069 reperiremur3
802 5004 827 5055 ct
880 4996 1001 5070 ejus,ad
1016 4993 1095 5067 qnod
1109 4991 1269 5065 pertimet
1288 4993 1397 5044 melum
1410 4988 1542 5087 inductus
1564 4990 1647 5085 esset,
1663 4999 1730 5054 pro-

71 5087 154 5145 aliud
173 5103 256 5157 quam
279 5088 319 5155 id,
348 5089 420 5158 quod
438 5094 644 5159 putaveramus,
664 5089 825 5144 invenimus.
880 5084 961 5141 missi
975 5083 1114 5154 religione
1133 5095 1191 5135 non
1203 5077 1297 5133 teneri
1312 5077 1401 5148 probo
1416 5080 1501 5135 sceret
1516 5076 1670 5145 (Barcaeus,
1694 5070 1731 5124 ad

71 5191 120 5233 u
137 5177 199 5246 ejus
222 5177 305 5232 uerba
330 5193 347 5231 a
369 5177 482 5232 diacono
504 5177 580 5232 dicta
593 5178 782 5243 recitarentur,
801 5182 827 5232 et
881 5189 982 5245 onerum
1006 5173 1089 5240 409),
1118 5168 1207 5240 ipsius
1233 5170 1276 5221 est
1296 5171 1325 5221 et
1349 5166 1452 5237 dogma
1480 5163 1610 5263 prebere,
1631 5164 1659 5214 el
1677 5158 1731 5256 'fi-

88 5264 273 5336 placuissent3
299 5265 348 5320 ubi
361 5280 455 5320 nomeu
477 5267 644 5334 interposite
662 5266 827 5319 necessitatis
880 5268 969 5327 ctum,
994 5259 1070 5331 quod
1095 5262 1195 5312 contra
1214 5254 1395 5310 manilestam
1410 5256 1562 5351 Angustum
1576 5250 1731 5345 auctorita·

71 5354 108 5424 ts,
119 5356 250 5408 coartiano
265 5355 441 5409 reclamatum
457 5358 506 5420 est,
523 5354 718 5422 prontissioque
732 5351 828 5421 dispti-
880 5356 938 5407 tem
954 5347 1063 5414 asserit,
1080 5344 1213 5400 stabilire.
1235 5345 1306 5399 llam
1321 5345 1416 5398 eutem
1431 5333 1732 5429 miquoanimo'iul1l

71 5443 178 5499 multu
195 5441 404 5507 recrudescente,
418 5446 443 5496 et
456 5440 527 5496 nibil
541 5440 619 5495 aliud
631 5454 713 5506 qrram
726 5439 828 5505 traiecto
882 5436 993 5494 Piniani
1021 5450 1118 5487 socrus
1142 5432 1254 5503 Albine,
1278 5429 1447 5499 scripsitque
1476 5424 1512 5478 ad
1537 5425 1729 5489 Augustinum
