3884 6112
647 94 652 99 .
1396 35 1677 321 Fur:

59 279 109 331 ιιι
783 269 891 329 arnan
909 265 1103 326 succubus.
1438 230 1441 235 ’
1507 318 1536 333 .,
1576 244 1627 319 ἓὶ·
1769 286 1820 340 ,42
1902 251 1904 255 ’

57 403 205 473 Operibus,
219 418 248 457 n.
269 404 307 474 a).
323 402 396 457 Tum
413 415 500 472 porro
515 399 644 456 Ecclesiae
669 400 758 457 ubera
775 402 841 471 post
853 395 915 451 lon·
971 390 1143 449 lehrendum
1156 393 1272 465 publica
1286 393 1408 467 epistola
1419 395 1598 468 probaverat.

57 490 209 561 gissimam
234 490 312 546 sitim
326 505 401 562 pene
423 490 578 545 exhaustus
593 494 677 561 atque
691 489 799 556 aridus,
814 490 847 542 ut
867 486 914 541 lo·
1004 481 1031 535 l.
1048 481 1112 536 Non
1126 487 1168 537 est
1182 484 1329 540 tenuitatis
1343 490 1460 557 nostrae,
1473 486 1507 542 da
1520 486 1625 558 gaudio
1643 489 1819 559 Angelorum

56 579 245 651 aquitanicis
263 578 397 635 aviditate
419 578 563 650 repetivit,
578 594 669 651 eaque
693 578 777 633 altius
797 577 868 632 ilaus
887 577 915 629 at
970 568 1022 624 Dei
1035 569 1065 624 in
1080 570 1158 626 coelis
1172 589 1259 643 super
1280 575 1433 646 Augustini
1447 574 1615 647 poeniteutia
1629 579 1657 631 et
1677 577 1819 649 baptismo

57 685 183 742 gemens
197 668 351 735 concussit,
366 672 395 724 el
415 667 562 739 expressit,
578 672 611 723 ut
628 667 658 722 id
681 670 820 730 manaret,
837 663 914 736 quod
970 674 1021 730 pro
1036 657 1174 731 dignitate
1193 661 1287 718 dicere
1302 680 1309 718 :
1327 669 1402 720 certe
1419 664 1522 720 Christi
1543 664 1574 719 in
1594 665 1677 720 terris
1699 666 1821 723 Ecclesia

56 757 84 812 ei
98 757 141 812 sic
157 756 259 812 allecto
282 757 317 813 ad
332 755 538 811 recreationem
557 755 625 810 satis
640 771 700 810 esse
715 758 821 826 posset,
838 756 866 806 et
879 751 916 806 ad
971 762 1056 802 suum
1070 748 1223 820 quotannis
1234 751 1320 807 ctiam
1335 770 1410 808 nunc
1424 753 1632 825 gratulabunda
1644 756 1763 811 testatur
1774 771 1782 823 ;
1794 760 1822 811 et

56 863 141 918 spem
157 845 354 901 reducendam
369 844 434 899 ritae
449 861 481 899 ac
494 843 593 898 salrrtis
606 843 654 916 (ite
670 844 793 900 Utilitcte
805 841 914 898 creden·
970 836 1040 891 adeo
1050 836 1188 893 eximium
1199 841 1349 896 Doctorem
1360 858 1466 913 magno
1477 841 1581 897 divium
1592 843 1691 914 gratiae
1701 858 1821 900 munere

56 936 100 1005 di,
114 952 145 991 η,
164 936 202 1004 2.)
969 926 1107 981 donatura
1119 944 1285 999 agnoscens,
1297 930 1430 1002 quintum
1444 930 1520 986 diem
1532 930 1601 986 maii
1613 931 1743 1004 ejusdem
1756 949 1822 989 eon·

92 1023 122 1076 2,
138 1022 195 1076 per
221 1037 268 1076 θος
294 1020 355 1077 dies
378 1020 485 1076 librum
508 1021 543 1076 ds
571 1021 789 1077 Immortalitate
811 1019 915 1075 animae
971 1013 1093 1069 versioni
1107 1032 1219 1071 sacrum
1234 1019 1383 1075 constituit
1399 1037 1405 1074 :
1422 1036 1487 1092 quae
1501 1037 1587 1091 porro
1602 1037 1661 1077 noa
1675 1021 1762 1077 aliam
1775 1037 1823 1077 cu-

56 1110 185 1181 seripsit,
201 1113 279 1166 velut
292 1109 544 1165 commonitorium
564 1110 600 1165 ad
621 1109 795 1164 absolvenda
812 1109 915 1164 Solito·
967 1102 1103 1174 jusquam
1127 1106 1345 1162 conversionem
1364 1108 1494 1164 instituta
1514 1108 1666 1164 festivitate
1686 1109 1820 1178 celebrat,

57 1199 138 1271 qnia,
156 1215 224 1271 qum
250 1199 418 1270 imperfecta
441 1202 640 1253 remanserant
659 1201 786 1270 (detenet.
812 1197 859 1252 lib.
889 1199 914 1259 l,
970 1195 1074 1262 preter
1089 1209 1175 1264 quarn
1188 1195 1270 1249 Pauli
1285 1201 1313 1252 et
1324 1197 1485 1268 Augustini.
1497 1199 1585 1270 liujus
1597 1202 1694 1253 tamen
1708 1215 1822 1255 corruer-

58 1304 118 1357 cop.
136 1291 167 1355 5,
180 1303 210 1342 n.
227 1287 265 1359 t).
280 1287 373 1352 Quare
389 1285 494 1341 miram
510 1285 600 1340 videri
610 1303 669 1342 non
683 1285 776 1351 debet,
793 1284 817 1339 si
830 1285 915 1356 hujus
970 1279 1012 1335 sio
1019 1281 1062 1336 vel
1070 1282 1233 1352 Baptismus
1241 1284 1424 1340 tertiononas
1435 1287 1503 1340 maii
1513 1286 1639 1342 accidere
1649 1303 1707 1343 non
1715 1288 1819 1359 potuit.
1855 1352 1859 1363 Ι

58 1376 124 1431 libri
148 1376 382 1431 ratiocinationes
404 1375 474 1431 adeo
495 1380 653 1430 contractas
674 1379 703 1429 ει
724 1373 847 1429 breuiter
865 1388 914 1426 ει·
970 1369 1139 1442 Quanquam
1151 1372 1385 1444 nonlongissime
1400 1374 1480 1429 abest
1492 1374 1516 1429 is
1531 1375 1592 1431 dies
1606 1375 1640 1430 ab
1652 1391 1694 1443 eo,
1708 1376 1759 1449 qui
1767 1378 1821 1434 lile·

57 1483 174 1537 pressas
188 1465 304 1532 dixerit,
319 1469 350 1518 ut
363 1463 408 1519 vix
424 1480 471 1518 eas
483 1464 544 1535 ipse
559 1463 729 1535 perciperet.
746 1464 778 1517 la
793 1478 826 1516 eo
840 1462 913 1516 libro
970 1457 1130 1514 diolanensi
1139 1460 1269 1516 Ecclesiae
1279 1462 1409 1518 veniente
1424 1463 1460 1518 ad
1472 1463 1649 1535 baptismum
1660 1464 1820 1535 Augustino
1890 1504 1900 1519 .

58 1557 137 1609 locus
153 1557 209 1623 est,
224 1555 305 1626 eujus
324 1552 494 1608 sententiam
510 1569 539 1607 sa
555 1569 612 1607 non
635 1568 736 1624 capere
761 1551 915 1606 confitetur
969 1546 1085 1602 festivus
1101 1549 1163 1604 luit.
1181 1551 1271 1605 Nemo
1286 1556 1362 1606 certe
1377 1552 1432 1607 erit
1445 1552 1494 1623 qui
1515 1568 1572 1606 non
1594 1552 1677 1607 laeila
1692 1553 1820 1625 suspice-

58 1643 154 1713 trem,
169 1659 199 1698 n.
212 1643 248 1712 3).
261 1641 355 1696 Nihilo
368 1645 464 1695 tamen
480 1640 576 1695 minus
590 1656 623 1694 eo
635 1640 723 1694 inrito
737 1638 811 1694 fetus
821 1637 873 1692 iste
884 1637 914 1691 in
970 1639 1027 1702 tur,
1043 1641 1172 1692 sanetum
1191 1638 1285 1694 virum
1306 1639 1444 1695 fortunati
1458 1639 1534 1696 illius
1550 1639 1607 1696 diei
1624 1641 1821 1698 recordatione

57 1730 154 1785 luceru
167 1729 288 1802 prodiit,
303 1730 402 1801 atejus
413 1728 547 1800 operibus
562 1732 765 1784 annumeratus
777 1731 829 1782 est.
842 1728 914 1780 Tum
970 1724 1091 1780 maxime
1106 1725 1259 1783 incitatum
1274 1727 1372 1792 fuisse,
1387 1732 1419 1783 ut
1435 1729 1572 1785 Romanae
1586 1730 1716 1785 Ecclesiae
1729 1730 1761 1786 in
1773 1731 1822 1786 vi-

58 1819 148 1874 etiam
163 1819 277 1890 aliquot
290 1819 325 1874 de
340 1817 506 1873 liberalibus
520 1817 679 1889 disciplinis
701 1817 775 1872 libro
791 1815 914 1870 scribere
970 1811 1073 1867 ctorini
1087 1814 1270 1870 conversione
1286 1815 1417 1871 laetitiam
1431 1817 1616 1894 tam‘disertis
1635 1821 1751 1890 tamque
1765 1819 1821 1891 piis

58 1912 349 1980 aggressusest,suos
359 1905 721 1978 hisderebusinterrogans
731 1905 913 1971 convictores,
969 1901 1062 1957 verbis
1076 1903 1266 1973 promendam
1280 1904 1516 1977 prodendamque
1534 1906 1682 1961 memorie
1696 1912 1818 1965 curaret.

62 1998 110 2070 qui
125 1997 166 2052 ab
179 1995 348 2068 hujusmodi
361 1994 463 2050 studiis
478 2011 536 2050 non
550 1995 752 2062 abhorrerent,
767 2011 801 2050 eo
820 1994 915 2050 videti·
970 1991 1108 2056 Quocirca
1122 2007 1156 2046 ex
1169 1991 1205 2047 iis
1225 2009 1289 2065 quae
1304 1993 1351 2049 ille
1375 1994 1410 2050 de
1423 1994 1568 2050 Victorino
1584 1994 1714 2066 (consess.
1728 1996 1776 2052 tit.
1791 1999 1819 2068 8,

64 2091 106 2141 εει
117 2085 232 2155 animo,
245 2089 279 2138 ut
292 2098 399 2155 perrea
409 2099 561 2155 corporeas
572 2084 609 2139 ad
624 2084 786 2155 spirituales
799 2084 915 2155 quibus
969 2095 1029 2149 cop.
1052 2082 1079 2147 i,
1095 2095 1122 2134 n.
1146 2081 1184 2150 ὅ),
1200 2080 1254 2136 hoc
1266 2087 1371 2153 preter
1385 2082 1449 2148 alia,
1473 2087 1583 2138 mutato
1610 2084 1748 2140 duntaxat
1766 2101 1819 2142 uo·

64 2175 130 2230 dam
144 2173 231 2246 quasi
245 2173 380 2245 gradibus
396 2172 480 2228 certis
494 2173 538 2228 rel
549 2172 721 2244 perveniret,
738 2172 914 2245 vettdueeret
969 2170 1057 2238 mine,
1075 2171 1110 2226 da
1133 2171 1196 2242 ipso
1217 2172 1310 2228 dicere
1324 2190 1458 2245 peraque
1481 2173 1574 2240 liceat,
1589 2175 1667 2246 quod
1680 2174 1819 2231 nimirum

59 2265 156 2335 (trid,
182 2280 245 2334 cop.
262 2263 297 2334 6).
318 2264 373 2318 Has
387 2262 598 2319 lucubrationes
619 2263 771 2319 llediolani
784 2253 912 2334 exorsus,
968 2259 1019 2314 ubi
1034 2259 1161 2316 ascendit
1170 2265 1202 2316 ιιι
1216 2262 1378 2333 symbolum
1392 2263 1423 2317 in
1436 2263 1553 2318 eeclesia
1565 2263 1707 2331 redderet,
1719 2280 1819 2321 omnes

58 2354 151 2408 solum
171 2351 281 2406 ibidem
302 2351 338 2406 de
361 2351 552 2406 Grammatiea
573 2351 680 2408 librum
695 2352 824 2407 absolvit.
842 2354 913 2407 Nam
968 2347 1083 2404 sibimet
1096 2348 1230 2417 invicem,
1246 2351 1369 2423 quisque
1389 2356 1421 2407 ut
1434 2368 1500 2407 eam
1520 2357 1645 2423 noverat,
1661 2352 1819 2426 instrepue-

59 2458 129 2511 apus
146 2441 183 2495 de
206 2439 312 2496 llusica
325 2439 419 2510 (ibid,
434 2454 495 2510 cap.
514 2442 556 2506 ll,
567 2455 596 2494 n.
614 2441 640 2507 ι)
655 2444 716 2494 tum
735 2454 850 2510 quaqua
866 2438 912 2492 in·
967 2441 1037 2493 runt
1048 2454 1153 2493 noman
1164 2439 1226 2510 aJ'us
1235 2439 1354 2511 strepitu
1369 2440 1577 2512 gratulationis.
1590 2441 1658 2507 Quis
1672 2446 1769 2498 autem
1778 2442 1819 2498 ibi

58 2533 196 2603 septum,
210 2527 328 2584 nonnisi
340 2532 405 2599 post
419 2529 597 2600 Baptismum
613 2534 642 2584 et
663 2533 729 2599 post
750 2543 913 2599 regressum
966 2542 1027 2581 non
1050 2542 1116 2581 eum
1139 2527 1276 2583 noverat?
1290 2529 1324 2583 Et
1345 2529 1443 2584 sonuit
1464 2545 1561 2601 presso
1581 2529 1676 2586 sonitu
1695 2546 1748 2603 per
1769 2547 1820 2587 ora

57 2617 83 2672 iu
108 2617 249 2682 Africam,
266 2615 378 2687 scriptis
393 2632 443 2671 sex
465 2615 658 2671 voluminibus
683 2616 805 2671 coniecit
819 2616 910 2687 (laid,
967 2620 1134 2672 cunctorum
1155 2616 1361 2672 collaetantium
1382 2634 1388 2672 :
1416 2618 1605 2689 Augustinus!
1626 2620 1817 2690 Augustinus!

57 2720 114 2775 esp.
133 2708 174 2775 a).
188 2708 227 2759 At
240 2703 276 2759 de
290 2704 353 2759 aliis
368 2704 496 2776 quinque
511 2704 668 2777 disciplinis
687 2706 762 2776 apud
778 2704 911 2761 Mediola-

58 2811 126 2850 num
137 2792 275 2849 similiter
288 2791 438 2858 inchoatis,
451 2793 556 2848 scilieet
566 2794 601 2849 de
618 2793 778 2863 Dialectica,
791 2794 826 2849 de
839 2794 911 2849 llhe

58 2881 157 2948 urica,
173 2882 210 2937 de
225 2881 412 2949 Geometrica,
425 2882 460 2937 de
473 2881 670 2948 Arithmetica,
686 2888 714 2937 ει
728 2882 763 2938 (ιε
782 2882 911 2938 Philoso-

58 2969 132 3041 phia,
151 2968 295 3040 principia
309 2971 386 3039 tsola,
403 2969 431 3024 id
455 2974 507 3037 cst,
523 2970 653 3042 ipsorum
675 2971 748 3026 forte
771 2971 910 3028 librorum

57 3061 115 3114 sala
125 3058 248 3114 exordia
258 3063 463 3115 remanserant.
477 3059 647 3130 Quanquam
655 3076 721 3114 cum
733 3076 801 3114 suos
813 3061 913 3115 ltetra·

56 3147 217 3202 antianum
232 3146 319 3201 libros
334 3148 439 3215 ederet,
452 3149 514 3218 jam
528 3153 558 3204 et
570 3148 631 3204 haec
641 3147 702 3220 ipse
716 3148 911 3219 principia‚‚et

55 3235 161 3292 librum
177 3236 215 3291 de
229 3235 418 3291 Grammatica
432 3237 618 3308 perdiderat:
639 3253 704 3309 quae
722 3237 910 3292 nihilominus

55 3325 88 3380 ab
103 3323 252 3398 aliquibus
267 3323 368 3379 haberi
381 3323 561 3380 existimabat
575 3323 678 3395 illidi.
696 3324 801 3395 Reipsa
814 3325 910 3380 omnia

54 3411 154 3468 istbaec
168 3412 309 3484 opuscula
326 3410 356 3466 in
371 3412 488 3467 Possidii
504 3418 700 3468 memorantur
718 3412 855 3469 iudicato.

88 3503 117 3558 3.
140 3500 273 3556 Tandem
296 3500 404 3555 lactum
426 3502 469 3555 est
490 3501 585 3556 divina
608 3504 760 3572 prestante
787 3503 909 3573 opitula-

55 3589 144 3660 tione,
156 3594 191 3645 nt
205 3605 258 3661 per
277 3573 434 3644 Antistium
448 3589 630 3645 Ambrosium
645 3594 674 3645 et
691 3589 849 3645 doctrinam
865 3608 909 3644 sa-

55 3678 179 3734 lutarem
202 3678 334 3733 Ecclesiae
354 3677 500 3733 catholicae
519 3683 549 3734 ει
566 3677 662 3734 divina
682 3676 842 3748 perciperet
860 3677 909 3732 Sa-

55 3773 214 3836 cramenta,
230 3771 264 3822 at
277 3766 425 3823 memoriae
446 3766 544 3837 prodit
555 3766 696 3821 Possidius
710 3783 717 3834 ;
735 3767 809 3836 apud
823 3782 909 3837 quem

10 3894 12 3904 .
54 3857 187 3928 proxime
208 3861 275 3911 ante
298 3855 347 3910 illa
363 3856 450 3911 verba
475 3854 579 3927 legitur
595 3871 601 3910 :
615 3855 777 3924 Proficiendi
799 3857 828 3910 in
842 3856 909 3910 reli·

53 3949 131 4014 ειειιε
142 3945 232 4002 adem
246 3947 347 4000 ειεετιε
368 3945 451 4000 ardor
463 3946 575 4000 innatas
587 3948 636 4010 est,
654 3959 706 4012 quo
718 3946 909 4014 propinquan-

55 4037 125 4092 uua
145 4036 244 4090 dutus
266 4037 368 4090 sanctis
396 4035 513 4101 Pascha,
529 4034 626 4089 solutis
647 4048 748 4101 equum
761 4034 910 4102 perciperet

53 4124 186 4191 (Pseud,
196 4126 227 4178 in
244 4125 310 4180 Vita
323 4105 454 4192 August,
463 4139 485 4178 a.
504 4123 539 4194 l).
553 4121 661 4187 Quibus
676 4120 769 4176 verbis
782 4121 908 4176 indicare

55 4211 178 4279 ridetur,
189 4212 395 4283 Augustinum,
404 4227 469 4266 cum
482 4211 518 4266 ad
533 4211 677 4266 Christum
690 4226 843 4265 conversus
857 4214 908 4276 est,

56 4301 239 4376 baptismatis
263 4301 294 4356 in
316 4301 447 4372 proxima
470 4300 599 4357 Paschali
622 4299 801 4354 solemnitate
820 4299 910 4371 perci·

55 4388 152 4461 piendi
176 4389 330 4444 consitium
353 4389 471 4461 cepisse.
486 4388 540 4444 Sed
565 4387 632 4443 inde
647 4385 787 4441 Baronius
801 4385 910 4449 intulit,

54 4494 120 4534 eum
135 4483 270 4550 tempore
293 4478 421 4534 Paschali
444 4477 531 4533 luisse
551 4480 763 4548 regeneratum,
785 4491 819 4530 eo
844 4492 911 4531 sane

55 4567 188 4634 consilio,
208 4567 319 4639 atejus
335 4565 510 4639 baptismum
533 4566 566 4622 ad
582 4566 715 4638 quintum
730 4564 806 4621 diam
829 4566 909 4633 marii,

55 4673 111 4728 quo
126 4656 177 4712 die
186 4655 266 4711 illius
275 4656 491 4711 conversionem
502 4655 622 4711 Ecclesia
632 4671 708 4711 nune
721 4654 852 4720 celebrat,
864 4655 912 4709 ad-

967 2702 1027 2758 cito
1042 2709 1220 2758 sonnuerunt
1243 2705 1427 2773 exultatione,
1444 2706 1511 2777 quia
1534 2706 1669 2762 videbant
1687 2723 1775 2777 eum3
1791 2710 1820 2762 ει

966 2791 1022 2846 cito
1047 2792 1189 2847 siluerunt
1207 2792 1381 2859 intentione,
1397 2798 1429 2847 ut
1443 2793 1576 2849 audirent
1594 2810 1670 2849 eum.
1687 2796 1818 2850 Pronun-

965 2879 1047 2935 tiavit
1061 2879 1109 2935 ille
1122 2880 1210 2936 fidem
1222 2897 1351 2936 veracem
1363 2882 1501 2953 praeelara
1516 2881 1629 2949 fiducia,
1644 2886 1671 2936 et
1686 2882 1818 2938 solebant

967 2983 1034 3023 eum
1057 2984 1157 3023 omues
1178 2985 1279 3040 rapere
1301 2969 1377 3025 intro
1399 2970 1429 3024 in
1449 2986 1497 3024 cor
1518 2986 1612 3037 suum,
1626 2974 1654 3025 et
1666 2969 1818 3041 rapiebant
1877 2985 1881 2993 ²

966 3057 1089 3112 amando
1104 3061 1134 3112 ει
1152 3057 1313 3128 gaudendo.
1330 3060 1379 3114 lle
1402 3059 1577 3130 rapientium
1598 3074 1700 3114 manus
1723 3046 1816 3117 erant.

966 3145 1046 3201 ltulti
1060 3145 1175 3218 quidem
1196 3162 1230 3201 ex
1253 3147 1440 3218 profundiore
1458 3152 1564 3203 tartaro
1580 3148 1715 3204 caecitatis
1730 3165 1817 3220 qaam

964 3234 1152 3307 Augustinus,
1165 3235 1287 3290 redeant
1300 3235 1335 3290 ad
1346 3237 1436 3291 ileum
1449 3253 1455 3292 :
1471 3237 1521 3291 sed
1535 3236 1664 3293 siminus
1677 3237 1739 3293 noti
1752 3241 1818 3293 suut

965 3323 1093 3394 populis,
1109 3324 1204 3379 minus
1225 3325 1260 3379 de
1281 3324 1338 3379 illis
1362 3325 1488 3396 gaudent
1502 3325 1589 3380 etiam
1607 3325 1658 3398 qui
1677 3329 1819 3383 noverunt

965 3427 1028 3466 eos:
1045 3412 1096 3484 qui
1110 3417 1206 3468 autem
1219 3413 1317 3468 multis
1331 3413 1509 3481 noti,multis
1524 3419 1591 3469 sunt
1603 3414 1765 3471 auctoritati
1780 3415 1817 3470 ad

964 3500 1096 3568 salutem,
1110 3506 1139 3556 at
1152 3501 1249 3556 multis
1262 3506 1395 3573 praeeunt
1409 3503 1555 3557 secuturis.
1575 3505 1642 3557 Plus
1662 3503 1747 3558 etiarn
1763 3504 1815 3558 ho·
1863 3539 1865 3543 ,

965 3589 1015 3643 slis
1030 3589 1153 3644 vincitur
1168 3589 1197 3644 in
1211 3606 1244 3645 eo
1267 3606 1353 3661 quam
1374 3591 1439 3660 plus
1452 3594 1540 3659 tenet,
1554 3595 1583 3645 ει
1597 3591 1632 3646 (ιε
1645 3607 1701 3662 quo
1720 3592 1818 3662 plures

964 3678 1053 3733 tenet.
1069 3677 1136 3731 Plus
1150 3680 1247 3731 autem
1266 3677 1404 3749 superbos
1426 3681 1505 3732 tenet
1524 3677 1639 3733 nomine
1654 3677 1817 3742 nobilitatis,

965 3763 1043 3819 etde
1066 3764 1111 3819 his
1129 3765 1227 3835 plures
1246 3765 1364 3820 nomine
1387 3766 1571 3822 auctoritatis.
1596 3767 1708 3832 Quanto
1728 3766 1818 3838 igitur

964 3853 1075 3925 gratius
1095 3854 1275 3925 cogitabatur
1294 3854 1445 3926 Augustini
1458 3860 1569 3926 pectus,
1585 3856 1663 3927 quod
1677 3859 1817 3928 tanquam

965 3942 1187 4014 inexpugnabile
1208 3943 1421 4015 receptaculum
1444 3944 1573 3999 diabolm
1596 3944 1769 4013 obtinuerat,
1790 3948 1819 4000 et

964 4030 1119 4102 Augustini
1131 4030 1241 4102 lingua,
1253 4048 1309 4103 quo
1321 4033 1377 4087 telo
1388 4033 1491 4103 grandi
1506 4037 1532 4089 ει
1543 4037 1626 4089 acuto
1637 4035 1743 4088 multos
1754 4049 1819 4105 per-

965 4123 1089 4188 emerat3
1100 4123 1180 4175 tanto
1186 4119 1377 4176 abundantius
1383 4122 1524 4176 exsultare
1530 4121 1734 4193 oportuitlilios
1743 4124 1816 4189 tuos,

966 4209 1033 4280 qnia
1049 4209 1107 4264 Rex
1124 4214 1223 4265 noster
1233 4209 1361 4281 alligavit
1370 4211 1483 4277 iontem,
1498 4216 1524 4266 et
1537 4210 1746 4266 videbautvasa
1756 4210 1817 4282 ejus

966 4304 1065 4370 erepta
1078 4298 1221 4367 mundari,
1238 4303 1266 4354 et
1280 4299 1374 4372 aptari
1388 4299 1419 4355 in
1441 4300 1580 4355 honorem
1602 4304 1696 4367 tuum,
1711 4299 1818 4355 etheri

966 4386 1048 4442 ah'lia
1068 4387 1190 4444 Domino
1213 4389 1248 4443 ad
1273 4403 1360 4444 omne
1382 4405 1453 4460 opus
1476 4389 1583 4443 bonum
1603 4386 1696 4460 (ibid,
1712 4404 1773 4460 cap.
1788 4389 1817 4458 4,

966 4494 993 4534 n.
1011 4479 1047 4549 9).

1002 4569 1027 4621 5.
1043 4567 1309 4637 baptizoti-sunaus,
1333 4565 1428 4638 inquit
1449 4565 1635 4637 Augustinus,
1657 4571 1683 4621 et
1704 4567 1779 4636 fugit
1800 4584 1819 4623 a

965 4656 1042 4711 nobis
1054 4655 1208 4712 sollicitudo
1220 4658 1284 4712 vitae
1295 4657 1454 4726 preterita.
1473 4657 1525 4712 Nec
1537 4655 1662 4710 satiabar
1682 4656 1738 4713 iltis
1757 4656 1819 4712 die-

55 4745 304 4816 aptaret(ltaron.,
314 4745 351 4800 ud
360 4744 599 4816 senatuum:
611 4743 741 4816 quamvis
751 4742 911 4799 eaP0ssidii
967 4745 1015 4799 tus
1030 4744 1170 4800 dulcedine
1184 4746 1313 4814 mirabili,
1328 4744 1497 4799 considerare
1517 4744 1690 4800 altitudinem
1713 4747 1820 4802 tunitii

55 4834 150 4902 rerba,
164 4833 190 4888 si
201 4833 287 4904 juxta
299 4849 419 4898 morem,
437 4849 524 4905 quem
538 4836 607 4888 tunc
626 4830 748 4887 Ecclesia
769 4830 908 4898 servabat,
967 4836 1008 4889 tui
1030 4849 1111 4904 super
1135 4835 1249 4890 salutem
1274 4836 1379 4903 geneis
1406 4835 1528 4891 humani.
1551 4835 1687 4903 Quantum
1699 4838 1763 4907 itaci
1788 4838 1818 4891 in

55 4918 911 4994 exponantur,euminPasohaepervigiliobaptizatumiuisse
967 4923 1075 4992 hymnis
1090 4927 1115 4978 et
1130 4925 1242 4980 conticis
1266 4926 1331 4991 tuis,
1343 4925 1548 4980 saouescnontis
1562 4926 1688 4980 Ecclesia
1708 4928 1761 4980 taae
1774 4941 1819 4980 oo·

56 5010 238 5082 significent:
259 5010 311 5083 qai
334 5005 576 5066 dies'adaltorum
598 5009 744 5080 praecipua
768 5008 911 5079 Baptismo
967 5012 1042 5067 cibas
1063 5021 1205 5067 commotus
1218 5014 1340 5067 conte?
1366 5014 1447 5069 Voces
1466 5014 1520 5069 itte
1540 5015 1687 5084 innuebant
1705 5013 1819 5068 eunius

56 5098 216 5155 tenuatus
231 5103 308 5168 erat3
326 5098 414 5155 itaut
428 5103 508 5154 extra
522 5114 589 5154 eum
613 5097 691 5152 diem
709 5097 815 5152 multos
830 5096 911 5168 aquis
965 5100 1043 5167 mus,
1058 5103 1084 5154 et
1095 5101 1268 5169 eliquabatur
1285 5100 1387 5156 veritas
1402 5104 1432 5157 in
1444 5118 1488 5157 cer
1502 5118 1598 5173 murm,
1613 5101 1819 5159 eteaaestaotat
1906 5170 1912 5181 .

57 5187 229 5244 adutaribas
239 5184 912 5261 simulabluere,quamadmodumiuAugastini
966 5187 1029 5242 inde
1044 5187 1156 5256 effectus
1169 5189 1291 5257 pietatis,
1303 5190 1482 5245 etcurrebant
1493 5192 1629 5262 lacryma,
1641 5195 1666 5246 et
1676 5191 1739 5245 bene
1749 5191 1818 5246 mitri

56 5276 274 5349 regeneratione
289 5277 401 5346 accidit,
417 5277 582 5348 infrequens
603 5279 632 5330 et
654 5291 805 5346 perrarum
824 5279 909 5332 esset.
966 5279 1024 5330 εναι
1036 5291 1096 5331 cum
1105 5278 1142 5330 eis
1154 5276 1238 5347 (ibid.
1247 5319 1255 5348 ,
1265 5278 1313 5334 lit.
1325 5282 1351 5349 9,
1362 5295 1423 5350 cap.
1435 5282 1461 5347 e,
1473 5296 1500 5336 n.
1519 5281 1572 5350 14).
1584 5280 1679 5334 Asinus
1689 5282 1759 5347 eat,
1770 5284 1819 5336 cat

59 5359 111 5419 llac
124 5365 224 5438 itaque
238 5364 361 5437 contigit
375 5381 409 5421 ea
422 5368 516 5433 nocta,
532 5380 597 5436 qaae
616 5364 749 5437 quintum
764 5367 794 5418 et
807 5363 910 5418 vicesi·
964 5380 1019 5419 non
1031 5366 1115 5420 mutto
1127 5367 1244 5436 amplius
1257 5372 1335 5437 (puto
1349 5368 1475 5424 tredecim
1488 5370 1595 5423 circiter
1606 5382 1706 5423 menses
1716 5383 1751 5423 ea
1765 5383 1818 5439 quo

59 5465 135 5510 mam
154 5453 235 5510 diem
258 5452 360 5526 aprilis
382 5454 577 5521 antecedebat,
592 5469 650 5526 quo
676 5452 722 5508 dia
743 5451 912 5508 Ambrosius
966 5455 1020 5509 ista
1029 5454 1189 5509 cmisaetudo
1199 5455 1347 5512 Mediolani
1356 5455 1563 5528 capacitatem
1571 5456 1681 5511 lustina
1691 5458 1819 5528 Augusta

60 5539 254 5601 suessano
284 5540 431 5601 tricesimo
451 5541 626 5616 octogesimo
644 5539 767 5616 septimo
787 5557 848 5598 esse
867 5558 911 5598 ca·
969 5543 1319 5617 Valentinianiregispaeri
1326 5545 1639 5602 materlrominemtaum
1646 5545 1820 5604 Ambrosiam
