3884 6112
112 243 147 296 'iti
716 247 801 304 VITA
822 248 852 304 S.
876 248 1067 308 AUGUSTlNl
1090 252 1258 309 Episcopi.
1322 296 1329 308 .
1829 269 1864 319 :a

111 361 215 417 Christi
235 364 434 422 trecentesimo
449 367 660 440 septuagesimo
676 371 771 438 tertio,
794 388 859 428 curn
871 373 956 444 juxta

109 457 255 524 receptum
269 452 398 509 discendi
411 455 542 512 ordinem
557 457 588 512 in
604 457 746 515 Ciceronis
762 459 868 515 librum
891 476 958 532 per·

110 541 197 611 renit,
220 541 271 614 qui
286 543 431 598 Hortensii
448 545 564 600 nomine
582 546 748 619 inscriptus,
763 549 955 604 hortationem

110 631 143 685 ad
167 629 336 703 sapientiam
350 632 516 689 continebat
539 635 630 704 (Cous.
655 636 702 692 lib.
719 639 744 704 3,
764 653 823 706 cap.
841 640 868 704 t,
882 642 955 705 n.7;

108 719 155 774 lib.
182 723 208 787 e,
233 736 293 791 cap.
321 725 363 789 11,
387 737 415 776 n.
443 724 491 789 18;
513 723 624 792 soliloq.
651 723 699 780 lib.
724 727 749 791 l,
766 740 794 780 n.
817 727 869 794 il).
899 726 956 780 Etsi

107 825 175 864 vero
201 809 232 865 in
258 827 292 865 eo
322 810 396 865 libro
418 827 531 867 summa
550 812 716 884 eloquentia
735 829 801 870 cum
832 815 955 871 admira·

105 896 328 970 bilisseruditione
340 899 493 971 conjuncta
506 905 596 968 esset;
613 916 671 956 noo
686 917 720 956 eo
731 906 828 959 umen
842 905 955 976 legeba-

106 991 153 1041 tur
161 987 196 1041 ab
205 987 373 1059 Augustino,
388 992 421 1042 ut
433 989 585 1044 verborum
596 989 738 1045 lenocinia
752 997 954 1064 aucuparetur,

1351 381 1465 436 CAPUT
1480 383 1523 439 Vi.

1015 482 1025 535 t
1047 483 1079 536 ln
1096 483 1306 541 Manichaeorum
1323 488 1445 544 heresim
1460 489 1605 546 delabitur.
1627 494 1813 566 icomplnres
1829 513 1865 553 ce

1046 571 1297 635 familiaribussuis
1311 578 1341 630 in
1350 592 1408 632 eam
1415 577 1530 648 pellicit.
1543 580 1596 636 ila
1606 583 1764 639 auditorum
1773 587 1864 655 gradu

1047 674 1103 714 sese
1115 663 1192 732 apud
1211 665 1372 721 Marriclmos
1393 670 1550 724 contineti
1572 672 1673 727 Nouem
1688 688 1774 729 annos
1796 681 1864 732 totos

1046 749 1107 805 illos
1125 751 1246 808 auditi
1266 755 1333 809 Filii
1350 757 1394 809 sui
1412 772 1504 812 casum
1519 757 1596 827 delict
1619 763 1757 831 ninneton,
1787 769 1813 819 et
1831 765 1864 820 de

1046 839 1104 908 ejus
1116 842 1204 896 salute
1218 841 1282 897 bene
1299 857 1408 913 sperare
1423 845 1554 901 diuinitus
1563 848 1688 916 jubetur.

1048 971 1072 1024 1.
1087 969 1279 1040 Augustinum
1287 972 1349 1043 jam
1363 975 1512 1046 sapientire
1525 979 1710 1036 vehementer
1722 983 1859 1054 cupidum

105 1075 154 1129 sed
175 1075 285 1145 abjecta
305 1074 446 1131 sermonis
468 1093 536 1132 cum
556 1077 588 1132 in
607 1094 653 1133 m
672 1080 853 1137 solummodo
868 1087 955 1154 atque
1009 1060 1099 1155 utque
1109 1073 1172 1113 eam
1183 1060 1397 1132 adipisceretur,
1412 1081 1469 1137 quo
1485 1083 1513 1120 se
1532 1072 1655 1124 verteret
1669 1072 1856 1143 nescientem,

104 1163 259 1217 sententias
268 1163 398 1220 animum
407 1165 582 1223 intendebat.
596 1168 662 1239 Ejus
676 1184 744 1240 ergo
758 1169 824 1224 libri
834 1170 954 1226 lectione
1009 1149 1222 1219 ²⁰²⁰¹⁰⁰P⁰f¹¹¹¹²
1233 1151 1390 1220 ”mimir
1406 1169 1496 1224 μω
1509 1155 1662 1213 ¹¹⁰¹¹¹i¹¹¹¹¹¹¹
1677 1163 1800 1231 mperhe
1814 1164 1861 1219 ‘¹⁶'

102 1255 181 1307 tanta
196 1251 344 1324 sapientie
362 1254 504 1309 desiderio
520 1257 642 1328 tlagrare
661 1257 758 1329 coepit,
781 1263 814 1314 ut
827 1275 887 1331 prm
903 1259 954 1317 illa
1008 1235 1107 1336 'fram’
1122 1239 1235 1293 “¹⁰⁸st
1250 1255 1283 1294 ⁸⁰
1296 1240 1412 1314 ¹⁰q¹¹³¹⁹
1428 1248 1529 1300 ΜΕ
1543 1263 1611 1302 V⁰¹'⁰
1626 1247 1750 1319 ⁸P⁰⁰ii¹¹¹
1763 1252 1858 1324 pieta·

102 1339 236 1412 cupidine
247 1357 311 1413 spes
325 1358 426 1398 omnes
435 1344 569 1399 mortales
578 1345 725 1417 abjiceret,
737 1347 950 1420 fastidiretque:
1006 1329 1043 1380 ¹¹⁸
1056 1343 1117 1398 ΡΜ
1131 1344 1161 1383 ⁸⁰
1179 1328 1376 1431 f⁰f⁰⁰³ic⁰iifi
1395 1335 1442 1391 ¹³⁸⁶·
1459 1338 1486 1403 3,
1501 1351 1524 1392 ⁶·
1540 1340 1567 1400 θ’
1583 1355 1610 1393 ²²·
1629 1341 1681 1409 ¹⁰i·
1700 1342 1854 1400 P⁰ii⁰¹¹i⁰·

102 1444 219 1501 ΜΨ,
229 1430 291 1500 jam
309 1435 434 1502 ΜΘΗ,
456 1435 489 1486 ut
506 1431 614 1487 ,edim
628 1433 664 1488 ad
682 1435 781 1489 Deum·
804 1436 951 1508 Quomodo,
1006 1416 1168 1516 saslhorum
1191 1418 1389 1477 hereticorum
1408 1439 1457 1479 seu
1472 1426 1564 1498 magis
1584 1426 1768 1486 incredibiles
1787 1433 1859 1489 deli·

102 1515 151 1583 ait,
167 1517 305 1588 ardebam,
321 1521 390 1575 Dm,
406 1535 490 1589 mm,
510 1521 640 1590 quomodo
654 1522 783 1579 ,megum
796 1527 951 1581 revolare„
1005 1510 1141 1576 rationes,
1167 1524 1233 1580 quae
1253 1510 1322 1565 salis
1345 1528 1379 1567 ex
1402 1513 1491 1568 sancti
1512 1515 1635 1572 doctoris
1652 1518 1790 1576 adversus
1808 1538 1856 1578 eos

101 1607 215 1660 terreatis
237 1606 275 1660 ad
296 1610 345 1661 te?
359 1608 417 1663 lloc
430 1624 489 1663 uno
504 1607 581 1663 iliius
596 1610 712 1665 llamine
728 1611 949 1681 defervescebnt,
1004 1594 1249 1654 ¹⁰⁰¹¹b¹⁸fi⁰¹¹ib¹¹⁵
1263 1605 1415 1672 ‘'imperi“
1438 1608 1513 1670 ”mis
1533 1605 1639 1662 Γθῖθΐῑθ
1657 1607 1704 1663 hii
1727 1608 1801 1667 nihil
1818 1612 1858 1666 in.

100 1693 176 1764 quod
187 1694 404 1750 Chrislinomen
414 1695 445 1750 in
459 1695 508 1751 illa
522 1696 666 1753 Ciceronis
680 1699 876 1756 exhortatione
891 1717 950 1756 non
1004 1687 1114 1742 temti
1144 1688 1193 1743 sed
1214 1690 1292 1761 (1υοά
1314 1691 1348 1746 id
1374 1698 1539 1766 ⁸⁰⁵⁰⁰l>²¹¹m
1561 1697 1712 1768 nimium
1738 1700 1854 1772 winih

99 1786 230 1838 exstaret·
248 1784 382 1850 Quoniam
398 1785 446 1840 1200
460 1800 564 1854 nomen,
582 1785 688 1858 inquit,
704 1789 851 1844 pecundum
868 1793 949 1846 migg.
1004 1774 1109 1844 quibus
1128 1774 1170 1832 illl
1192 1778 1301 1835 artibus
1324 1780 1535 1839 adolescentem
1562 1787 1712 1842 mellenti
1736 1788 1855 1861 ingenit)

97 1872 246 1927 ,gordiam
268 1878 353 1943 mam,
378 1875 499 1938 Domine,
524 1875 571 1929 Μ,
601 1891 695 1931 „omen
723 1878 873 1934 salvatori,
897 1883 950 1935 me,-
1003 1864 1156 1933 preditum
1176 1868 1355 1938 pellexerint,
1370 1869 1623 1944 implicuerintque
1636 1890 1689 1929 sua
1702 1875 1806 1933 haeresi
1820 1896 1851 1934 ac

97 1960 164 2014 Filii
187 1963 229 2015 tui
242 1963 271 2015 in
287 1964 347 2031 ipso
365 1962 455 2018 adhuc
473 1964 541 2018 lactc
552 1966 659 2032 neutris,
672 1970 792 2022 tenerum
806 1983 850 2023 cor
861 1984 948 2025 meum

94 2050 267 2119 praebiberat,
275 2055 300 2105 et
310 2051 365 2105 alte
373 2051 507 2107 retinebat
516 2072 523 2120 3
532 2057 557 2107 et
567 2054 705 2123 quidquid
715 2058 773 2110 sine
783 2057 831 2112 ltoc
843 2060 949 2113 nomine

95 2139 203 2207 suisset,
229 2141 353 2208 quamuis
369 2140 519 2195 litteratum
543 2145 568 2195 et
586 2144 734 2212 expolitum
749 2148 774 2198 et
787 2146 945 2215 oermmum,

95 2241 148 2280 non
160 2242 201 2281 mc
214 2231 299 2282 totum
312 2229 438 2298 rapiebat
452 2229 542 2300 (Cons.
564 2231 612 2285 lib.
627 2233 654 2301 ³,
665 2247 688 2288 c.
704 2234 732 2300 1,
745 2248 774 2288 n.
789 2235 826 2306 8).

131 2319 157 2371 3.
181 2316 373 2382 Quamobrem
395 2316 518 2373 instituit
537 2318 666 2374 animum
682 2320 805 2391 adjicere
824 2323 861 2378 ad
874 2323 946 2380 Scri·

95 2408 193 2476 pluras
214 2422 317 2474 sacras,
337 2410 369 2462 ut
383 2408 481 2478 quales
495 2407 565 2479 ipsae
579 2413 683 2476 essent,
699 2411 868 2481 exploraret.
890 2413 944 2469 Sed

94 2493 141 2548 hic
154 2493 236 2550 illum
251 2495 371 2552 offendit
386 2496 525 2568 impervia
534 2496 583 2552 illa
598 2498 709 2571 magnis
723 2504 752 2556 et
764 2501 829 2556 altis
842 2502 945 2573 spiriti·

94 2580 147 2636 bus
160 2582 337 2654 simplicitas,
354 2584 483 2657 indigna,
499 2601 528 2640 se
542 2584 650 2657 judice,
666 2603 731 2660 quae
744 2588 882 2645 Tulliana
898 2590 942 2644 di-

93 2670 195 2741 gnitati
209 2678 430 2745 compararetur.
448 2675 545 2746 Neque
560 2691 626 2730 rero
640 2675 664 2730 is
676 2681 737 2731 tum
750 2682 822 2741 erat.
842 2679 891 2751 qui
907 2680 942 2734 ad

93 2775 156 2815 eam
172 2760 267 2816 enimi
279 2762 457 2831 modestiam,
474 2780 532 2835 qua
551 2768 629 2836 patet
649 2764 684 2819 ad
698 2765 762 2821 illas
781 2766 873 2822 aditus
892 2767 943 2823 de-

92 2849 167 2905 mitti
180 2855 284 2922 posset.
300 2851 513 2924 Dedignabatur
528 2869 589 2908 esse
604 2855 749 2925 parvulus,
766 2860 795 2910 et
808 2856 940 2928 turgidus

92 2939 165 2994 tastu
178 2940 233 2995 sibi
246 2940 307 3011 ipse
319 2941 437 3013 grandis
452 2941 601 2998 videbatur
613 2942 709 3010 (llio,
725 2959 747 2998 c.
765 2948 791 3009 5,
808 2959 838 3001 n.
854 2945 891 3018 u).

126 3029 154 3082 4.
166 3027 276 3092 Quanto
285 3030 392 3101 maiore
402 3030 512 3102 ingenii
522 3031 638 3086 solertia
648 3035 676 3087 et
685 3033 838 3104 sagacitate
848 3034 941 3089 scien-

92 3115 145 3170 tias
161 3132 261 3172 omnes
280 3117 456 3189 percipiebat
474 3119 544 3173 citra
560 3119 649 3173 ullam
664 3120 792 3191 magistri
811 3138 940 3193 operam,

91 3208 171 3260 tanto
184 3204 318 3277 proniore
337 3207 367 3262 in
382 3206 575 3278 arrogantiam
589 3207 699 3279 impetu
713 3208 867 3267 ferebatur.
883 3215 942 3266 An-

92 3310 145 3349 nos
162 3294 253 3350 ferme
268 3294 370 3367 viginti
386 3300 471 3351 natus
484 3295 515 3350 in
529 3295 688 3351 Aristotelis
699 3298 856 3369 categorias
870 3299 941 3355 inci·

93 3383 144 3451 dit,
161 3388 263 3456 quasa
280 3385 393 3441 rhetore
408 3384 623 3456 Carthaginensi
636 3385 773 3457 magistro
788 3404 849 3455 suo,
865 3388 941 3443 aliis·

25 3534 30 3543 ,
93 3489 149 3546 que
175 3474 224 3546 qui
254 3475 328 3530 docti
351 3474 541 3545 habebantur,
567 3478 646 3530 tanta
664 3476 816 3532 verborum
836 3494 940 3551 pompa

93 3563 287 3619 commendari
301 3563 440 3632 audierat,
454 3568 487 3619 ut
501 3580 549 3619 eas
558 3569 706 3636 tamquam
716 3565 786 3638 quid
800 3583 939 3638 magnum

95 3656 122 3707 et
135 3651 265 3708 divinum
288 3653 382 3725 legere
405 3657 588 3725 peroptaret:
611 3655 659 3710 sed
683 3655 735 3710 has
757 3659 938 3712 tamencum

94 3741 170 3796 solus
182 3742 305 3814 legisset,
320 3742 390 3798 adeo
402 3742 487 3813 plene
502 3743 651 3810 intellexit,
665 3746 698 3799 ut
709 3749 863 3817 postquam
874 3762 939 3802 cum

93 3829 151 3884 illis
169 3831 218 3902 qui
233 3830 347 3886 easdem
365 3847 382 3884 a
401 3830 581 3902 peritissimis
606 3832 757 3904 magistris,
779 3850 845 3889 cum
859 3851 936 3903 voce,

93 3923 154 3974 tum
177 3918 278 3990 figuris
296 3920 325 3974 iu
345 3921 463 3992 pulvere
483 3919 602 3993 depictis
616 3920 758 3992 expositas
772 3922 818 3977 aix
832 3922 937 3978 didice-

92 4012 167 4076 rant,
188 4025 351 4064 sermonem
369 4009 544 4076 contulisset,
561 4009 639 4066 aliud
658 4010 730 4066 nihil
744 4011 780 4066 ab
794 4011 835 4066 eis
850 4029 937 4084 qoam

92 4097 167 4170 quod
185 4098 246 4170 ipso
268 4102 369 4170 suopte
397 4098 515 4169 ingenio
529 4098 717 4172 cognovisset,
731 4101 881 4172 acceperit.
900 4103 937 4157 Ex

90 4187 144 4242 lrac
157 4191 254 4242 tamen
268 4187 389 4243 lectione
404 4204 461 4243 non
479 4189 538 4243 leve
553 4187 736 4260 dispendium
751 4205 850 4260 passus
865 4194 936 4256 erat,

1003 1951 1146 2023 societate,
1167 1955 1278 2026 juvabit
1306 1957 1429 2029 ipsomet
1453 1967 1587 2017 narrante
1607 1978 1791 2035 cognoscere.
1822 1969 1860 2023 lu

1002 2040 1103 2111 primis
1114 2059 1180 2098 sero
1188 2045 1533 2103 lenocinabunturaaimis
1545 2051 1633 2105 multa
1641 2052 1851 2123 pollicitatione

1002 2130 1137 2186 docendae
1161 2132 1296 2199 veritalis,
1319 2136 1488 2192 catholicam
1504 2138 1654 2195 Ecclesiam
1673 2157 1708 2197 eo
1725 2144 1851 2200 maxime

1002 2221 1118 2277 nomine
1135 2222 1330 2293 criminantes,
1350 2226 1427 2296 quod
1443 2226 1530 2283 fidem
1543 2227 1710 2301 imperaret,
1725 2247 1785 2288 non
1799 2235 1852 2290 do-

1000 2314 1086 2368 cerei.
1108 2311 1146 2366 Ea
1160 2313 1204 2366 rel
1225 2313 1285 2368 sola
1306 2330 1356 2385 spe
1372 2314 1503 2371 delusum
1523 2334 1553 2373 se
1574 2322 1695 2376 testatur
1717 2323 1853 2394 Augusti·

1000 2415 1065 2468 uus,
1080 2415 1114 2456 eo
1141 2402 1292 2472 quadrari
1308 2402 1472 2460 inveniendi
1486 2407 1607 2478 cupidus
1622 2415 1706 2477 esset,
1727 2416 1758 2466 et
1774 2413 1850 2485 quod

999 2486 1084 2543 insito
1103 2489 1193 2544 animi
1215 2495 1327 2546 tumore
1350 2508 1402 2548 ceu
1425 2494 1515 2548 aniles
1537 2495 1648 2551 fabulas
1669 2504 1850 2571 computaret

999 2591 1188 2650 quaecumque
1207 2578 1318 2634 ratione
1337 2597 1396 2636 non
1410 2582 1613 2641 constitissent.
1631 2586 1704 2652 Quia
1718 2591 1790 2644 enim
1811 2605 1850 2645 mc

999 2667 1086 2735 aliud,
1101 2666 1207 2739 inquit,
1222 2671 1330 2736 cogebat
1344 2674 1602 2741 annosferenouem,
1614 2681 1706 2745 spreta
1719 2679 1850 2746 religione

998 2771 1058 2826 qua
1069 2758 1139 2812 mihi
1149 2758 1264 2828 paurulo
1276 2760 1460 2830 aparentibus
1474 2763 1559 2817 insita
1571 2768 1640 2827 erat,
1657 2765 1778 2822 homines
1791 2769 1849 2823 illos

997 2847 1075 2914 sequi
1088 2862 1120 2901 ac
1139 2847 1283 2915 diliqenter
1300 2849 1413 2918 audire,
1435 2852 1491 2905 nisi
1505 2852 1578 2920 quod
1592 2868 1639 2908 nos
1654 2859 1848 2924 superstitione

998 2937 1103 2998 terreri,
1119 2940 1145 2990 et
1164 2936 1244 3007 fidem
1257 2938 1334 2993 nobis
1348 2944 1410 2994 ante
1423 2942 1555 2995 rationem
1569 2944 1702 3012 imperari
1716 2944 1845 3013 dicererat,

996 3039 1023 3079 se
1037 3029 1127 3080 autem
1146 3027 1250 3081 nullum
1260 3042 1381 3097 premere
1398 3028 1436 3083 ad
1449 3026 1542 3099 fidem,
1556 3032 1612 3085 nisi
1628 3033 1708 3101 prius
1724 3034 1847 3090 discussa

996 3118 1022 3167 et
1035 3115 1151 3169 enodata
1162 3118 1276 3171 ueritate
1286 3117 1300 3172 i
1311 3120 1377 3187 Quis
1390 3132 1444 3172 non
1459 3120 1502 3173 bis
1511 3120 1756 3188 pollicitationibus
1770 3125 1849 3180 illice

995 3207 1071 3257 retur
1083 3207 1234 3274 presertim
1246 3205 1420 3261 adolescentis
1435 3209 1541 3264 animas
1557 3210 1673 3279 cupidus
1682 3214 1752 3282 ueri,
1766 3217 1846 3268 etium

994 3293 1184 3348 nonnullorum
1207 3296 1237 3349 in
1256 3295 1349 3351 schola
1366 3296 1503 3351 doctorum
1525 3297 1661 3354 bominum
1681 3299 1845 3371 disputatio

994 3381 1074 3436 nitus
1089 3383 1220 3452 superbus
1232 3387 1256 3439 et
1271 3385 1400 3452 qarrutus
1412 3400 1419 3438 :
1431 3386 1537 3455 qualem
1551 3402 1593 3442 me
1606 3393 1670 3443 tuno
1684 3390 1728 3444 itti
1742 3392 1846 3445 invene

994 3475 1068 3539 runt,
1091 3476 1258 3542 spernentem
1276 3475 1377 3530 scilicet
1391 3477 1471 3543 quasi
1484 3476 1569 3532 onitu
1582 3476 1704 3545 tabulas,
1720 3483 1747 3534 et
1761 3479 1797 3534 ab
1808 3483 1845 3534 eis

992 3563 1166 3632 promissum,
1188 3567 1312 3632 apertum
1334 3567 1359 3618 et
1381 3566 1515 3620 sincerum
1534 3581 1627 3621 reum
1650 3572 1738 3623 tenere
1767 3574 1846 3640 atquc

995 3653 1106 3706 haurire
1127 3654 1277 3722 cupientem
1297 3652 1345 3724 (lle
1360 3655 1483 3711 Utilitatc
1497 3655 1633 3724 credendi,
1646 3673 1674 3711 n.
1696 3659 1749 3728 it?
1766 3659 1844 3714 llaud

995 3739 1156 3795 leviorerat
1178 3740 1213 3795 ad
1234 3741 1367 3795 haeresim
1391 3741 1526 3798 illecebra
1545 3743 1653 3814 species
1673 3744 1791 3816 pietatis
1814 3763 1845 3800 ac

995 3829 1080 3884 decus
1099 3828 1211 3900 insigne
1229 3828 1421 3898 continentiae,
1437 3831 1514 3902 quod
1536 3832 1606 3886 falso
1632 3849 1693 3903 pree
1716 3849 1747 3888 se
1776 3834 1844 3889 iere

994 3918 1064 3975 bant
1077 3918 1232 3986 llanichoei,
1244 3922 1274 3974 in
1288 3935 1401 3989 quorum
1415 3936 1460 3976 ore
1474 3922 1565 3992 laquei
1576 3922 1691 3989 diaboti,
1707 3928 1732 3979 et
1743 3927 1843 3980 viscum

993 4010 1142 4075 confectum
1156 4011 1344 4064 commistione
1357 4011 1527 4081 syllabarum
1547 4013 1665 4066 nominis
1688 4015 1732 4067 tui
1755 4019 1781 4068 et
1796 4016 1843 4069 llo-

993 4098 1131 4151 minilesu
1140 4097 1254 4167 Christi,
1264 4099 1431 4154 etParacleti
1439 4101 1612 4156 consolatoris
1622 4104 1710 4156 nostri
1719 4103 1841 4174 Spiritus

993 4185 1089 4239 sancti.
1106 4186 1167 4239 lieo
1193 4188 1302 4241 nomina
1315 4202 1369 4241 non
1390 4188 1529 4243 recedebat
1552 4189 1586 4244 cie
1609 4206 1653 4246 ore
1672 4207 1776 4264 eorum,
1797 4192 1842 4247 scd

90 4273 127 4329 ob
151 4274 250 4330 lnlsam
269 4274 317 4329 llei
338 4274 463 4346 speciem
477 4291 564 4347 quam
578 4274 675 4329 animo
692 4274 817 4331 imbibit.
832 4277 936 4331 Proce—
993 4277 1069 4328 taius
1083 4288 1146 4329 sorio
1160 4277 1185 4328 et
1197 4277 1312 4345 strepitu
1325 4277 1438 4344 linquae;
1448 4283 1474 4332 et
1488 4283 1611 4334 catarum
1622 4282 1762 4336 coritiana
1775 4284 1839 4337 ceri.

89 4363 175 4419 dente
189 4368 318 4436 tempore
331 4364 400 4435 legit
414 4363 523 4435 pariter
536 4379 637 4418 omnes
653 4362 759 4418 artium
773 4363 935 4420 liberalium
992 4363 1028 4419 Et
1053 4362 1187 4427 dicebant,
1211 4365 1318 4420 Veritas
1332 4369 1357 4419 et
1374 4369 1475 4421 veritos
1490 4382 1498 4419 ε
1519 4372 1545 4422 ct
1562 4369 1678 4423 multum
1692 4384 1753 4425 eam
1767 4371 1840 4425 dicc-

87 4452 185 4521 libros,
209 4458 349 4525 quotquot
374 4453 403 4507 in
420 4453 497 4508 illins
515 4468 617 4508 manns
632 4457 790 4522 venerunt;
810 4458 838 4508 et
852 4453 935 4525 quid·
992 4451 1058 4506 bant
1074 4451 1128 4523 ipsi
1142 4452 1313 4523 Augustino,
1330 4458 1355 4508 et
1377 4469 1512 4524 nusquam
1525 4461 1584 4512 erat
1611 4458 1639 4510 in
1658 4459 1698 4512 eis
1721 4459 1838 4528 (Consu.

89 4542 158 4616 quid
174 4541 208 4596 de
229 4543 362 4598 facultate
381 4541 494 4598 dicendi
513 4545 541 4596 et
559 4541 729 4608 disserendi,
745 4542 886 4614 quidquid
901 4543 936 4598 de
992 4539 1040 4601 lib.
1057 4542 1083 4606 3,
1096 4555 1119 4594 c.
1135 4542 1160 4608 6,
1177 4555 1204 4594 n.
1223 4540 1274 4608 ro).
1297 4541 1405 4611 Nempe
1424 4542 1485 4596 haec
1499 4542 1558 4597 lere
1572 4543 1658 4599 insita
1673 4549 1717 4600 est
1733 4545 1836 4600 nostris

88 4627 268 4699 geometricis
280 4628 375 4698 rebus,
386 4626 528 4699 quidquid
539 4626 574 4680 de
589 4625 706 4680 musicis
720 4626 793 4681 etde
806 4627 935 4682 nonacris
991 4627 1095 4683 animis
1109 4628 1216 4700 opinio,
1232 4628 1367 4685 virtutem
1382 4631 1587 4705 veritatemque
1601 4651 1707 4707 magna
1722 4635 1799 4692 inter
1812 4651 1839 4689 se

88 4714 183 4786 legere
197 4714 300 4786 potuit,
316 4731 368 4786 per
387 4715 524 4787 seipsum,
543 4713 619 4768 facili
637 4712 764 4784 negotio,
784 4714 864 4769 nullo
885 4716 934 4770 ho·
990 4715 1198 4772 necessitudine
1212 4716 1360 4785 devinciri,
1375 4735 1470 4791 neque
1484 4721 1558 4777 hane
1577 4722 1645 4778 inde
1664 4724 1776 4792 abessa,
1792 4724 1838 4779 ubi

87 4803 201 4859 minum
212 4803 343 4859 tradente
357 4803 508 4859 intellexit.
527 4802 706 4874 Quapropter
720 4816 778 4857 nan
794 4804 936 4859 sentiebat
990 4805 1165 4861 castimoniae
1192 4806 1280 4862 virtus
1297 4808 1415 4865 eluceat.
1440 4809 1511 4865 llinc
1533 4812 1712 4885 Augustinus
1741 4814 1839 4870 scribit

87 4894 151 4949 illas
165 4896 240 4948 artes
259 4893 303 4948 rel
324 4893 360 4947 ab
384 4891 517 4949 studiosis
540 4893 702 4965 quibusque
724 4907 756 4945 ac
778 4891 935 4965 ingeniosis
990 4892 1061 4949 duas
1085 4895 1209 4950 maxime
1229 4911 1289 4951 esse
1312 4896 1458 4954 illecebras
1479 4900 1714 4968 lianichaeorum,
1734 4902 1838 4974 quibus

88 4981 254 5039 difficillime
269 4979 389 5053 percipi,
412 4980 467 5035 nisi
486 4996 552 5036 cum
571 4979 686 5035 easdem
705 4978 761 5034 illis
776 4982 934 5037 conabatur
989 4983 1172 5056 decipiuntur
1192 4985 1310 5057 incauti,
1329 4991 1361 5042 ut
1384 5003 1432 5042 eos
1455 4987 1546 5044 reliut
1564 4990 1670 5046 habere
1694 4991 1835 5060 doctores,

88 5090 251 5147 exponere;
266 5076 351 5144 atque
366 5077 428 5126 erat
444 5071 493 5126 ilie
508 5070 759 5127 excellentissimus
773 5069 802 5125 in
816 5071 867 5140 eis,
883 5073 934 5145 qui
989 5074 1088 5143 altera,
1110 5090 1176 5129 eam
1192 5074 1258 5130 riter
1281 5079 1365 5130 castae
1384 5092 1415 5130 ac
1438 5078 1635 5134 memorabilis
1654 5080 1837 5136 continentie

86 5165 182 5238 ipsum
205 5165 396 5234 exponentem
415 5176 475 5215 non
496 5161 606 5216 tardius
625 5164 802 5232 sequeretur.
819 5161 878 5217 Scis
895 5168 932 5226 tu,
981 5162 1144 5234 imaginem
1158 5165 1333 5233 praeierunt;
1349 5166 1449 5235 altera,
1472 5182 1539 5222 cum
1561 5167 1723 5240 Scripturas
1739 5186 1835 5242 repre-

87 5251 191 5325 inquit,
202 5251 330 5309 Domims
339 5252 498 5319 berennus,
509 5252 575 5320 quia
584 5253 609 5304 ct
618 5250 740 5305 celeritas
752 5250 930 5320 intelligendi,
988 5250 1128 5316 handunt,
1144 5254 1188 5308 rel
1202 5269 1273 5325 quas
1289 5253 1361 5309 male
1375 5254 1549 5327 intelligunt,
1562 5258 1606 5313 vel
1620 5274 1693 5329 quas
1707 5259 1783 5314 male
1797 5259 1837 5314 in·

87 5345 113 5396 et
126 5341 294 5412 dispiciendi
307 5356 427 5407 acumen,
443 5339 543 5393 donum
558 5343 633 5393 tuum
649 5344 707 5394 cst:
731 5338 779 5394 sed
796 5354 849 5394 non
870 5341 933 5396 inde
987 5339 1079 5412 telligi
1106 5342 1204 5397 volunt
1226 5343 1402 5414 melioribus
1429 5345 1500 5400 liccl.
1527 5346 1601 5401 cati.
1620 5346 1669 5400 lib.
1694 5349 1718 5412 1,
1738 5363 1770 5403 n.
1798 5347 1834 5419 t).

87 5431 273 5500 sanititatem
288 5430 347 5487 tibi.
367 5431 464 5499 ltaque
476 5429 546 5483 mibi
556 5442 610 5484 non
619 5428 657 5483 ad
668 5443 757 5498 usum,
770 5429 817 5483 sed
827 5428 865 5483 ad
871 5445 933 5500 per·
988 5427 1211 5485 Commorebant
1220 5445 1288 5485 sane
1299 5431 1361 5502 ejus
1370 5430 1499 5488 animum
1509 5433 1596 5488 etiam
1606 5450 1671 5506 quse
1684 5435 1834 5492 adversum
1860 5504 1869 5521 ι

85 5519 182 5575 niciam
197 5522 284 5588 manis
298 5520 406 5577 ualebat
421 5516 514 5588 (ibici,
536 5516 584 5574 lib.
600 5518 626 5574 l.
642 5532 702 5589 cap.
722 5518 766 5590 16,
780 5533 808 5573 n.
827 5519 861 5574 28
876 5518 929 5590 30).
987 5518 1092 5575 Christi
1112 5519 1227 5575 Domini
1246 5519 1478 5593 genealogiama
1501 5521 1634 5578 llatthaeo
1648 5527 1678 5578 et
1694 5525 1770 5580 Luca
1783 5524 1834 5581 de·
