3884 6112
727 172 1003 274 nrnsn'rnlnns.
1693 229 1745 283 sou

71 327 137 385 bilsa
149 343 298 398 numeros,
312 329 364 402 qui
372 331 435 402 jam
456 329 524 388 s'unt
537 332 568 388 in
587 333 650 405 ipsa
664 335 838 392 immutabili

71 419 114 484 ts,
129 419 158 472 et
171 416 212 472 sia
225 416 384 474 invisibilia
399 418 460 487 Dei,
480 436 532 491 per
546 437 580 475 ea
594 437 659 494 quas
674 423 837 492 factasunt,

71 500 360 577 mconspiciantur.
375 508 457 573 Quod
469 509 520 581 qui
534 525 593 565 nun
608 516 738 583 possunt,
754 518 783 568 et
797 518 839 568 ta·

73 608 107 650 ex
125 593 182 649 fide
198 595 304 651 Christi
316 596 424 665 vivunt,
438 597 472 653 ad
491 598 541 653 illa
555 601 660 655 ceruus
676 606 761 673 atque
776 602 839 657 tali-

71 683 260 754 ronspicienda
271 690 335 755 post
347 685 421 739 hanc
433 685 521 740 vitam
532 688 661 744 veniunt.
672 688 727 753 Qui
743 694 839 744 autern

74 775 115 839 nt,
132 771 156 826 si
171 772 246 828 desit
259 773 301 828 eis
320 773 391 829 lidas
404 774 520 846 Christi,
535 777 585 848 qui
608 794 682 833 unus
695 777 839 833 mediator

71 859 94 914 si
107 864 137 914 at
151 860 312 931 bominum,
329 879 396 917 cum
411 867 471 918 tota
484 865 626 935 sapientia
639 883 689 921 sua
704 871 837 936 pereunt.

71 957 102 1012 ln
116 957 169 1012 boc
184 957 257 1013 libro
272 959 345 1014 iilud
364 961 442 1032 quod
458 961 525 1027 dixi,
541 964 665 1033 Corpora
677 965 748 1018 enim
762 967 840 1018 tanto

71 1061 97 1100 u
119 1052 221 1115 quanto
247 1052 433 1104 nurnerosioro
458 1050 559 1106 talibas
585 1054 705 1106 rtumcris
721 1067 728 1106 ε
746 1053 840 1106 anima

71 1136 123 1190 'stis
146 1151 206 1205 quae
230 1152 281 1206 per
299 1152 396 1208 cupas
410 1141 521 1210 accipit,
547 1141 662 1195 carenda
681 1143 714 1209 fit
733 1142 838 1206 metior,

71 1237 114 1279 ese
127 1227 227 1279 auertit
241 1241 259 1279 a
272 1227 430 1282 carnalibus
439 1228 573 1298 sensibus,
585 1233 612 1284 et
621 1229 723 1284 diuinis
733 1231 840 1299 sapien·

71 1314 164 1366 rmeris
181 1315 350 1380 reformatur
374 1316 447 1384 (Lib.
471 1319 498 1384 6,
514 1334 538 1372 c.
554 1319 581 1384 4,
608 1334 636 1372 a.
663 1319 702 1388 7),
725 1334 784 1373 non
799 1317 840 1372 sic

71 1400 184 1456 ‚endum
198 1406 250 1467 est,
272 1403 354 1474 quasi
370 1420 430 1458 non
445 1405 504 1460 sint
516 1405 604 1460 futuri
616 1407 731 1461 numeri
740 1423 840 1479 corpo·

72 1487 102 1543 in
122 1491 289 1561 corporibus
305 1491 570 1564 incorruptibilibus
584 1500 613 1550 et
631 1495 837 1566 spiritualibus;

71 1576 155 1631 nulto
175 1577 351 1648 speciosiora
361 1585 391 1635 et
406 1580 569 1636 decentiora
583 1581 679 1637 futura
695 1582 751 1638 siut
767 1600 773 1638 :
789 1589 839 1639 aut

71 1682 81 1720 ι
95 1681 144 1721 eos
164 1682 281 1722 sensura
295 1669 407 1737 nonsit,
417 1672 533 1741 qnando
544 1670 598 1726 erit
609 1671 729 1743 optima,
740 1689 838 1745 quem·

71 1754 140 1810 dum
159 1756 260 1812 hiscis
279 1759 403 1813 carendo
425 1760 460 1814 tit
480 1759 591 1814 melior.
609 1761 659 1816 llic
673 1761 751 1816 enim
765 1778 837 1833 opus

82 1849 213 1900 avertere
238 1862 295 1901 sea
309 1847 476 1903 carnalibus
500 1849 629 1903 sensibus
650 1851 685 1904 ad
699 1849 836 1921 intelligi·

74 1933 225 2005 capienda,
256 1935 325 2006 quia
349 1935 465 1992 intirma
488 1941 540 2005 est,
561 1940 590 1992 et
614 1937 709 1993 minus
732 1938 837 1993 idonea

71 2036 114 2094 [ua
128 2021 214 2078 simul
231 2023 368 2080 adhibere
382 2025 572 2080 intentionem
590 2043 671 2080 suam
686 2042 693 2081 :
708 2031 736 2082 et
752 2027 837 2082 inhis

71 2110 180 2166 ratibus
208 2128 285 2167 nunc
307 2113 440 2168 illecebra
463 2115 589 2170 cavenda
616 2119 669 2184 est,
698 2116 837 2187 quamdiu

71 2212 83 2254 ι
107 2199 178 2255 illici
200 2201 233 2257 ad
262 2201 480 2258 delectationem
500 2208 614 2274 turpem
634 2207 735 2275 potest.
759 2205 837 2259 Tunc

71 2293 155 2344 atam
165 2288 249 2344 firma
259 2290 313 2344 erit
333 2294 418 2362 atqua
430 2291 567 2363 perfecta,
585 2297 614 2346 ut
630 2292 759 2348 numeris
773 2309 835 2349 cor-

71 2375 132 2432 ibus
152 2393 212 2432 non
227 2383 372 2434 avertatur
385 2397 402 2434 a
416 2380 657 2453 contemplatione
677 2381 834 2452 sapientie,

80 2466 246 2522 sentiateos
260 2472 364 2523 utnon
385 2469 522 2526 illiciatur
540 2471 576 2526 ab
595 2471 644 2537 eis,
661 2487 714 2527 nec
734 2471 774 2527 eis
789 2488 835 2526 ca·

71 2555 139 2610 »ilat
153 2555 275 2625 melion
299 2559 350 2613 sed
372 2558 413 2612 ita
427 2559 464 2615 sit
487 2559 563 2615 bona
582 2564 611 2616 et
631 2565 717 2631 recta,
733 2566 766 2616 ut
783 2577 837 2616 nec

71 2669 73 2694 t
90 2645 201 2717 possint
215 2661 278 2700 eam
293 2663 346 2703 neo
360 2663 508 2720 occupare.

71 2744 130 2799 tem
141 2742 295 2815 quoddixi,
307 2746 369 2800 Haec
379 2750 468 2800 autem
485 2748 590 2801 sanitas
606 2751 669 2801 tuuc
678 2748 837 2817 punissimo

71 2835 131 2902 tque
149 2835 309 2898 certissima,
325 2849 386 2889 cum
403 2837 529 2904 pristine
541 2836 689 2892 stabilitati
704 2841 774 2892 certo
788 2852 836 2892 sua

71 2925 192 2990 reatque
206 2922 301 2977 ordine
315 2924 362 2979 boc
374 2940 471 2994 corpus
491 2927 577 2993 struit
596 2927 751 2980 restitutum
770 2924 833 2997 (la,

75 3022 106 3076 n,
132 3008 186 3079 1³),
199 3025 258 3064 nou
273 3009 312 3065 ita
340 3010 448 3065 dictum
471 3017 596 3083 putetur,
611 3013 695 3085 quasi
708 3030 768 3068 non
780 3013 837 3069 sint

71 3110 84 3150 a
108 3100 173 3167 post
196 3098 432 3154 resurrectionem
455 3116 575 3172 corpora
594 3101 723 3169 meliora,
748 3118 835 3173 quam

71 3182 146 3240 >rum
160 3185 309 3241 hominum
323 3186 352 3242 in
364 3188 496 3259 paradiso
512 3190 636 3257 inerunt,
647 3190 768 3245 camilla
775 3192 835 3262 jam

71 3273 127 3329 sint
150 3275 251 3330 alenda
270 3277 464 3348 corporalibus
491 3279 644 3347 alimentis,
663 3279 767 3351 quibus
782 3281 836 3335 ala·

71 3377 92 3417 vr
104 3361 159 3417 ista
174 3380 181 3417 :
195 3364 245 3419 sed
255 3365 377 3435 pristina
396 3366 533 3422 stabilitas
543 3368 680 3423 hactenus
694 3369 835 3441 accipien-

71 3455 88 3520 t,
99 3455 241 3524 quatenus
255 3453 458 3525 egritudinem
476 3455 516 3510 ita
530 3457 641 3514 nullam
654 3474 774 3531 corpora
787 3458 836 3514 illa

71 3543 141 3608 atur,
156 3541 230 3597 sicut
243 3558 295 3598 nec
309 3543 364 3598 ista
382 3545 441 3615 pati
456 3550 573 3616 possent
585 3552 651 3602 ante
674 3551 834 3619 peccatum.

71 3637 130 3694 Alio
146 3639 226 3695 loco:
250 3641 486 3709 Catorissium,
503 3645 627 3714 iuquam,
643 3646 726 3715 lapan
740 3645 837 3699 mundi

71 3768 73 3781 .
101 3728 180 3794 Quod
200 3732 271 3784 enim
294 3731 323 3784 iu
347 3731 394 3785 illo
417 3734 511 3786 anima
526 3735 634 3803 querit,
657 3736 836 3788 comtantiam

71 3816 344 3888 rtfaeteruitatemque,
366 3835 419 3875 aon
440 3821 544 3875 inuenit
565 3838 572 3876 :
595 3824 723 3893 quoniam
744 3838 836 3878 rerum

71 3904 106 3960 ra
118 3907 265 3976 completur
291 3909 401 3976 infirma
414 3910 599 3979 pulchritudo,
613 3916 639 3966 et
653 3911 726 3980 quod
743 3914 772 3967 iu
786 3913 836 3967 iila

71 3997 112 4050 he·
126 3998 316 4065 constantiam,
332 4013 350 4050 a
366 4012 468 4053 summo
483 4001 535 4054 Deo
546 4015 597 4069 per
610 4002 730 4056 ouirnam
750 4001 834 4070 troji-

71 4087 218 4156 :quonian
241 4088 319 4156 prior
336 4092 376 4142 est
396 4076 496 4157 specics
517 4090 701 4145 tantummodo
720 4096 836 4159 ternpore

71 4173 190 4238 utatilis,
204 4190 287 4243 quam
301 4180 340 4229 est
354 4191 395 4243 ca,
411 4191 472 4246 que
485 4181 510 4231 et
526 4182 643 4247 tempore
653 4183 678 4232 ct
691 4179 754 4233 locis
767 4180 833 4248 (lat,

71 4303 74 4323 ,
97 4276 126 4318 a.
142 4261 197 4335 4³).
219 4265 283 4318 llaec
298 4264 383 4318 verba
397 4265 422 4319 si
446 4280 479 4319 eo
495 4265 580 4320 modo
595 4265 685 4338 accipi
700 4272 832 4337 possunt,

71 4349 282 4423 nintelligatur
296 4352 396 4408 intima
411 4353 606 4424 pulchritudo,
627 4355 722 4411 nisiin
737 4370 835 4427 corpo·

91 4438 254 4509 hominum,
283 4442 472 4515 omniumque
495 4442 674 4510 animalium,
690 4460 755 4516 quae
770 4461 834 4499 cum

92 4529 221 4600 corporis
235 4530 342 4598 vivunt,
363 4531 435 4586 ratio
460 4531 611 4588 manifesta
626 4533 761 4589 defendit.
778 4536 835 4589 Hoc

71 4633 92 4673 »e
105 4617 393 4690 ineapulchritudine
407 4620 536 4676 imitatur
546 4622 745 4686 constantiam,
759 4624 835 4695 quod

71 4722 171 4780 mpage
186 4724 238 4762 sua
249 4713 368 4763 manent
382 4709 482 4765 eadem
496 4726 627 4782 corpora,
648 4711 679 4766 in
693 4717 833 4784 quantum

71 4800 101 4851 nt
112 4811 119 4850 :
131 4795 159 4851 id
170 4799 266 4851 autem
281 4813 420 4852 asumma
432 4799 488 4853 lleo
500 4797 530 4852 iu
545 4814 578 4853 ea
587 4801 773 4870 peranimam
779 4806 833 4857 tra-

71 4900 86 4939 ,·.
97 4883 202 4939 Anima
216 4884 323 4956 quippe
342 4886 434 4958 ipsam
446 4893 709 4958 compagemtenet,
725 4906 760 4944 ne
775 4889 833 4945 dis-

71 4989 117 5043 ur,
131 4977 160 5028 st
173 4973 302 5044 diilluat3
315 4975 392 5046 quod
402 4975 533 5031 videmus
546 4976 577 5032 iu
590 4978 757 5050 corporibus
771 4979 833 5034 ani-

72 5075 102 5117 m
110 5060 207 5116 anima
215 5062 380 5117 discedente
391 5064 567 5136 contingere.
584 5064 612 5121 Si
623 5070 720 5122 autem
734 5065 834 5122 infima

71 5147 165 5204 ritudo
180 5148 211 5204 in
226 5149 359 5205 omnihus
374 5151 544 5223 corporibus
557 5151 743 5225 intelligatur,
759 5155 834 5225 cogit

73 5237 185 5292 utentia
195 5237 281 5294 etiam
291 5238 386 5310 ipsum
396 5241 538 5296 muudum
551 5241 658 5297 animal
666 5242 791 5312 credere,
802 5248 834 5298 ut

83 5322 115 5379 in
129 5323 225 5395 ipsum
234 5325 256 5393 ¹,
268 5326 345 5398 quod
354 5327 386 5382 in
405 5328 454 5383 illo
464 5328 595 5384 imitatur
609 5328 833 5399 constantiam,a

71 5524 110 5571 v..
125 5510 255 5576 idipsum.
272 5511 324 5562 Alii
337 5512 402 5563 Edd.
416 5516 446 5565 in
459 5486 573 5577 tiresian.¹

893 354 1006 395 summo
1020 339 1266 411 Desperanimam
1276 341 1433 415 trajiciatur
1442 346 1490 416 (a).
1501 346 1555 401 Sed
1565 347 1670 402 animal
1683 365 1744 404 esse

893 427 982 484 istum
992 429 1142 498 mundum,
1161 429 1233 485 sicut
1248 433 1328 486 Plato
1344 431 1441 499 sensit,
1458 432 1565 505 aliique
1579 435 1745 508 philosophi

894 516 1170 589 quamplurimi,nec
1181 518 1376 576 rationeoerta
1389 520 1527 593 indagare
1538 522 1630 592 potui,
1645 523 1746 578 necdi-

893 603 1025 660 viuarum
1051 605 1262 678 scripturarum
1286 608 1455 665 auctoritate
1477 610 1643 682 persuaderi
1663 628 1745 682 posse

893 692 1023 764 cognovi.
1045 694 1125 749 Unda
1138 695 1195 750 tale
1205 695 1314 767 aliquid
1329 713 1345 750 a
1359 713 1405 752 ma
1419 697 1528 753 dictum
1543 714 1600 770 quo
1612 697 1641 753 id
1656 698 1746 771 accipi

893 781 993 852 possit,
1007 782 1094 839 etiam
1107 783 1138 840 iu
1152 785 1225 841 libro
1240 786 1275 841 de
1290 787 1507 843 immortalitate
1516 787 1627 842 Animae
1636 791 1745 843 temere

893 869 1001 929 dictum
1020 871 1116 926 notavi
1135 872 1206 943 (Lib.
1224 878 1235 928 l
1253 876 1385 944 Retract,
1400 891 1423 930 c.
1440 879 1468 942 5,
1487 892 1515 930 n.
1537 878 1584 946 a);
1601 891 1660 930 uon
1675 875 1744 948 quia

894 958 948 1012 boc
962 957 1064 1014 falsum
1084 977 1145 1015 esse
1160 960 1311 1027 confirma,
1332 962 1381 1018 sed
1404 962 1473 1034 quia
1494 978 1547 1018 nec
1567 979 1667 1018 verum
1681 980 1743 1020 csse

893 1047 1115 1117 comprehendo,
1131 1050 1206 1120 quod
1224 1052 1261 1105 sit
1272 1051 1378 1106 animal
1391 1052 1526 1107 mundus.
1545 1053 1603 1107 lloc
1624 1051 1744 1107 sanein·

893 1150 1027 1190 concussa
1055 1135 1239 1193 retinendum
1255 1154 1315 1194 esse
1335 1156 1393 1195 non
1416 1139 1526 1206 dubito,
1548 1141 1639 1195 Deum
1660 1140 1744 1195 uobis

893 1239 950 1278 non
970 1239 1031 1279 essa
1046 1224 1133 1279 istum
1154 1227 1306 1296 mundum,
1330 1227 1389 1283 sire
1404 1228 1501 1283 anima
1523 1229 1584 1300 ejus
1598 1230 1667 1297 ulla,
1684 1229 1742 1285 siva

892 1311 973 1365 nulla
985 1310 1032 1368 sit.
1044 1311 1121 1391 *Quia
1133 1312 1157 1366 si
1172 1314 1231 1368 ullu
1246 1319 1298 1381 est,
1313 1315 1361 1369 illa
1375 1315 1425 1386 qui
1440 1332 1504 1370 eam
1518 1315 1595 1385 fecit,
1612 1322 1655 1373 est
1669 1318 1742 1373 Deus

893 1404 1010 1455 noster:
1027 1400 1051 1455 si
1065 1407 1161 1456 autam
1176 1403 1255 1457 nulla
1266 1406 1318 1470 est,
1333 1404 1566 1460 nullorumDeus
1578 1409 1743 1476 potestesse

892 1489 965 1557 iste;
982 1495 1090 1563 quanto
1106 1490 1200 1545 minus
1215 1494 1332 1548 noster?
1358 1493 1423 1546 Esse
1444 1497 1540 1548 umen
1563 1493 1742 1564 spiritualem

891 1576 1065 1650 vitalemque
1080 1578 1225 1647 virtutem,
1238 1579 1427 1636 etiamsinon
1443 1581 1481 1636 sit
1490 1581 1596 1637 animal
1607 1583 1741 1650 mundus;

892 1682 957 1737 quae
971 1666 1060 1722 virtus
1075 1666 1105 1722 iu
1119 1668 1236 1740 Angelis
1260 1669 1365 1725 sanctis
1381 1670 1416 1725 ad
1438 1670 1635 1726 decorandum
1657 1675 1743 1743 atque

891 1753 1149 1810 administrandum
1160 1757 1302 1811 mundum
1318 1758 1375 1813 Deo
1387 1757 1483 1829 servit,
1499 1762 1527 1814 et
1543 1759 1673 1830 aquibus
1684 1775 1743 1815 nou

891 1842 1081 1914 intelligitur5
1110 1844 1267 1900 rectissima
1290 1845 1427 1901 creditur.
1456 1847 1632 1918 Angelorum
1646 1850 1744 1903 autem

891 1936 1055 1986 sanctorum
1069 1932 1197 2000 nomine,
1211 1950 1327 1989 omnem
1346 1939 1473 1990 sanctam
1487 1940 1645 1991 creaturam
1657 1934 1742 2006 spiri-

892 2021 1007 2088 tualem,
1027 2020 1059 2076 in
1076 2020 1126 2077 [lei
1148 2025 1472 2095 secretoatqucoccnlto
1494 2023 1652 2079 ministerio
1674 2039 1742 2078 con·

891 2109 1020 2165 stitutam
1044 2126 1123 2165 nnnc
1136 2111 1363 2182 appellarerim;
1383 2112 1432 2167 sed
1457 2112 1573 2185 spiritus
1597 2112 1741 2185 angelicos

890 2202 987 2253 sancta
1005 2197 1151 2270 Scriptura
1177 2199 1294 2255 nomine
1321 2200 1484 2256 animarum
1505 2200 1666 2273 significare
1680 2218 1740 2259 uon

890 2287 972 2342 solat.
988 2287 1112 2343 Proinde
1126 2286 1156 2343 in
1167 2305 1200 2343 eo
1213 2290 1288 2361 quod
1303 2288 1379 2344 circa
1388 2290 1476 2345 linem
1491 2288 1557 2346 libri
1571 2290 1658 2361 hujus
1672 2290 1741 2358 diri,

889 2377 1045 2431 Rationales
1059 2379 1085 2431 et
1100 2377 1291 2433 intellectuales
1306 2381 1413 2434 numeri
1433 2379 1572 2434 beatarum
1587 2381 1743 2435 animarum

890 2466 971 2531 atque
983 2468 1142 2520 sanctorum
1156 2467 1239 2535 tegern
1253 2468 1344 2536 ipsam
1368 2468 1427 2536 Dei,
1447 2470 1504 2522 sina
1527 2483 1582 2537 qua
1596 2469 1695 2536 solium
1708 2468 1741 2523 de

890 2552 986 2607 arbore
1000 2567 1053 2608 non
1067 2554 1153 2624 cadit,
1175 2559 1200 2609 ct
1222 2557 1266 2609 cui
1288 2558 1377 2610 nostri
1400 2556 1495 2626 capitii
1511 2559 1648 2611 numento·
1668 2561 1741 2623 suut,

887 2641 964 2695 nnita
974 2643 1135 2711 interposita
1146 2646 1426 2712 naturacncipientes,
1443 2659 1529 2713 usque
1544 2644 1581 2699 ad
1593 2650 1700 2700 terrena
1713 2649 1738 2700 et

890 2731 1000 2796 inferna
1015 2721 1084 2799 jura
1098 2733 1288 2785 transmittunt
1300 2733 1367 2801 (Lib.
1384 2734 1411 2802 6,
1432 2747 1455 2786 a.
1478 2735 1522 2799 l'l,
1538 2748 1569 2788 n.
1600 2732 1654 2802 58),
1684 2749 1741 2787 nou

889 2817 970 2873 video
979 2818 1223 2890 quemadmodum
1233 2819 1404 2873 vocabulum
1414 2819 1576 2874 animarum
1584 2821 1740 2876 secuudum

889 2905 1049 2977 Scripturas
1069 2910 1179 2962 sanctas
1202 2907 1328 2979 positum
1342 2907 1433 2979 possit
1454 2906 1589 2975 ostendi;
1615 2909 1741 2981 quandu-

890 2995 1007 3067 quidem
1019 2995 1138 3050 hicnon
1153 2995 1209 3051 nisi
1231 2997 1356 3068 Angelos
1375 3000 1487 3051 sanctos
1508 2995 1632 3068 intelligi
1651 2997 1739 3066 volui,

890 3102 963 3159 quos
987 3085 1093 3141 habere
1114 3085 1224 3141 animas
1243 3093 1385 3159 nusquam
1412 3101 1459 3142 me
1472 3085 1576 3158 legisse
1590 3085 1621 3141 in
1635 3085 1739 3141 divinis

890 3174 1012 3247 eloquiis
1027 3175 1171 3231 canonicis
1191 3177 1284 3232 recolo
1302 3177 1321 3232 ¹.
1339 3177 1397 3231 lloc
1409 3175 1483 3231 liber
1496 3173 1537 3229 sic
1550 3173 1652 3246 incipit
1667 3191 1674 3230 :
1688 3177 1739 3232 Su·

891 3266 926 3320 tia
937 3264 988 3320 diu
999 3279 1067 3335 pene
1080 3262 1102 3320 ¹.

1223 3352 1337 3409 CAPUT
1352 3354 1409 3409 xll.

1131 3455 1169 3507 De
1183 3453 1325 3521 Magistro,
1336 3452 1404 3506 liber
1415 3465 1495 3506 unus.

926 3547 1070 3603 Paridem
1084 3551 1198 3618 tempus
1217 3548 1319 3619 scripsi
1341 3548 1448 3603 librum
1472 3547 1553 3618 cujus
1567 3551 1609 3603 est
1624 3547 1735 3613 titulus,

889 3636 925 3691 de
937 3636 1069 3707 Magistro
1087 3652 1093 3690 :
1110 3634 1141 3690 in
1155 3652 1212 3707 quo
1227 3635 1390 3708 disputatur
1405 3639 1434 3692 et
1447 3635 1598 3708 queritur,
1614 3641 1642 3690 et
1660 3635 1739 3690 inve·

890 3725 979 3795 nitur,
995 3725 1165 3797 magistrum
1175 3742 1234 3781 non
1247 3742 1317 3793 essa,
1333 3726 1385 3798 qui
1397 3725 1636 3782 docathominem
1651 3723 1741 3781 scien

888 3815 970 3882 tiam,
985 3813 1043 3871 nisi
1057 3816 1158 3883 ileum,
1169 3814 1327 3871 secundum
1341 3815 1413 3871 illud
1423 3815 1509 3871 etiam
1524 3815 1602 3887 quod
1611 3813 1643 3869 in
1654 3814 1741 3870 Evan-

888 3902 965 3975 gelio
981 3902 1120 3975 scriptum
1139 3905 1205 3958 est:
1224 3904 1297 3958 Unus
1310 3907 1350 3958 est
1371 3905 1503 3973 diopister
1514 3906 1602 3959 veser
1616 3902 1740 3959 Christus

889 3991 996 4061 (Matth-
1012 4008 1090 4059 xxvn,
1106 3992 1160 4060 lo).
1176 3990 1228 4047 llic
1242 3991 1314 4046 liber
1329 3991 1370 4046 sio
1390 3991 1515 4064 incipit:
1538 3991 1612 4058 Quid
1634 3990 1685 4045 tibi
1694 3991 1739 4046 ri-

888 4079 984 4136 demur
1000 4082 1106 4150 efficere
1117 4081 1182 4136 nette
1196 4081 1429 4149 conloquimur?

1217 4187 1329 4243 CAPUT
1344 4188 1414 4244 lllll.

1083 4286 1121 4340 De
1140 4286 1211 4340 Vera
1223 4287 1372 4355 ltetipione,
1384 4287 1452 4342 tiber
1462 4300 1542 4342 unus.

925 4386 950 4438 l.
965 4383 1044 4438 Tunc
1058 4381 1145 4438 etiam
1165 4382 1199 4437 de
1223 4383 1295 4438 Vera
1321 4382 1470 4455 Religiane
1495 4382 1600 4438 librum
1614 4381 1715 4454 scripsi
1729 4399 1736 4448 ;

887 4469 918 4526 iu
933 4486 990 4543 quo
999 4470 1195 4542 multipliciter
1209 4475 1238 4527 et
1252 4471 1446 4543 copiosissima
1459 4470 1630 4542 disputatur,
1648 4487 1737 4527 unum

887 4575 988 4615 verum
1003 4560 1104 4629 Deum,
1121 4560 1150 4616 id
1166 4565 1209 4617 est
1224 4560 1404 4629 Trinitatem,
1417 4562 1530 4615 Patrem
1545 4564 1574 4614 et
1588 4559 1690 4616 Filium
1710 4564 1739 4616 et

888 4648 1026 4722 Spiritum
1041 4649 1316 4721 sanctumreligiona
1330 4663 1397 4702 vera
1409 4649 1560 4704 colendum
1573 4654 1618 4705 :et
1632 4654 1739 4722 quamn
1806 4637 1809 4644 ’

887 4737 1084 4794 misericordia
1106 4738 1178 4810 eius,
1206 4753 1257 4809 per
1279 4738 1469 4807 temporalem
1496 4738 1737 4811 dispensationem

887 4842 1020 4883 concessa
1042 4826 1079 4882 sit
1101 4826 1266 4901 hominibus
1293 4825 1447 4881 christiana
1470 4827 1582 4900 religio,
1596 4844 1737 4901 quaevera

887 4914 988 4987 religio
1000 4921 1051 4985 est,
1068 4920 1096 4970 at
1110 4915 1145 4970 ad
1161 4914 1295 4970 eumdem
1305 4914 1414 4970 cultum
1428 4915 1480 4971 Dei
1491 4917 1735 4990 quamadmodum

887 5005 923 5062 sit
939 5005 1026 5061 homo
1049 5004 1173 5079 quadam
1200 5002 1258 5059 vita
1285 5021 1338 5059 sua
1362 5006 1537 5078 coaptandus
1564 5011 1586 5061 ⁸.
1616 5004 1734 5061 blaxime

919 5123 927 5156 ¹
942 5121 1016 5178 Lon,
1030 5119 1216 5183 canonicisque
1229 5121 1324 5171 recolo.
1336 5121 1387 5171 Alii
1402 5121 1507 5173 codices
1521 5124 1620 5180 camut,
1632 5132 1694 5184 que.

917 5182 1050 5232 ²1n1tdd.
1065 5182 1178 5232 habetur
1193 5196 1199 5231 :
1215 5182 1342 5234 Htcttber
1351 5182 1459 5248 primus
1469 5183 1609 5245 muana
1622 5195 1628 5230 ε
1643 5181 1736 5232 Modus

887 5246 1051 5309 quisperant·
1067 5246 1505 5309 animumanimumum.
1519 5246 1577 5294 Non
1590 5243 1734 5316 admodum

886 5306 1101 5357 cobaeratistbaec
1113 5305 1189 5356 lectio
1198 5323 1205 5368 ;
1214 5309 1466 5374 nostramascriptis
1475 5307 1651 5370 integerrimis
1661 5319 1735 5355 usur·

887 5371 1073 5481 pnppps.non
1088 5429 1199 5495 pejores,
1211 5432 1324 5496 quadarn
1337 5434 1471 5484 suavitate
1485 5428 1664 5495 coaptandus.

918 5506 957 5571 (a)
972 5508 1031 5558 Vid.
1044 5508 1089 5560 lib.
1104 5513 1119 5560 'l
1132 5510 1165 5561 de
1179 5511 1255 5562 civit.
1271 5511 1328 5571 Dei,
1341 5525 1363 5562 c.
1377 5513 1416 5561 2³.
