3884 6112
70 270 137 349 lat]
586 266 614 325 S·
634 265 828 326 AUGUS'l'lNl
849 267 995 326 REGULA
1015 267 1065 325 An
1083 266 1220 325 SERVOS
1237 266 1310 324 nul.
1759 272 1828 326 ¹378

68 389 97 444 ld
112 387 190 460 quod
201 404 260 443 non
269 386 351 459 prior
364 386 426 459 ipse
441 387 607 461 susciperet.
624 391 737 447 Interea
751 359 820 446 rixa
844 389 922 446 inter
975 390 1098 463 vulgatis
1112 391 1197 446 rebus
1207 389 1356 448 obsistitis.
1373 388 1428 445 Sed
1445 390 1554 445 utinam
1563 390 1618 446 hoc
1630 391 1740 448 dicatis.
1754 392 1827 448 Gom

69 478 172 532 electos
193 477 360 532 oriebantur
382 477 574 548 creberrima,
589 478 799 550 objiciebantur
817 480 851 535 ab
876 479 921 535 in·
976 479 1053 534 enim
1063 477 1121 532 sint
1134 477 1189 533 ista
1203 477 1364 546 manifesta,
1377 477 1452 533 otiis
1466 478 1517 551 qni
1536 478 1608 534 scira
1624 479 1765 535 rolnerint
1778 496 1828 535 co·

69 566 159 621 vicem
174 566 306 634 crimina,
321 582 387 639 quse
405 567 453 621 illa
467 567 567 622 omnia
581 584 700 640 gemens
715 568 858 635 audiebat,
874 569 923 624 da·
976 567 1059 638 gnitu
1073 566 1220 633 facillima,
1235 565 1406 638 intelligitur
1420 582 1507 638 quam
1523 583 1590 623 vera
1608 568 1703 624 dicere
1717 569 1829 624 soleant

70 654 176 727 batque
192 670 312 727 operam
333 660 365 710 ut
380 653 488 726 seipsos
511 655 541 710 in
564 656 710 727 jurgando
725 655 921 713 incautissime
977 656 1027 728 qui
1042 656 1104 711 brec
1117 672 1185 711 vera
1196 672 1258 710 asse
1270 655 1451 726 negaverint.
1468 656 1522 711 Sed
1538 655 1600 711 aliis
1615 656 1829 713 defensionibus

68 744 240 814 proderent:
258 743 418 815 prodebant
433 743 555 800 nefanda
568 749 596 799 el
607 744 754 800 immanis.
771 744 812 801 lbi
828 745 923 816 cogni·
977 744 1103 812 utimini,
1116 760 1188 815 quas
1202 759 1256 814 ego
1268 760 1326 800 non
1340 743 1483 815 improbo.
1495 747 1552 800 Aut
1565 744 1642 799 enim
1663 744 1758 801 dicitis
1773 745 1829 800 eli-

69 837 132 888 tum
148 839 191 887 est
204 833 304 904 quales
327 837 431 902 essent,
448 833 498 906 qni
518 837 616 888 tanren
644 834 720 889 inter
734 837 850 888 creteros
864 834 922 889 sim
976 849 1049 905 quos
1063 833 1113 904 qni
1127 838 1220 888 vestra
1230 836 1372 905 praecepta
1382 832 1552 900 custodiant,
1566 848 1620 888 nec
1643 848 1691 888 eos
1703 833 1829 888 eliorum

70 925 280 993 praceptorum
289 921 403 977 illorum
417 922 596 977 subeundam
605 920 659 976 sibi
669 938 730 978 csse
737 927 919 994 putaverunt.
976 921 1144 977 criminibus
1154 921 1259 977 debere
1265 921 1401 993 perfundi
1413 925 1477 989 ;aut
1485 937 1545 976 non
1559 926 1692 992 oportere
1708 921 1828 977 omnino

69 1011 132 1065 Janr
153 1009 187 1064 de
204 1009 314 1065 caeteris
329 1009 399 1081 quid
413 1010 618 1081 suspicandum
633 1015 703 1077 erat,
721 1014 771 1066 aut
784 1010 854 1083 qnid
870 1028 921 1082 po·
977 1010 1068 1081 qureri
1082 1010 1181 1082 quales
1199 1009 1257 1065 sint
1276 1010 1417 1076 homines,
1440 1009 1489 1081 qui
1503 1014 1626 1065 vestram
1643 1013 1748 1073 sectam
1762 1024 1828 1080 pro·

70 1098 127 1153 tius
138 1098 350 1169 judicandum?
364 1098 437 1164 Quid
452 1099 559 1171 plura?
573 1099 830 1171 Coactialiquando
840 1116 922 1154 mur·
976 1098 1104 1166 litentur,
1120 1100 1169 1155 sed
1185 1098 1278 1172 qualis
1291 1099 1327 1154 sit
1349 1099 1412 1170 ipsa
1438 1098 1590 1170 professio.
1617 1099 1746 1164 Quorum
1775 1104 1829 1169 ego

70 1191 257 1242 moraverunt
266 1186 401 1257 sustineri
411 1187 460 1243 illa
470 1188 605 1243 mandata
623 1204 683 1243 non
701 1187 923 1260 posset-indein
977 1192 1131 1259 utrumque
1146 1204 1212 1243 cnm
1227 1187 1369 1243 admisero
1393 1188 1570 1260 (quanquam
1593 1204 1646 1243 nec
1668 1187 1732 1242 illos
1757 1186 1830 1242 lidos

71 1275 254 1332 seditionem.
269 1276 379 1348 Agebat
388 1276 501 1332 auditor
510 1292 626 1331 causam
636 1292 717 1331 suam
726 1277 922 1348 complexione
976 1277 1179 1331 mandatorum
1193 1277 1389 1332 observatores
1397 1276 1604 1342 demonstrare,
1612 1276 1761 1349 necipsam
1770 1277 1830 1331 bra·

69 1363 247 1431 brevissima,
263 1369 313 1418 aut
336 1364 385 1420 illa
402 1365 500 1420 omnia
514 1381 574 1420 essa
590 1366 737 1428 servanda,
765 1368 813 1420 aut
839 1365 921 1420 illum
976 1365 1064 1419 resim
1089 1368 1161 1419 atot
1176 1370 1202 1419 et
1217 1364 1305 1419 tantis
1320 1364 1404 1435 nugis
1419 1370 1505 1435 atque
1524 1364 1679 1420 sceleribus
1704 1379 1830 1437 purgare

70 1451 121 1523 qui
132 1452 201 1507 talia
221 1452 274 1508 sub
291 1453 341 1508 tali
356 1453 519 1509 conditione
535 1454 724 1526 precepisset,
747 1470 811 1526 qna
826 1455 923 1509 nullus
976 1453 1108 1524 possitis),
1132 1453 1204 1508 illud
1224 1457 1320 1508 tamen
1336 1469 1353 1508 a
1368 1453 1448 1508 vobis
1473 1469 1648 1525 magnopere
1669 1453 1829 1524 requiram,
1884 1497 1888 1504 .

68 1545 165 1611 posset
177 1540 308 1612 implere,
326 1542 529 1598 stultissimum
544 1542 776 1598 existimandum.
795 1543 867 1598 Vicit
880 1546 922 1597 ta-
976 1557 1027 1597 cur
1051 1540 1209 1596 maledictis
1224 1540 1404 1597 insectemini
1423 1541 1597 1597 Christianos
1616 1542 1749 1598 catholici
1777 1558 1829 1596 no·

71 1644 149 1698 men,
163 1645 222 1684 non
237 1630 316 1685 enirn
329 1631 413 1687 aliter
425 1635 547 1704 poterat,
559 1631 644 1688 unius
655 1632 827 1687 sententiam
842 1632 923 1686 elire-
976 1629 1072 1698 minis,
1089 1630 1281 1702 quorumdam
1291 1629 1437 1686 intuentes
1443 1630 1584 1702 perditam
1594 1629 1682 1686 vitam
1694 1647 1702 1698 3
1716 1646 1782 1686 cum
1792 1630 1828 1686 de

70 1718 235 1773 natissimus
250 1718 381 1791 plurium
396 1721 541 1792 strepitus.
558 1721 660 1775 Postea
667 1720 753 1774 etiam
762 1719 822 1791 lpse
837 1719 922 1774 cessit
976 1717 1078 1773 vestris
1087 1718 1252 1773 hominibus
1260 1717 1360 1773 baberi
1369 1717 1568 1790 questionem,
1584 1723 1635 1775 aut
1645 1719 1829 1791 impudenter

70 1805 231 1879 episcopus,
243 1812 341 1862 etcum
350 1807 603 1878 magnodedecore
619 1807 746 1878 aufugit:
758 1808 840 1879 cujus
855 1822 922 1861 sane
976 1806 1121 1874 recusetis,
1149 1810 1198 1861 ant
1220 1806 1418 1878 impudentius
1433 1823 1491 1862 non
1514 1808 1661 1875 recusetis,
1676 1807 1827 1878 velitisque

69 1895 126 1951 cibi
140 1901 246 1965 praetcr
259 1897 392 1966 regulam
405 1895 533 1951 clanculo
549 1896 667 1967 accepti,
681 1899 710 1950 et
724 1912 798 1967 saepe
813 1894 922 1951 inventi
976 1894 1098 1966 intelligi
1112 1895 1143 1949 in
1157 1897 1236 1951 tanta
1255 1899 1347 1950 vestra
1370 1895 1512 1966 paucitate
1528 1896 1616 1951 latere
1633 1895 1729 1952 nescio
1743 1911 1827 1967 quos,

71 1983 245 2052 ferebantur,
261 2000 326 2039 cum
343 1984 370 2038 cl
398 1983 433 2039 de
447 1984 564 2056 proprio
584 1985 695 2040 sacculo
707 1983 860 2056 diligenter
878 1999 923 2040 oc·
976 1983 1093 2054 quisue
1107 1987 1250 2055 praecepta
1272 1983 1447 2053 custodiunt,
1476 1984 1549 2041 etin
1571 1988 1652 2041 tanta
1675 1983 1828 2041 Catholicae

70 2073 178 2127 cultato
191 2072 313 2143 pecunia
327 2072 442 2145 copiosa
457 2077 632 2144 suppeteret.
978 2071 1164 2128 multitudine
1184 2087 1242 2128 non
1257 2072 1375 2128 relitis‘l

105 2164 151 2218 75.
169 2161 235 2216 llaec
247 2160 271 2215 si
290 2161 361 2217 falsa
384 2177 445 2216 esse
471 2161 574 2230 dicitis,
591 2160 678 2216 nimis
692 2160 800 2233 apertis
814 2164 842 2217 et
855 2175 922 2232 per·

716 2379 1175 2487 ADMONITIO

335 2555 388 2621 DE
412 2554 618 2634 SEQUENTE
642 2552 802 2620 REGULA
827 2553 969 2621 SANCTl
992 2554 1205 2623 AUGUS'l’lNl
1229 2557 1283 2623 ln
1307 2557 1461 2627 SERVOS
1484 2561 1564 2626 DEI.

111 2693 174 2747 lloec
186 2693 286 2748 eadem
301 2694 410 2765 regula,
427 2711 492 2767 quae
507 2693 640 2763 dictione,
649 2692 807 2757 sententiis,
822 2693 1188 2766 praeceptionibusdemum
1202 2696 1251 2767 pia
1263 2696 1442 2752 humanitate
1452 2698 1577 2754 conditis
1587 2703 1732 2756 auctorem
1742 2701 1830 2758 refert

74 2769 278 2842 llugnstinum,
294 2777 385 2828 exstat
398 2773 429 2828 in
443 2774 569 2845 Epistola
583 2773 780 2829 ducentesima
795 2773 956 2839 undecima,
980 2774 1248 2830 sanctimonialibus
1262 2775 1371 2846 abipso
1386 2776 1499 2848 scripta.
1516 2779 1587 2834 Inde
1603 2795 1666 2834 eam
1682 2780 1717 2835 de
1732 2797 1828 2852 prom·
1871 2792 1874 2799 ’

78 2855 168 2922 ptam,
180 2851 306 2924 virisque
321 2856 448 2923 aptatam
464 2853 551 2908 fnisse
567 2852 718 2907 observant
728 2855 834 2923 prater
846 2852 917 2907 alios
933 2853 1090 2908 Bernardus
1104 2853 1261 2924 vindingus
1276 2858 1304 2909 et
1318 2855 1443 2927 Prosper
1457 2855 1629 2925 Stellertins,
1645 2859 1832 2932 ambollugu·

77 2931 208 2986 stinianae
222 2930 338 2985 familiae
353 2931 471 2995 alumni,
490 2947 522 2985 ac
537 2930 691 2986 norissima
704 2931 749 2985 vir
762 2929 889 2985 cruditus
905 2930 1037 2986 Nicolaus
1052 2932 1160 2986 Desnos
1170 2933 1528 2991 exordinellenonicorum
1542 2936 1723 3007 regularium
1734 2939 1761 2994 S.
1772 2942 1831 2993 llu-

74 3009 192 3082 gnstini.
209 3010 278 3075 Quae
294 3026 341 3064 ras
353 3015 386 3065 ut
400 3009 440 3064 ila
453 3010 568 3079 babeat,
583 3013 658 3064 certe
669 3009 731 3080 jam
750 3007 800 3063 diu
814 3012 867 3076 est,
883 3024 949 3064 cum
961 3008 1090 3065 virorum
1104 3010 1288 3066 instituendis
1300 3012 1429 3068 moribus
1453 3013 1586 3069 adbiberi
1609 3015 1704 3087 coepit.
1719 3017 1830 3090 Quippe

73 3089 252 3162 perantiquae
265 3087 446 3144 Tarnatensls
461 3089 569 3160 regulae
584 3093 696 3160 partam
707 3087 776 3142 facit
791 3086 980 3159 potissimam.
992 3088 1125 3144 laudatur
1138 3089 1168 3144 in
1176 3089 1331 3146 Concordia
1341 3092 1507 3162 regularum
1518 3109 1533 3147 a
1549 3094 1700 3150 Benedicto
1711 3096 1830 3152 Anianre

74 3169 187 3236 abbate,
204 3167 339 3240 quodque
360 3183 420 3223 ere
434 3171 533 3224 nostra
547 3172 589 3223 est
602 3168 649 3223 hic
665 3167 831 3236 admonere,
847 3166 877 3220 in
893 3167 988 3223 codice
1005 3168 1170 3223 Corbeiansi
1185 3168 1263 3224 mille
1279 3186 1369 3225 annos
1396 3170 1567 3242 praeferente
1582 3174 1748 3230 continetur
1761 3175 1831 3231 viris

75 3246 290 3304 accommodata
304 3249 333 3301 et
347 3246 378 3301 in
392 3263 485 3303 unum
495 3249 603 3321 regulae
618 3263 721 3318 corpus
735 3250 833 3302 coacta
847 3261 913 3302 cum
928 3261 961 3303 ea
983 3264 1048 3321 quae
1062 3247 1228 3304 inscribitur
1241 3250 1346 3318 Reputo
1359 3250 1487 3307 secundo.

514 3479 568 3585 S.
605 3481 933 3587 AURELII
966 3481 1387 3589 AUGUSTINI

724 3654 984 3707 lllPPONENSlS
1000 3655 1179 3708 EPISCOPI

672 3795 1236 3962 REGULA

452 4043 605 4146 AD
690 4042 1165 4151 SERVOS
1250 4043 1454 4147 DEI

76 4342 117 4397 De
132 4343 265 4400 ctoritate
280 4343 335 4398 Dei
349 4345 375 4397 ot
387 4342 520 4412 proximi,
542 4343 641 4398 unione
658 4342 781 4399 cordium
808 4348 834 4400 et
854 4359 924 4401 com-
979 4342 1161 4417 praecipimus
1169 4341 1200 4398 in
1208 4342 1386 4399 monasterio
1397 4342 1552 4399 constituti.
1561 4341 1702 4412 Primum,
1710 4347 1832 4414 propter
1917 4336 1920 4341 ’

375 4423 508 4478 munitate
521 4436 622 4477 remm·
979 4432 1056 4505 quod
1066 4432 1096 4487 in
1110 4447 1202 4487 unum
1217 4430 1285 4487 estis
1298 4431 1471 4504 congregati,
1485 4436 1516 4488 ut
1528 4431 1680 4487 unanimes
1694 4431 1832 4487 habitetis

115 4513 138 4565 ¹·
153 4512 228 4567 1111111
243 4511 361 4579 ommis,
385 4510 487 4566 11111111
501 4509 671 4579 11111δὸ1111,
684 4510 823 4582 (filistini
838 4512 924 4579 ⁰0⁰³,
979 4521 1010 4577 in
1024 4520 1329 4590 domo¹,estsitrobis
1341 4521 1507 4576 animaene
1518 4524 1548 4577 et
1561 4520 1830 4578 cornnurninlteo.

77 4598 182 4654 deinde
197 4599 355 4672 proximus,
371 4599 438 4671 quia
449 4599 502 4654 isla
516 4603 659 4671 proecepta
669 4603 736 4655 511111
756 4598 925 4671 principali·
980 4610 1013 4666 Et
1026 4625 1086 4665 non
1100 4609 1200 4666 dicatis
1213 4609 1322 4681 aliquid
1336 4608 1497 4681 propriam,
1513 4608 1626 4664 sedsiut
1640 4607 1720 4665 vobis
1735 4609 1833 4665 omnia

77 4690 121 4741 ter
136 4687 217 4742 nobis
232 4687 298 4743 data
318 4688 363 4757 (ot.
381 4689 444 4743 llaec
460 4687 625 4759 igitursunt
639 4703 704 4761 qua
718 4692 753 4743 ut
771 4688 926 4744 observetis
981 4697 1162 4754 commonia:
1179 4702 1208 4753 et
1221 4695 1409 4753 distribuatur
1419 4696 1575 4769 unicuique
1590 4701 1717 4754 vestrum
1730 4713 1832 4770 aprae-

107 4772 144 4832 (a)
169 4773 338 4845 premissum
363 4773 927 4846 1101119111111118111111111011111011111·
979 4786 1074 4859 posito
1089 4790 1183 4842 vestro
1199 4783 1313 4841 ’rictus
1333 4789 1361 4841 et
1375 4789 1587 4856 legumentum,
1603 4802 1663 4841 non
1681 4787 1833 4860 aequaliter

77 4838 141 4882 vent
152 4832 300 4896 Vrndrngus
315 4839 341 4884 at
353 4834 502 4885 Stellartrus
515 4850 521 4884 z
537 4849 626 4885 assurn
646 4843 703 4887 tum
718 4837 769 4886 furt
781 4849 815 4887 ex
826 4837 928 4902 Regula

76 4895 202 4956 mund&
217 4909 296 4959 quem
305 4896 375 4946 inf„
389 4897 416 4946 1„
427 4897 572 4961 appendice
588 4897 622 4948 hs
656 4913 678 4950 Β,
981 4875 1125 4944 omnibus,
1155 4873 1306 4948 quianon
1337 4874 1501 4946 aequalitate
1529 4875 1628 4931 valetis
1655 4891 1765 4943 omnes,
1782 4875 1832 4933 sed

741 4991 879 5030 eunomio
895 4993 934 5030 PP.
947 4993 1174 5032 strumensem.

107 5062 980 5142 collataestthrecltegulalrcumantiquissimoliegularumcodice
990 5067 1699 5180 corbeiensiurguiannosprcefertplusquammllle,cum
1708 5070 1833 5146 blachor-
1873 5070 1878 5078 '

77 5125 822 5190 bonrco,Tl1uaneo,Albinensr.tlrclioelruo,bladardeuer,
830 5129 964 5181 Victorino
981 5134 1152 5182 Germanensr
1171 5131 1549 5191 ustrrbus,Vatrcanrsduobus
1560 5133 1723 5184 lectionibus
1733 5133 1833 5184 codicis

78 5187 272 5238 Gembtacensis
285 5187 356 5252 apud
366 5187 434 5237 Lov.
451 5202 511 5238 cum
521 5188 633 5252 epistola
647 5192 709 5252 211;
725 5203 839 5254 cumque
853 5169 1015 5245 editionibus
1028 5193 1085 5243 dm.
1096 5193 1139 5242 Er.
1155 5193 1219 5242 ιον.
1229 5195 1256 5242 at
1271 5192 1444 5246 Desncsiana
1551 5171 1558 5197 ³

124 5269 401 5359 Comporocimus
420 5281 584 5426 §restored
611 5291 667 5340 eos
681 5293 792 5341 omues
811 5271 967 5344 editiones
992 5274 1086 5343 initio
1115 5276 1403 5344 Retractationnm
1429 5285 1462 5345 ct
1488 5277 1749 5346 confessionum
1767 5298 1832 5346 mc-

77 5371 237 5429 moratos.

109 5478 116 5511 ¹
133 5474 245 5525 Editiin
258 5474 516 5528 domoDomr'ui.dta
527 5476 589 5528 llas.
605 5479 632 5527 et
645 5475 928 5542 abepistclatllabest
979 5478 1022 5542 Ρ
1033 5479 1095 5530 blss.
1108 5477 1166 5530 Alb.
1174 5482 1201 5531 et
1212 5478 1430 5545 Sorbomittunt,
1440 5479 1611 5546 coraposito
1621 5480 1833 5536 restroltlitlres

78 5552 138 5588 vox.
157 5540 270 5589 bomini.
980 5542 1154 5600 substituunt,
1169 5546 1305 5596 ramlera
1315 5547 1412 5596 oestro.
