3884 6112
711 286 818 345 LIBER
836 285 1002 354 QUINTUS·
1677 299 1728 356 334

71 430 85 471 e
104 413 137 470 in
152 413 269 470 basilica
284 413 415 470 secunda
434 411 560 484 regionis
575 415 673 467 octavo
689 410 823 466 kalendas
877 410 967 466 Testis
981 410 1067 483 hujus
1088 412 1130 468 rei
1143 412 1281 468 Primieni
1304 415 1535 487 Carthaginensis
1558 421 1727 492 arrogantia-

71 504 145 560 bras
154 504 224 559 anni
239 503 388 576 praesentis
400 501 676 574 quadringentesimi
685 500 762 556 tertii
771 500 824 554 ha·
877 498 963 569 plena
975 501 1139 573 responsio:
1151 502 1635 575 siquidemdecollationahabenda
1649 525 1727 564 com·

71 607 214 649 seussere.
235 593 362 649 Adeeant
375 592 450 647 inter
464 592 534 647 alios
547 590 676 663 Alypius,
691 587 825 660 Angusti-
878 588 1010 660 peilatus,
1028 591 1228 659 lndrqnumest,
1245 593 1293 661 ait,
1308 600 1339 650 nt
1351 597 1381 650 in
1394 611 1478 651 unum
1496 601 1654 653 conueniant
1677 600 1729 669 ptis·

71 682 233 739 Possidius.
248 683 352 737 Eorum
362 682 488 752 quoehoc
503 681 534 735 in
547 680 667 735 concilio
680 680 743 751 post
757 694 822 733 exa·
878 683 1032 748 martyrum
1044 683 1216 751 etproqenies
1236 683 1400 740 traditorum
1414 684 1473 758 (ild
1492 689 1648 743 Donatistae
1664 691 1727 759 posi

71 785 93 826 ss
105 771 221 843 legatos
232 774 293 827 acta
308 775 385 838 sunt,
397 769 469 825 nihil
481 770 542 841 jam
557 773 657 851 exstat,
674 767 751 840 quod
765 782 824 821 non
880 767 988 839 Callet,
1010 785 1040 824 n.
1057 769 1094 837 l).
1116 770 1197 835 Quod
1220 787 1389 843 responsum
1417 775 1524 846 scripto
1547 774 1728 847 magistratui

71 864 113 916 sat
124 860 163 916 ad
175 859 346 915 Donatistae.
360 860 399 914 De
413 858 458 913 his
467 858 558 930 pridie
569 858 631 929 ejus
641 856 698 912 diei
711 854 825 911 habitus
880 855 1059 929 Carthaginis
1073 858 1162 926 dedit,
1183 876 1215 915 ac
1233 877 1286 932 per
1299 861 1452 918 diaconum
1466 879 1549 919 suum
1565 865 1640 937 apud
1660 864 1728 920 scri·

74 947 185 1014 fuerat,
199 950 396 1018 statutumque
416 961 474 1000 uno
485 946 617 1001 omnium
627 959 778 1010 consensu,
795 945 828 997 ul
880 946 941 1014 bas,
957 947 1025 1017 sive,
1040 949 1209 1021 alloquitur
1222 953 1560 1024 Augustinus,apudacle
1574 954 1728 1010 dicendum

71 1035 170 1109 aisque
181 1036 389 1108 episcoponrm,
405 1036 449 1090 rel
463 1036 551 1104 solus,
566 1034 609 1088 vet
621 1034 676 1089 sibi
693 1033 827 1103 adjuncto
880 1036 1035 1093 mandarit.
1051 1039 1187 1110 Superius
1202 1046 1298 1096 autem
1313 1043 1392 1113 (Gap.
1413 1046 1441 1113 8,
1456 1060 1483 1099 n.
1499 1043 1523 1113 6)
1540 1044 1626 1099 verba
1645 1059 1726 1116 quee-

74 1126 230 1198 episcopo,
241 1141 294 1197 per
307 1124 491 1196 magistratus
504 1128 554 1179 aut
563 1122 692 1178 locorum
701 1121 827 1177 seniores
882 1124 948 1180 dam
962 1126 1085 1182 vidimus
1099 1128 1463 1203 escriptodecorpta,qucd
1474 1132 1552 1187 idem
1568 1132 1730 1187 Primianus

71 1214 139 1270 sllet
157 1214 369 1269 Donatistarum
385 1213 551 1280 antistitem,
567 1217 599 1268 ut
613 1216 676 1268 acto
694 1227 759 1267 cum
773 1212 828 1266 eol·
882 1213 917 1269 ad
933 1215 1056 1287 reliquos
1073 1217 1284 1273 Donatistarum
1299 1219 1448 1290 episcopos
1463 1220 1552 1289 misit,
1568 1225 1685 1294 atquae,
1700 1225 1733 1277 ut

71 1307 200 1360 anrentu
214 1302 423 1374 deliganturab
438 1302 507 1374 ipsis
528 1301 671 1373 aliquota
693 1317 744 1357 suo
773 1315 827 1356 nu·
882 1303 1000 1374 quidem
1018 1305 1223 1374 existimamus,
1246 1307 1383 1378 praedicte
1395 1309 1579 1379 responsione
1601 1309 1731 1365 contine·

77 1395 209 1469 quicum
224 1394 433 1451 catholicorum
445 1394 546 1466 legatis
556 1393 712 1449 constituto
727 1393 789 1448 loco
801 1396 829 1448 et
883 1394 997 1450 bantur.
1014 1393 1142 1450 Diximus
1156 1410 1271 1466 quoque
1285 1411 1469 1469 nequaquam
1483 1414 1544 1452 esse
1560 1414 1576 1452 a
1591 1397 1647 1453 lide
1663 1397 1731 1452 alic·

71 1500 104 1541 rs
125 1483 240 1540 discidii
254 1483 477 1538 controversiam
497 1499 561 1538 cum
576 1499 645 1555 pace
664 1482 827 1550 discutiant,
883 1500 1034 1551 nnm,non
1048 1484 1088 1538 ita
1101 1483 1192 1539 multo
1208 1487 1273 1554 post
1286 1484 1491 1557 Augustinum,
1505 1486 1637 1558 proxime
1652 1491 1732 1542 ante·

71 1579 139 1651 tque
156 1577 188 1629 nt
206 1573 407 1629 molestissima
419 1573 468 1628 illa
491 1572 639 1637 dissensio,
656 1588 714 1644 qua
731 1572 829 1643 plebes
884 1590 971 1646 quam
982 1572 1142 1646 Hipponem
1155 1573 1270 1642 rediret,
1287 1574 1493 1645 expositionem
1507 1591 1590 1630 stram
1605 1574 1635 1629 in
1653 1574 1731 1630 Psal-

71 1663 306 1732 rscindebantur,
331 1662 448 1719 tandem
472 1662 628 1735 aliquando
651 1665 748 1732 optato
772 1661 829 1717 fine
884 1679 964 1719 mum
978 1662 1157 1734 trigesimum
1172 1665 1284 1718 sextum
1300 1663 1377 1734 apud
1395 1664 1510 1734 plebem
1525 1663 1734 1736 Carthaginen-

71 1757 150 1809 tetur
164 1753 269 1824 (Codice
287 1754 423 1809 canonum
446 1753 549 1822 Afric,
562 1767 622 1807 ean.
648 1755 701 1819 9¹3
729 1752 830 1809 Contra
885 1769 945 1807 sem
959 1751 1166 1823 pronuntiasse.
1179 1752 1206 1807 ls
1218 1751 1254 1807 ad
1268 1751 1366 1807 sedem
1380 1767 1462 1807 suam
1483 1767 1623 1821 reversus,
1639 1768 1671 1807 ex
1686 1767 1734 1822 sy·

71 1845 158 1910 nitran,
169 1842 218 1898 lib.
235 1845 261 1911 3,
275 1859 306 1899 a.
318 1843 372 1907 llll.
388 1842 526 1899 Catholici
536 1857 595 1897 suae
609 1840 638 1896 in
652 1856 752 1913 pacem
766 1856 832 1912 pro·
884 1840 952 1896 nodi
964 1841 1131 1913 praescripto
1146 1839 1367 1895 Proculeianum
1382 1841 1529 1897 conveniri
1543 1840 1659 1895 curavit.
1677 1842 1733 1895 lle·

71 1930 332 1989 mistestimoniu'm
343 1931 474 1987 hocdare
484 1930 654 2004 gestiebant,
667 1930 831 2002 sperabant·
885 1929 1002 2001 spondit
1015 1929 1064 1985 ille
1078 1945 1195 1985 suarum
1210 1927 1335 2001 partium
1351 1933 1480 1985 coactum
1502 1929 1539 1984 iri
1562 1929 1735 1996 concilium

71 2025 182 2079 iturum
194 2025 227 2077 ut
245 2021 411 2087 Donatistae,
427 2020 451 2075 si
466 2019 583 2092 quidem
597 2019 773 2091 colloquium
787 2033 832 2073 aa·
885 2020 915 2075 in
928 2036 986 2092 quo
1002 2019 1072 2092 quid
1087 2024 1160 2075 esset
1171 2019 1380 2091 reponendum,
1394 2019 1424 2074 in
1435 2018 1582 2074 communi
1596 2021 1735 2073 statuere-

71 2113 116 2177 nt,
136 2112 218 2167 nullo
243 2110 359 2182 negotio
378 2109 482 2165 erroris
501 2108 758 2177 convincerentur;
784 2105 829 2162 siu
885 2114 933 2166 tur
946 2110 1047 2181 (Epist.
1070 2110 1114 2175 8³,
1139 2125 1168 2163 n.
1183 2108 1222 2180 7).
1239 2109 1301 2164 Non
1322 2108 1442 2165 dubium
1465 2112 1509 2164 est
1527 2107 1598 2181 quin
1621 2106 1735 2162 babitus

71 2198 164 2256 iillud
176 2201 351 2266 recusarent,
366 2197 396 2253 id
411 2201 580 2269 argumento
594 2196 666 2264 iore,
677 2212 764 2270 quam
783 2210 833 2266 pa·
886 2198 973 2255 inerit
984 2197 1031 2254 hic
1043 2197 1160 2253 illorum
1174 2201 1350 2265 conventum
1365 2214 1464 2253 verum
1478 2213 1536 2252 non
1551 2196 1608 2252 alia
1625 2197 1733 2265 ments,

71 2303 147 2345 snsae
162 2303 222 2343 suus
237 2286 358 2343 fiderent
371 2285 509 2358 equitati.
535 2286 603 2351 Quae
625 2301 670 2340 res
684 2284 720 2341 ad
743 2284 832 2340 abdu-
887 2304 974 2361 quam
995 2290 1027 2343 ut
1047 2286 1223 2359 colloquium
1248 2287 1439 2343 recusandum
1459 2303 1520 2343 esse
1541 2286 1737 2342 decernerent.

71 2377 136 2434 sab
155 2392 252 2432 errore
267 2376 389 2448 populos
403 2391 504 2432 eorum
523 2391 659 2447 sequaces
682 2373 832 2430 commode
887 2375 1090 2433 proculeianus
1100 2375 1244 2448 siquidem
1258 2376 1364 2432 iterum
1382 2377 1418 2432 de
1431 2379 1527 2432 mente
1541 2392 1604 2444 sua,
1615 2374 1659 2430 uti
1673 2390 1739 2447 pro·

71 2465 110 2522 rri
124 2470 234 2538 posset.
250 2467 339 2520 Porro
353 2468 386 2543 ut
399 2464 539 2537 episeopis
551 2463 685 2519 omnibus
701 2461 831 2519 eamdem
887 2467 1015 2534 miserat,
1040 2464 1195 2537 aperienda
1215 2466 1413 2537 compellatus,
1437 2482 1552 2521 omnem
1580 2463 1739 2520 collationis

71 2554 219 2611 sationem
232 2553 314 2625 sequi
327 2553 438 2610 facilius
459 2558 543 2620 esset,
563 2551 696 2607 Aurelius
710 2566 832 2606 conven·
887 2554 1027 2611 habendae
1041 2553 1266 2627 spempraoiait.
1276 2555 1355 2620 Quod
1363 2570 1532 2626 responsum
1546 2553 1615 2609 satis
1628 2552 1739 2625 liquido

71 2685 76 2711 ,
92 2646 328 2717 quaesissemus,
348 2641 504 2697 formulam
523 2640 628 2697 obtulit
643 2658 651 2710 ;
674 2655 738 2711 quse
761 2639 834 2694 lecta
888 2646 1000 2700 constat
1013 2659 1048 2698 ex
1061 2647 1217 2698 conventus
1230 2642 1348 2699 illorum
1361 2642 1465 2715 placito
1488 2641 1634 2697 redditum
1654 2656 1735 2696 esse:

71 2732 137 2789 rab
150 2732 286 2788 omnibus
298 2732 483 2803 comprobata
501 2735 553 2787 est.
584 2731 621 2785 Ea
636 2728 762 2786 Concilio
784 2727 832 2783 in·
888 2734 962 2789 banc
971 2732 1048 2789 euim
1062 2748 1122 2787 rem
1132 2732 1205 2788 illud
1211 2731 1364 2803 Augustini
1376 2748 1435 2787 non
1444 2731 1563 2788 obscure
1576 2729 1733 2803 signiilcal:

71 2821 157 2879 todia
171 2820 286 2892 legitur.
307 2822 339 2876 ln
354 2821 415 2893 ejas
435 2824 530 2876 autem
549 2820 641 2875 ironte
663 2817 833 2889 supplicatio
889 2823 920 2880 Si
934 2824 993 2893 lupi
1005 2822 1156 2887 concilium,
1173 2819 1278 2892 inquit,
1297 2823 1430 2889 secemnt,
1452 2826 1485 2877 ut
1502 2820 1662 2891 pastoribus
1682 2834 1737 2874 non

71 2911 169 2968 ittitur
191 2912 328 2982 cujusque
355 2909 434 2965 urbis
466 2906 645 2979 magistratui
671 2904 832 2962 deferenda.
888 2910 1067 2981 respondeant
1093 2909 1191 2981 (Epist.
1216 2912 1304 2976 76,n.
1331 2909 1378 2981 4);
1395 2919 1460 2981 quaa
1473 2909 1560 2964 verba
1573 2924 1608 2964 ex
1623 2905 1739 2973 littaris,

71 3017 78 3057 r
93 3016 132 3056 aa
146 2998 277 3070 loquitur
291 2998 448 3054 catholicus
460 2997 620 3069 episeopus,
634 2995 669 3052 ad
685 2994 715 3050 id
728 3010 758 3051 se
772 3010 835 3066 pro·
890 3014 961 3070 quas
974 2997 1069 3053 forsan
1083 2996 1136 3052 boc
1146 2996 1209 3069 ipso
1223 3000 1352 3069 tempore
1367 2997 1402 3052 de
1414 3001 1543 3053 recusato
1558 3013 1575 3051 a
1587 2993 1743 3051 Donatistis

71 3105 77 3123 ·
111 3089 278 3144 auatomlate
295 3087 368 3142 illim
389 3087 565 3156 amplissimae
586 3084 658 3140 sedis
676 3082 836 3155 jussionem
890 3085 1031 3158 colloquio
1046 3085 1166 3157 scripsit,
1178 3089 1323 3157 petuntur.
1341 3087 1395 3141 llas
1409 3101 1495 3159 porro
1512 3083 1652 3140 universis
1664 3083 1742 3138 illius

71 3174 247 3245 sbtinnisse3
263 3191 328 3247 qnae
340 3175 371 3229 in
386 3179 480 3230 actum
494 3173 642 3230 referenda
658 3174 720 3228 erat
733 3171 837 3244 (coaice
891 3174 1050 3232 schismatis
1069 3175 1256 3231 sectatoribus
1270 3175 1411 3245 inscribit,
1430 3175 1480 3231 ubi
1493 3179 1680 3247 posteaquam
1690 3174 1741 3228 Ec-

71 3267 237 3335 mannia,
251 3280 311 3320 ean.
328 3265 385 3335 aa).
401 3264 457 3318 Nec
472 3279 539 3319 sane
555 3262 610 3317 alia
625 3261 660 3317 de
672 3277 766 3327 causa,
781 3258 838 3314 nisi
890 3265 984 3322 clesiae
995 3264 1143 3321 catholicas
1159 3264 1307 3320 veritatem
1323 3264 1391 3336 ipsis
1406 3263 1622 3330 demonstrarit,
1643 3262 1739 3335 primo

71 3358 257 3431 patrarentur
268 3352 466 3425 hujuscemodi
473 3353 622 3425 jussiones,
634 3349 786 3407 concilium
801 3348 836 3406 ad
891 3354 1010 3426 quidem
1020 3353 1113 3409 locise
1124 3353 1372 3424 divinaScriptara
1381 3352 1507 3408 collectis
1518 3369 1525 3408 :
1538 3351 1641 3408 deinde
1651 3351 1742 3407 tribus

71 3463 93 3503 rs
108 3445 170 3501 sire
185 3444 390 3515 gubernatores
403 3443 512 3498 litteras
525 3443 589 3498 illas
604 3440 717 3497 mittere
732 3442 837 3494 statue·
892 3442 1038 3498 sententiis
1048 3442 1204 3498 secundum
1214 3442 1396 3499 Caecilianum
1406 3441 1471 3496 latis
1481 3457 1488 3496 :
1497 3447 1560 3496 tum
1573 3439 1743 3497 criminibus

71 3552 125 3592 nas
136 3533 252 3590 concilii
265 3532 383 3588 nomine
396 3531 542 3604 obsignari
561 3531 596 3587 ab
620 3530 754 3603 episcopo
770 3529 837 3584 Car·
892 3531 987 3604 0ptati
1001 3547 1100 3587 eorum
1107 3531 1250 3602 martyris,
1258 3547 1343 3602 quem
1353 3547 1371 3584 a
1384 3529 1586 3585 communione
1600 3544 1651 3583 sua
1661 3527 1744 3582 mini·

71 3623 149 3681 sensi
163 3622 251 3694 cupit.
269 3623 365 3677 Exstat
378 3621 471 3677 adhue
486 3619 603 3693 supplex
618 3619 731 3674 libellus
743 3616 838 3672 idibus
892 3637 939 3677 me
958 3623 1119 3676 resecarent
1129 3618 1224 3690 (laia,
1239 3634 1266 3674 n.
1283 3618 1327 3689 tl:
1353 3622 1497 3689 postremo
1519 3617 1639 3673 historia
1658 3616 1743 3672 blaxi-

71 3703 839 3782 nbrisanniquadringentesimitertiiSeptiminodlri·
893 3710 1103 3775 mianistarum,
1126 3722 1238 3762 necnon
1266 3706 1455 3777 indulgentia,
1482 3722 1541 3779 qua
1568 3705 1742 3761 Felicianum

71 3800 206 3859 ocansuli
220 3799 333 3855 concilii
341 3796 573 3870 carthaginensis
583 3797 700 3853 nomine
711 3795 836 3851 oblatus:
893 3797 1070 3855 Mastitatum
1086 3796 1150 3865 (nec
1164 3794 1242 3850 enim
1257 3793 1421 3850 Praetextati
1440 3794 1581 3865 meminit)
1598 3811 1657 3850 una
1677 3811 1743 3851 cunr

71 3891 206 3949 Mutant
218 3888 360 3945 antistites
374 3904 413 3958 se,
430 3887 545 3945 tametsi
555 3886 694 3942 violenter
711 3885 839 3940 allona·
893 3887 950 3943 illis
965 3901 1037 3959 quos
1052 3889 1132 3940 extra
1145 3899 1247 3940 eorum
1262 3884 1413 3939 Ecclesiam
1436 3884 1605 3957 baptizarat,
1629 3901 1746 3957 excepe-

71 3980 154 4050 bcta,
167 3978 195 4034 ri
208 3979 306 4052 legum
316 3994 379 4034 eam
393 3978 428 4033 ob
438 3993 554 4033 causam
568 3976 604 4031 ab
616 3972 839 4046 imperatoribus
892 3980 967 4032 rant.
977 3973 1138 4030 Donatistas
1149 3972 1237 4028 laicos
1249 3976 1347 4045 rogat,·
1361 3972 1402 4029 uti
1416 3975 1552 4046 presules
1563 3990 1640 4040 suos,
1652 3991 1740 4046 quan-

71 4084 109 4127 un
126 4068 318 4140 comprimere
339 4071 466 4139 possent,
492 4064 734 4138 quemadmodum
756 4062 783 4117 ei
796 4061 839 4117 illi
893 4052 1048 4137 doquidim
1070 4079 1135 4118 cum
1155 4061 1308 4118 Catholicis
1322 4061 1432 4118 nollent
1456 4061 1487 4117 in
1496 4062 1670 4134 colloquium
1693 4077 1745 4117 ve·

71 4158 159 4216 adem
174 4157 284 4229 legibus
291 4156 327 4212 ad
337 4155 509 4212 coercendos
522 4151 742 4226 Maximianistas
756 4151 838 4207 abusi
893 4153 966 4221 nire,
980 4151 1014 4207 ad
1024 4150 1171 4206 solvendas
1182 4150 1266 4205 hasce
1280 4149 1458 4206 difficultates
1468 4155 1588 4223 urgeant
1600 4167 1607 4217 ;
1619 4149 1742 4205 videant

71 4252 120 4319 nt;
135 4247 221 4303 malle
235 4250 330 4302 maren
344 4245 410 4300 illos
430 4260 495 4300 eum
514 4240 734 4298 mansuetudine
757 4256 839 4295 com·
895 4258 950 4314 qne
972 4240 1002 4295 in
1024 4241 1077 4295 hac
1096 4238 1158 4310 ipsa
1179 4239 1356 4295 recusatione
1375 4239 1568 4295 indubitatum
1591 4237 1745 4293 debilitatis

71 4336 179 4406 lacere,
190 4340 223 4391 nt
236 4336 280 4391 rel
288 4335 437 4391 discidium
447 4349 532 4389 suum
541 4330 703 4403 repudient,
714 4330 759 4385 vel
769 4328 840 4385 illud
894 4327 1092 4386 testimonium
1104 4327 1254 4384 confideri.
1267 4329 1330 4384 llaec
1344 4330 1440 4383 autem
1451 4327 1572 4399 epistola
1580 4326 1677 4400 legum
1686 4327 1740 4382 llo·

71 4425 335 4484 ffireumcelliounm
349 4423 538 4490 immanitate,
555 4421 604 4477 sed
616 4419 734 4492 pacifica
750 4418 796 4474 ria
809 4418 841 4474 in
894 4417 970 4475 norii
985 4416 1162 4473 mentionem
1173 4416 1292 4472 omnino
1303 4417 1412 4472 nullam
1422 4415 1498 4471 facit.

71 4512 350 4579 maconoertatione,
366 4511 389 4566 si
402 4511 520 4583 quidem
543 4509 573 4565 id
597 4524 626 4564 se
645 4523 728 4580 posse
751 4507 840 4562 conli-
1232 4505 1343 4561 CAPUT
1362 4505 1406 4560 xl.

79 4606 220 4662 tueantur
232 4619 239 4659 :
252 4605 339 4673 atque
364 4616 427 4655 eam
443 4600 480 4655 ab
498 4615 559 4653 rem
573 4597 730 4670 postulant,
747 4598 780 4650 nt
792 4610 841 4651 eos
897 4599 922 4651 l.
942 4593 1084 4666 crispinus
1098 4591 1136 4646 ad
1149 4591 1310 4662 colloquium
1322 4592 1483 4659 maceratns
1496 4589 1587 4647 uerbis
1604 4587 1747 4659 respondet

71 4707 179 4750 eorum
189 4690 383 4762 magistratus,
394 4692 604 4761 prcutnecesse
614 4684 840 4752 videbitur,cou·
932 4683 1035 4735 amans
1049 4685 1075 4735 et
1088 4679 1238 4735 maledicis.
1253 4681 1270 4732 2
1284 4679 1432 4733 Donatista
1449 4677 1585 4733 invadunt
1602 4679 1632 4733 in
1655 4678 1746 4732 Possi-

71 4780 157 4839 ssibi
179 4779 263 4836 liceat
284 4780 389 4847 (collat.
405 4777 535 4845 Carlbeq.
557 4779 583 4845 3,
599 4790 663 4845 cap.
696 4773 766 4845 174).
790 4771 842 4828 Cui
932 4770 1020 4826 dium.
1038 4772 1053 4825 3
1071 4771 1138 4824 Dum
1161 4768 1284 4825 Ecclesia
1301 4767 1426 4834 minuar
1438 4768 1544 4824 mulctae
1558 4768 1677 4822 auraria
1697 4767 1749 4822 llae-

71 4868 284 4928 onicontestim
299 4883 431 4924 assensus
446 4869 489 4921 est
507 4863 690 4936 Septiminus.
932 4859 1025 4914 seticis
1039 4860 1167 4926 irrogata
1190 4856 1318 4911 damnari
1336 4855 1492 4926 Crispinum
1511 4861 1599 4925 curat,
1624 4872 1702 4927 quem
1722 4861 1748 4912 et

71 4960 171 5032 usqae
184 4956 342 5013 Donatistae
355 4956 430 5011 banc
443 4948 845 5009 inramcanvenirenonomi·
933 4946 1047 5003 subinde
1069 4944 1207 5002 Possidins
1234 4943 1332 5014 proban
1359 4945 1522 5001 temetipum.
1543 4946 1561 5000 i
1588 4946 1633 5001 llti
1659 4950 1748 5001 temen

71 5045 241 5105 rtGatholici
254 5044 318 5100 :sed
327 5044 369 5098 illi
379 5041 555 5114 colloquium
569 5038 719 5097 obfirmato
732 5054 846 5110 semper
932 5039 1027 5106 postea
1052 5035 1135 5104 bajus
1146 5048 1231 5104 pana
1242 5031 1462 5089 condonationem
1483 5032 1631 5104 impetrant
1648 5035 1749 5092 Catto-

71 5135 297 5194 ndetrectarunt
307 5135 523 5200 etreensarnnt3
535 5129 739 5202 qnibnscerdis,
751 5126 847 5198 inquit
936 5126 991 5180 lici.
1006 5127 1021 5178 5
1037 5121 1152 5180 concilii
1165 5122 1387 5189 Caritaptnmsis
1399 5122 1498 5192 legatio
1513 5122 1550 5179 ad
1562 5121 1691 5192 petendos
1714 5120 1749 5175 ab

71 5224 183 5294 auam,
196 5239 248 5294 qua
263 5222 538 5294 autumniautumni,
549 5218 736 5275 amaritudine
746 5218 845 5288 plenis,
935 5215 1100 5283 Imperatore
1129 5211 1198 5278 teges
1231 5212 1260 5264 in
1287 5212 1482 5278 scismaticos,
1511 5209 1559 5266 sed
1585 5209 1748 5265 moderatas.

73 5316 189 5386 meum
199 5314 432 5371 estdemornlrare
442 5313 526 5382 (Cant.
543 5311 641 5374 cresc,
656 5306 704 5364 lib.
716 5309 778 5375 3‚n.
788 5307 845 5377 ts).
937 5301 1078 5370 ibepatio
1092 5299 1147 5355 bae
1168 5299 1281 5354 Tbeasio
1297 5303 1322 5354 et
1337 5300 1437 5354 ansio
1451 5296 1641 5353 demandatur.
1660 5300 1676 5350 7
1698 5297 1751 5350 Do·

71 5405 199 5464 edebant
212 5405 309 5459 autem
324 5399 588 5457 manifestissimam
599 5394 787 5452 intoleranda
802 5412 848 5450 su·
936 5392 1103 5447 antistarent
1125 5391 1156 5444 tn
1175 5389 1376 5444 Maximianum
1393 5388 1560 5444 immanitas.
1571 5387 1588 5441 8
1598 5384 1751 5441 insenum

71 5495 324 5566 argumentum,
335 5487 549 5560 videlicetquod
560 5486 615 5542 sibi
625 5500 691 5542 cum
700 5484 849 5557 peccatori·
937 5493 1043 5553 qnoque
1055 5480 1208 5549 episcopum
1221 5478 1366 5535 inuadunt.

71 5581 274 5657 ncobaqainm
286 5580 384 5636 venire
398 5577 558 5635 neiasesset
567 5574 665 5647 (Epist.
678 5576 740 5647 lot,
749 5588 779 5629 n.
794 5572 847 5646 lii.
941 5573 970 5628 l.
994 5569 1030 5626 llt
1042 5567 1079 5626 ad
1093 5566 1321 5636 consentionem,
1332 5581 1390 5639 qua
1402 5563 1587 5621 Donatistasa
1602 5563 1755 5645 catholicis
