3884 6112
138 221 205 274 tola

136 342 401 401 commendatarum
421 357 453 397 ac
473 346 647 398 retentarum
666 357 762 398 rarum
783 341 982 398 innumerabi-

135 427 216 497 lium,
229 429 273 483 tot
293 426 527 498 susceptricem,
543 444 677 500 agrorum
692 428 794 495 cultus,
815 428 983 484 exstructio·

138 532 188 572 nes
215 515 341 583 urbium,
365 515 510 570 variorum
536 516 722 571 aedificiorum
746 532 778 571 ac
801 516 982 572 moliminum

137 604 309 661 multimoda
338 604 491 672 miracula;
512 604 690 659 inventiones
714 609 756 660 tot
780 605 927 678 signorum
952 606 984 661 in

138 692 251 757 litteris,
265 692 296 746 in
313 691 414 758 verbis,
436 691 465 745 in
484 696 577 762 gestu,
596 693 627 747 in
648 694 840 764 cujuscemodi
860 710 940 761 sono,
954 693 984 748 in

138 783 257 856 picturis
269 786 353 852 atquc
368 781 526 852 tigmentis3
542 786 585 838 tot
599 784 729 854 gentium
744 784 867 856 linguas,
883 788 926 840 tot
939 784 984 840 in·

139 871 246 938 stituta,
262 873 304 925 tot
317 884 400 938 nova,
412 873 455 925 tot
466 869 639 939 instaurata,
651 875 763 927 tantum
779 872 917 928 librorum
931 888 984 927 nu·

137 975 260 1026 merum,
271 961 300 1014 et
308 957 502 1029 cujuscemodi
514 965 767 1016 monumentorum
780 961 813 1016 ad
825 960 986 1017 custodien-

138 1047 204 1104 dam
222 1049 403 1114 memoriam,
420 1051 586 1120 tantamque
602 1064 699 1104 eurem
717 1049 904 1122 posteritatis;
921 1049 985 1105 ofli-

137 1135 255 1205 ciorum,
267 1139 450 1208 potestatum,
462 1137 605 1191 honorum
616 1137 847 1208 dignitatumque
861 1137 984 1204 ordines,

137 1225 243 1281 sivein
265 1224 391 1292 familiis,
408 1225 467 1281 sive
489 1224 568 1280 domi
589 1224 758 1298 militiaeque
780 1226 810 1280 in
829 1225 984 1297 republica,

138 1313 196 1370 sive
206 1313 236 1369 in
248 1312 385 1385 profanis,
395 1312 453 1368 sive
463 1313 491 1368 in
507 1313 593 1369 sacris
608 1313 807 1386 apparatibus;
822 1314 879 1368 vim
894 1314 986 1369 retio-

138 1401 254 1458 cinandi
268 1406 296 1457 ct
310 1400 502 1473 excogitandi,
517 1401 619 1457 fluvios
632 1403 815 1474 eloquentiae,
827 1402 987 1457 carminum

139 1491 299 1558 varietates,
317 1489 434 1545 ludendi
456 1505 488 1544 ae
505 1490 622 1561 jocandi
640 1505 724 1546 eausa
745 1490 931 1546 milleformes
949 1490 986 1545 si·

141 1579 322 1648 mutationes,
337 1578 504 1634 modulandi
515 1578 657 1650 peritiam,
669 1579 837 1635 dimetiendi
849 1579 987 1634 subtilita-

140 1672 209 1735 tem,
223 1665 393 1723 numerandi
404 1665 597 1738 disciplinam,
609 1669 823 1740 preteritorum
836 1683 868 1722 ac
877 1667 988 1722 futuro-

141 1754 987 1829 rumexproesentibusconjeeturam.llagnahaecetomnino

140 1844 273 1900 humana
292 1843 347 1900 Sed
362 1847 404 1900 ast
418 1844 510 1900 adhuc
521 1845 576 1900 iste
585 1845 692 1916 partim
703 1845 792 1901 doctis
806 1849 893 1916 atqua
903 1844 986 1899 indo-

140 1931 202 2002 ctis,
217 1932 321 2005 partim
335 1932 416 1988 bonis
431 1949 463 1989 ae
477 1933 558 1989 malis
571 1934 674 1989 animis
687 1934 768 2006 copia
780 1932 950 1990 eommunis.

388 2028 503 2087 Quartus
519 2028 616 2093 medus
633 2029 739 2079 animus.

174 2110 220 2164 73.
239 2107 355 2179 Suspice
378 2107 469 2180 igitur
488 2114 574 2180 atque
594 2108 672 2164 insili
695 2112 798 2180 quarto
819 2106 931 2179 gradui,
954 2123 988 2163 ex

141 2210 198 2267 quo
212 2195 326 2251 bonitas
339 2195 449 2268 incipit,
465 2200 550 2269 atque
566 2199 661 2252 omnls
678 2212 745 2251 vera
765 2197 903 2252 laudatio.
919 2196 988 2251 ilinc

141 2283 219 2339 anim
234 2284 330 2339 anima
344 2301 375 2340 se
388 2300 449 2340 non
462 2286 554 2340 solum
570 2301 633 2355 suo,
644 2285 667 2340 si
684 2301 771 2357 quem
787 2285 913 2341 universi
925 2301 989 2356 par·

141 2375 199 2427 tem
214 2371 284 2443 agit,
300 2373 348 2426 sed
363 2371 419 2443 ipsi
433 2372 520 2427 etiam
534 2373 668 2428 universo
683 2373 798 2444 corpori
812 2373 897 2428 audet
912 2389 987 2443 prea-

140 2475 260 2533 ponare,
276 2459 409 2532 bonaque
432 2461 493 2532 ejus
511 2461 588 2516 bona
609 2477 660 2516 sua
683 2477 742 2516 non
765 2466 878 2532 putare,
901 2465 987 2534 etque

140 2547 278 2621 potentiae
292 2548 560 2621 pulchritudinique
575 2565 633 2604 suae
648 2553 814 2621 comparata
827 2549 988 2606 discernere

142 2640 227 2709 etque
241 2642 425 2693 contemnere
441 2653 448 2693 r
464 2637 572 2693 atinde
586 2653 644 2709 qno
660 2637 753 2709 magis
768 2653 798 2694 se
812 2638 943 2707 delectat,
954 2655 988 2694 eo

31 2794 38 2803 .
88 2781 92 2787 ,
141 2725 232 2797 magis
246 2741 308 2781 sese
322 2724 486 2781 abstrahere
506 2742 523 2780 a
543 2724 687 2793 sordibus,
705 2729 854 2797 totamque
874 2741 988 2781 emacu-

142 2815 201 2870 lare
215 2829 249 2869 ae
269 2812 489 2869 mundissimam
504 2812 622 2869 reddere
640 2817 668 2869 at
686 2813 926 2886 comptissimam
942 2830 989 2869 ro·

51 2926 54 2934 ·
141 2902 244 2959 horare
258 2918 288 2958 se
303 2902 437 2958 adversus
454 2902 561 2970 omnia,
577 2917 642 2974 qula
660 2901 695 2957 de
713 2902 861 2974 proposito
876 2917 908 2956 ac
924 2917 989 2957 sen·

141 2992 231 3047 tantia
258 2991 402 3047 dimovere
426 2990 607 3058 moliuntur;
637 2989 804 3046 societatem
831 2990 990 3046 humanam

142 3078 390 3151 magnipendere,
405 3078 536 3150 nihilque
555 3077 627 3134 velle
640 3078 724 3134 alteri
744 3077 822 3149 quod
841 3077 897 3133 sibi
918 3078 991 3133 nolit

142 3166 282 3234 accidere;
295 3165 375 3238 sequi
391 3166 590 3222 auctoritatem
604 3181 636 3221 ac
649 3170 791 3239 praecepta
804 3165 989 3236 sapientium,

142 3259 170 3310 et
182 3270 236 3326 per
248 3255 310 3310 haec
324 3254 402 3326 loqui
414 3254 468 3310 sibi
481 3255 572 3310 Deum
586 3255 711 3309 credere.
727 3254 760 3309 ln
775 3252 829 3308 hoc
842 3259 902 3309 tam
916 3269 990 3326 prae·

141 3344 217 3399 claro
233 3346 299 3398 ectu
314 3342 418 3398 animae
438 3341 514 3398 inest
528 3342 622 3397 adhuc
637 3341 727 3411 labor,
743 3345 773 3397 et
789 3346 888 3396 eontra
902 3341 990 3412 hujus

142 3432 245 3489 mundi
258 3431 403 3488 molestias
414 3435 500 3503 atque
516 3429 668 3486 blanditias
681 3445 804 3502 magnus
819 3428 989 3485 acerrimus·

142 3537 199 3594 que
211 3521 368 3577 conflictus.
385 3521 418 3576 ln
432 3519 494 3597 ipso
510 3519 586 3575 enim
600 3517 780 3591 purgationis
795 3517 911 3590 negotio
926 3517 991 3573 sub·

142 3614 292 3688 astumatus
312 3609 412 3666 mortis
435 3623 510 3680 saepe
532 3624 592 3663 non
612 3622 745 3680 magnus,
762 3622 838 3677 saepe
861 3622 926 3661 vero
941 3621 990 3661 ve·

142 3699 375 3755 hamentissimus
401 3714 409 3754 ι
433 3713 493 3753 non
521 3713 642 3769 magnus
666 3700 727 3752 tum
755 3711 820 3751 eum
849 3695 991 3751 robustis·

143 3788 214 3843 sime
228 3788 355 3843 creditur
366 3788 445 3857 (nam
458 3785 554 3841 videre
574 3787 628 3840 hoo
641 3788 739 3839 utrum
754 3784 790 3839 sit
806 3799 917 3852 verum,
931 3799 991 3839 non

143 3876 200 3931 nisi
213 3878 395 3947 perpurgata
416 3873 521 3928 animas
544 3872 617 3941 licet)
641 3875 722 3926 tauta
744 3871 795 3926 Dei
813 3871 991 3944 providentia

141 3963 310 4037 justitiaque
324 3960 478 4034 gubernari
492 3961 598 4024 omnia,
613 3963 645 4014 ut
659 3958 730 4014 nulli
746 3974 822 4014 mors
835 3959 935 4031 inique
949 3975 992 4015 aa·

145 4051 239 4108 cidere
250 4049 350 4124 possit,
364 4048 477 4104 etiamsi
493 4062 556 4102 eam
569 4047 642 4102 forte
654 4044 772 4118 iniquus
784 4045 922 4102 intulerit.
939 4047 991 4101 lle·

655 219 703 274 bl:
720 219 950 287 quadrifaria
970 216 1107 288 adluit,
1129 220 1155 274 S.
1177 216 1368 276 auuusrtn'l

1839 222 1895 277 luta

1036 358 1096 399 sese
1111 343 1243 415 inopere
1258 346 1317 399 tem
1333 340 1443 399 difficili
1456 339 1676 398 mundationis
1695 356 1759 398 snas
1772 342 1896 416 adjuma-

1037 431 1104 488 dam
1117 435 1146 488 el
1159 431 1365 505 perficiendam
1373 429 1502 503 piissime
1511 430 1735 504 tutissimeque
1744 433 1894 490 committit

1285 529 1400 588 Quintus
1416 526 1515 592 medus
1533 528 1653 584 animae,

1072 611 1117 667 ll.
1132 610 1212 677 Quod
1232 625 1298 664 eum
1321 608 1454 664 effectum
1468 607 1536 676 erit,
1552 606 1584 663 id
1599 612 1662 678 est,
1682 623 1753 663 eum
1772 608 1895 668 fueritah

1038 697 1118 753 omni
1130 698 1193 754 tabe
1208 697 1304 753 anima
1316 696 1405 752 libera
1418 695 1604 769 maculisque
1616 696 1730 766 diluta,
1741 701 1806 753 tum
1819 715 1847 754 ee
1859 699 1896 755 de

1038 784 1126 857 nique
1139 785 1169 841 in
1185 784 1279 857 seipsa
1293 783 1436 839 latissime
1456 786 1549 851 tenet,
1575 799 1635 839 nee
1650 784 1779 839 omnino
1801 784 1895 857 aliquid

1040 873 1143 929 metuit
1156 873 1210 929 sibi
1225 877 1275 928 aut
1288 872 1349 928 ulla
1362 887 1414 927 sua
1427 887 1512 928 caum
1526 871 1703 944 quidquam
1717 870 1844 943 angitur.
1857 874 1894 928 list

1040 979 1108 1035 ergo
1121 962 1174 1018 ista
1183 962 1301 1035 quintus
1310 961 1414 1034 gradus
1428 977 1435 1016 ε
1447 960 1526 1017 aliud
1535 963 1581 1017 est
1590 960 1680 1016 enim
1690 959 1820 1028 effluere,
1830 961 1894 1018 eliud

1038 1055 1137 1108 tenera
1150 1051 1322 1125 puritatem
1338 1053 1367 1105 et
1380 1049 1436 1105 alia
1449 1065 1571 1122 prorsus
1586 1049 1673 1104 actio
1688 1065 1752 1122 qna
1767 1065 1799 1104 se
1812 1048 1894 1122 inqui·

1040 1145 1136 1196 natam
1147 1141 1334 1211 redintegrat,
1349 1138 1405 1194 alia
1418 1154 1475 1211 qua
1489 1154 1551 1194 non
1567 1137 1689 1210 patitur
1703 1153 1736 1192 se
1753 1153 1852 1192 rursus
1860 1139 1894 1194 in·

1040 1229 1164 1303 quinari.
1177 1229 1209 1284 ln
1218 1228 1273 1283 hoc
1282 1228 1374 1300 gradu
1387 1225 1574 1283 omnifariam
1583 1225 1726 1296 concipit
1733 1228 1844 1296 quanta
1851 1223 1893 1279 sit:

1041 1318 1197 1391 quodcum
1218 1315 1391 1388 conceperit,
1406 1319 1475 1370 tune
1496 1329 1566 1369 vero
1593 1313 1720 1386 ingenti
1735 1313 1858 1384 quadam
1874 1319 1897 1368 et

1039 1403 1199 1460 incredibili
1209 1403 1313 1460 fiducia
1323 1403 1419 1476 pergit
1428 1402 1460 1457 in
1470 1404 1575 1470 Deum,
1587 1400 1620 1456 id
1632 1405 1689 1469 est,
1697 1400 1733 1456 in
1745 1401 1897 1473 ipsamcon-

1040 1489 1257 1563 templationem
1269 1489 1404 1558 veritatis,
1415 1492 1444 1544 at
1456 1488 1541 1559 illud,
1554 1491 1685 1560 propter
1700 1487 1786 1560 qnod
1797 1491 1896 1543 tantm

1041 1580 1203 1635 laboratum
1212 1582 1264 1648 est,
1277 1577 1446 1633 altissimum
1456 1580 1484 1632 et
1493 1576 1735 1633 secretissimum
1744 1576 1888 1648 prumiam

1302 1673 1397 1724 Sextus
1409 1673 1507 1737 gredm
1519 1673 1634 1724 ammae.
1674 1686 1680 1697 ·

1075 1757 1121 1809 75.
1135 1754 1189 1810 Sed
1203 1754 1264 1810 haec
1277 1755 1361 1822 aetio,
1377 1754 1407 1810 id
1425 1757 1477 1822 est,
1491 1753 1653 1825 appetitio,
1669 1752 1859 1824 intelligendi
1871 1770 1898 1809 ea

1042 1858 1107 1915 quae
1118 1858 1184 1898 vere
1203 1858 1371 1916 summeque
1387 1846 1465 1910 sunt,
1480 1858 1616 1897 summus
1632 1847 1778 1914 aspectus
1791 1846 1836 1896 est
1847 1843 1897 1896 ani-

1042 1946 1108 2002 mm,
1128 1948 1185 2003 quo
1203 1931 1414 2002 perfectiorem,
1436 1931 1589 1986 meliorem
1610 1931 1836 2002 rectioremque
1850 1946 1897 1985 nan

1042 2019 1137 2076 habet.
1153 2020 1253 2075 Sextus
1268 2035 1336 2092 ergo
1351 2019 1406 2075 erit
1420 2020 1473 2075 iste
1487 2019 1748 2092 gradusnctionis
1761 2036 1768 2074 :
1783 2019 1898 2075 aliudest

1043 2108 1120 2164 enim
1134 2108 1268 2165 mundari
1279 2109 1394 2164 oculum
1409 2105 1504 2179 ipsum
1516 2108 1640 2175 ammes,
1651 2125 1693 2164 ne
1705 2107 1818 2164 frustra
1830 2113 1855 2163 et
1866 2112 1897 2162 te

1043 2213 1121 2252 mere
1135 2197 1263 2270 aspiciat,
1279 2201 1308 2252 et
1320 2212 1407 2269 prave
1419 2196 1527 2263 videat;
1544 2195 1630 2251 aliud
1649 2195 1756 2268 ipsam
1770 2195 1897 2251 custodire

1043 2289 1128 2357 atque
1149 2286 1265 2342 firmare
1284 2285 1450 2354 sanitatem3
1473 2279 1551 2341 aliud
1570 2285 1638 2356 jem
1662 2301 1812 2340 serenum
1826 2289 1895 2356 atque

1043 2377 1152 2430 rectum
1166 2378 1314 2446 aspectum
1326 2373 1356 2428 in
1373 2373 1403 2429 id
1417 2373 1494 2446 qnod
1508 2373 1677 2430 videndum
1700 2377 1759 2442 est,
1776 2374 1894 2445 dirigere

1044 2462 1125 2529 Quod
1139 2463 1189 2535 qui
1203 2463 1284 2534 prius
1297 2461 1499 2518 volunttacere
1510 2477 1604 2534 quam
1616 2462 1765 2518 mundati
1779 2468 1808 2518 et
1820 2461 1894 2516 senati

1042 2549 1159 2615 fuerint,
1176 2549 1215 2605 ita
1228 2549 1278 2605 illa
1300 2550 1363 2605 lues
1383 2549 1609 2605 reverberantur
1632 2551 1832 2619 resitetiam
1850 2565 1894 2605 non

1043 2639 1136 2693 solum
1150 2637 1224 2693 nihil
1236 2636 1314 2706 boni,
1327 2637 1377 2694 sed
1388 2637 1476 2693 etiam
1489 2637 1561 2693 mali
1571 2639 1751 2709 plurimum
1766 2640 1798 2694 in
1811 2656 1842 2695 ea
1853 2654 1894 2710 pu·

1042 2730 1189 2796 tentasse,
1204 2731 1289 2798 atque
1304 2726 1340 2781 ab
1354 2742 1389 2782 ea
1405 2741 1512 2782 nomen
1528 2726 1665 2783 veritatis
1687 2729 1895 2799 abjudicentat

1043 2830 1109 2869 cum
1123 2814 1248 2886 quadam
1262 2814 1381 2870 libidine
1393 2819 1422 2871 ot
1444 2815 1595 2888 voluptate
1620 2815 1792 2872 miserabili
1803 2816 1832 2872 in
1844 2831 1895 2871 snas

1043 2907 1185 2970 tenebras,
1200 2918 1271 2975 quas
1285 2918 1386 2958 eorum
1403 2902 1522 2959 morbus
1540 2903 1605 2974 pati
1627 2909 1745 2977 potest,
1763 2905 1896 2961 medidie

1044 2991 1245 3047 maledicentes
1258 2990 1411 3064 refugiant.
1433 2991 1512 3047 Unde
1530 2991 1634 3047 divino
1649 2994 1772 3061 afflatu,
1788 2999 1895 3066 etpror-

1045 3096 1092 3136 sus
1104 3079 1316 3135 ordinatissime
1327 3079 1400 3135 illud
1413 3096 1431 3134 a
1443 3080 1590 3151 Propheta
1605 3081 1723 3137 dicitur
1740 3099 1748 3138 :
1764 3084 1815 3140 Gor
1827 3097 1895 3138 mm·

1044 3168 1111 3225 dum
1132 3183 1193 3223 creo
1214 3169 1245 3222 io
1257 3182 1307 3236 me,
1321 3169 1402 3236 Deus,
1421 3171 1447 3223 et
1463 3169 1596 3239 spiritam
1622 3175 1737 3226 rectum
1759 3171 1894 3226 tanaceta

1043 3256 1191 3312 etaemus
1205 3257 1271 3311 nwis
1286 3256 1372 3327 (Paul.
1387 3272 1407 3322 1,
1426 3256 1478 3328 lt).
1495 3255 1621 3328 Spiritus
1634 3259 1725 3315 enim
1748 3264 1839 3314 rectus
1849 3262 1892 3325 est,

1044 3343 1140 3413 orado,
1155 3359 1213 3416 quo
1227 3343 1260 3399 fit
1275 3346 1307 3399 nt
1320 3344 1417 3399 anima
1430 3343 1461 3399 in
1474 3344 1596 3400 veritate
1611 3348 1781 3417 quaerenda
1795 3346 1895 3403 deviare

1045 3435 1131 3503 atque
1146 3447 1241 3487 errare
1256 3446 1315 3486 non
1335 3429 1434 3503 possit.
1448 3431 1503 3497 oui
1524 3433 1662 3504 profecto
1679 3434 1714 3490 in
1736 3451 1772 3492 ea
1793 3451 1848 3490 nou
1860 3435 1894 3488 in·

1045 3523 1199 3589 stauretur,
1215 3517 1272 3574 nisi
1283 3518 1363 3591 prius
1378 3535 1427 3575 cor
1440 3520 1583 3575 mundum
1595 3520 1704 3590 fuerit,
1720 3523 1779 3579 hoc
1792 3520 1896 3592 est‚nisi

1045 3608 1124 3680 prius
1138 3608 1201 3680 ipsa
1212 3607 1346 3680 cogitatio
1362 3607 1398 3663 ab
1411 3607 1490 3663 omni
1502 3608 1667 3680 eupiditate
1681 3627 1717 3667 ae
1731 3612 1803 3668 faece
1814 3625 1894 3667 remu

1045 3697 1210 3754 mortalium
1224 3712 1286 3752 sess
1297 3696 1459 3753 cohibuerit
1471 3701 1499 3753 et
1510 3697 1706 3770 eliquaverit.

1289 3789 1422 3854 Septtmm
1437 3790 1536 3855 medus
1549 3792 1664 3847 mimae.

1080 3875 1126 3929 76.
1141 3873 1272 3928 lamrero
1294 3870 1325 3925 in
1341 3870 1403 3942 ipsa
1416 3869 1525 3927 visione
1544 3875 1636 3943 atque
1663 3874 1896 3948 contemplatione

1045 3956 1182 4024 veritatis,
1199 3955 1250 4029 qui
1268 3954 1405 4027 septimus
1422 3957 1508 4026 atque
1524 3955 1649 4011 ultimus
1678 3960 1792 4016 animm
1808 3959 1897 4033 gradus

1046 4051 1101 4114 θεὶς
1114 4060 1207 4117 neque
1220 4045 1281 4115 jam
1294 4043 1412 4116 gradus,
1422 4043 1472 4099 sed
1485 4045 1619 4115 quadam
1637 4048 1773 4118 mansio,
1786 4065 1842 4122 quo
1852 4048 1897 4104 ilus

145 4142 294 4198 hemenler
307 4143 403 4195 autem
418 4136 591 4192 formidatur
605 4150 682 4190 mors
696 4134 727 4189 in
741 4134 796 4190 hoe
808 4135 870 4207 jam
888 4134 990 4206 gradu
1045 4133 1180 4207 gradibus
1192 4131 1373 4205 pervenitur3
1387 4148 1451 4205 quse
1462 4132 1519 4188 sint
1533 4133 1655 4205 gaudia,
1668 4151 1740 4208 qnae
1755 4135 1898 4210 perfructio

144 4246 210 4286 enm
231 4235 260 4286 et
283 4227 354 4285 illud
377 4242 411 4282 eo
434 4224 559 4281 ereditur
582 4222 737 4290 infirmius,
760 4238 817 4295 quo
842 4221 991 4278 sollicitius
1047 4223 1153 4279 summi
1165 4227 1194 4277 et
1208 4223 1268 4278 veri
1280 4220 1360 4290 boni,
1377 4221 1458 4292 cujus
1472 4220 1638 4277 serenitatis
1656 4229 1751 4298 atque
1767 4225 1897 4282 sumin-

145 4318 299 4391 qnaeritnr3
313 4321 341 4373 et
352 4331 386 4372 so
401 4314 463 4387 ipso
478 4313 573 4370 minus
587 4313 710 4384 videtur,
725 4328 783 4384 quo
798 4311 992 4384 tranquillitas
1045 4311 1082 4367 tis
1096 4311 1220 4379 afflatus,
1239 4310 1309 4383 quid
1322 4326 1376 4382 ege
1390 4309 1503 4365 dicam?
1518 4309 1665 4368 biretum
1683 4315 1751 4369 haec
1770 4320 1897 4389 qnantum

144 4411 263 4481 propter
279 4411 389 4462 metum
408 4403 505 4459 minor
529 4407 581 4470 est,
600 4400 806 4471 investigandis
826 4399 992 4456 obscurissi·
1047 4401 1167 4457 dicenda
1181 4415 1241 4454 esse
1252 4398 1462 4472 judicaverunt,
1473 4413 1588 4470 magum
1598 4401 1745 4471 quedam
1762 4409 1793 4460 et
1807 4405 1899 4460 incom-

145 4496 199 4553 mis
211 4496 297 4553 rebus
310 4492 530 4568 pernecessaria.
544 4489 651 4545 Deinde
666 4505 723 4561 quo
738 4488 830 4561 magis
843 4489 992 4561 magisque
1046 4489 1188 4561 parabiles
1212 4487 1325 4556 animes,
1348 4503 1419 4559 quas
1435 4486 1523 4542 etiam
1542 4487 1652 4544 vidisse
1678 4507 1714 4547 ae
1736 4492 1836 4548 videre
1856 4492 1899 4546 isla

145 4585 234 4640 sentit
248 4584 354 4655 anima,
368 4599 401 4639 eo
416 4583 478 4655 ipso
499 4597 556 4654 quo
576 4578 699 4652 proiicit,
720 4582 861 4650 quantum
882 4578 994 4634 intersit
1047 4578 1199 4634 credimus.
1215 4576 1288 4633 Illud
1299 4577 1385 4648 plane
1400 4591 1453 4647 ego
1466 4592 1542 4632 nune
1554 4576 1651 4633 audeo
1669 4579 1725 4636 tibi
1741 4581 1899 4648 diceremus

145 4672 221 4727 inter
234 4689 337 4744 puram
360 4676 388 4727 at
408 4669 645 4736 contaminatam
659 4683 692 4722 eo
716 4667 808 4738 magis
830 4667 921 4736 timet,
943 4682 991 4735 ne,
1047 4668 1071 4723 si
1083 4682 1198 4722 cursum
1212 4680 1299 4737 quem
1313 4664 1397 4721 nohis
1409 4665 1483 4720 Dens
1497 4664 1635 4736 imperat,
1653 4671 1686 4723 et
1699 4685 1796 4742 quem
1811 4675 1898 4724 tenea·

146 4759 274 4832 deposito
294 4760 348 4815 isto
366 4775 494 4832 corpore,
515 4758 612 4814 minus
629 4771 692 4812 eam
712 4754 801 4828 possit
816 4757 890 4810 Deus
905 4772 993 4828 quam
1048 4756 1117 4813 dum
1131 4755 1318 4826 suscepimus,
1332 4753 1560 4810 constantissima
1576 4743 1781 4828 tenuerimus,
1794 4771 1899 4831 perrea·

146 4847 241 4919 seipsa
253 4846 327 4902 ferre
340 4847 492 4918 pollutam.
505 4845 582 4903 Nihil
598 4848 695 4900 autem
705 4841 851 4900 difficilius
862 4859 950 4914 quam
965 4848 994 4900 et
1047 4850 1126 4901 turos
1138 4861 1190 4917 per
1203 4844 1344 4899 Virtutem
1357 4842 1408 4898 liei
1421 4846 1507 4915 atque
1518 4843 1704 4914 Sapientiam
1716 4848 1759 4904 ad
1767 4858 1899 4904 mmmsm

146 4941 276 4993 metuere
290 4939 414 4992 mortem
428 4933 450 5003 ¹,
466 4938 495 4991 el
508 4935 544 4991 ab
559 4932 700 4990 illecebris
715 4932 926 5005 hujusmundi,
943 4933 995 4988 sic·
1047 4933 1127 4989 illam
1141 4949 1266 5000 cansam,
1286 4932 1331 4987 vel
1352 4947 1497 4987 summum
1511 4936 1675 5001 auctorem,
1691 4936 1740 4992 vel
1763 4947 1899 4992 summum

147 5032 180 5084 ut
189 5024 315 5100 pericula
324 5022 386 5095 ipsa
396 5023 551 5094 postulant,
561 5027 733 5095 temperare.
745 5022 834 5076 Tanta
845 5024 888 5076 ast
897 5024 994 5076 temen
1047 5022 1221 5094 principium
1236 5037 1333 5076 reram
1350 5020 1492 5090 omnium,
1508 5022 1552 5076 vel
1566 5020 1591 5076 si
1605 5037 1668 5094 quo
1684 5023 1747 5080 alio
1761 5025 1848 5081 modo
1860 5036 1898 5077 res

147 5116 253 5184 anime,
269 5117 301 5169 nt
323 5111 410 5167 etiam
429 5110 484 5166 hoc
506 5110 599 5182 possit
620 5110 774 5183 adjuvante
796 5125 863 5165 sane
883 5109 994 5181 justitia
1047 5115 1125 5167 tanta
1145 5109 1349 5181 congruentius
1369 5107 1509 5180 appellari
1522 5113 1618 5180 potest
1642 5127 1650 5165 ε
1675 5128 1738 5185 qno
1754 5113 1897 5176 intellecto,

147 5203 254 5262 summi
269 5205 297 5258 et
310 5199 371 5257 veri
387 5199 444 5264 uei,
456 5215 513 5271 qua
527 5199 588 5255 boec
601 5199 769 5255 universitas
782 5201 955 5254 sustentatur
965 5204 995 5254 at
1047 5215 1113 5255 vere
1127 5199 1287 5255 videbimus
1301 5214 1388 5269 quam
1402 5197 1461 5253 sint
1472 5196 1571 5253 omnia
1584 5198 1641 5255 sub
1657 5202 1721 5257 sole
1738 5203 1849 5259 vanites
1861 5215 1900 5254 va·

148 5287 991 5367 regitnr3quaetiamfectumest,utnonmodosint0mnia,
1048 5289 1200 5344 nitentium
1221 5286 1317 5358 (decla.
1341 5304 1360 5355 1,
1384 5285 1476 5360 t[a]).
1491 5286 1608 5342 vanitas
1626 5289 1713 5346 enim
1727 5297 1775 5347 est
1788 5289 1897 5351 umus.

148 5383 198 5439 sed
212 5383 253 5439 ita
264 5382 332 5450 sint,
346 5381 380 5436 ut
393 5377 511 5434 omnino
526 5377 628 5432 melius
647 5393 707 5432 asse
730 5393 788 5432 non
805 5376 923 5450 possint.
941 5376 994 5433 Cui
1048 5378 1208 5433 vanitantes
1223 5381 1319 5432 autern
1331 5376 1376 5431 vel
1399 5374 1473 5445 falsi,
1495 5374 1541 5431 vel
1564 5376 1715 5447 fallentes,
1732 5381 1783 5437 vel
1796 5380 1898 5452 utrique

178 5480 240 5533 ¹Er.
249 5477 475 5532 etunusenostris
484 5476 556 5544 blas,
567 5486 645 5539 quatu
654 5476 991 5529 elnonmetoeremorlem.
1080 5475 1113 5535 (a)
1128 5476 1167 5524 lta
1183 5474 1332 5538 frequenter
1345 5473 1417 5524 citat.
1430 5471 1496 5523 Vide
1511 5473 1522 5522 t
1538 5470 1669 5536 Retract„
1685 5488 1747 5542 cap.
1759 5479 1786 5536 7,
1800 5489 1827 5527 n.
1839 5479 1861 5526 3.
