3884 6112
146 293 197 342 559

148 413 279 465 transiens
285 409 441 478 prouincias
451 407 611 474 ctrcgiones
628 407 701 458 omni
711 406 821 457 saeuiens
835 402 994 456 crudelitate

145 505 170 553 el
185 500 449 565 atrocitutc,cuncta,
465 509 524 562 qna
535 493 633 562 poluit,
646 492 849 560 exspoliatione,
866 490 993 554 caedibus;

147 585 465 656 diuersisquetormmlis,
475 581 616 647 incendiis,
629 578 994 648 aliispneinnunmobilibas

147 681 172 729 ct
186 675 310 741 infundis
325 674 403 725 molis
417 671 580 739 depopulata
595 673 651 735 cst:
668 670 737 722 nielli
750 668 919 732 seminudi
932 682 996 735 par·

147 779 206 817 cens
216 764 300 826 celati,
317 776 364 814 nco
382 762 449 828 ipsis
463 761 511 812 liei
522 757 706 822 sacerdotibus
720 757 762 810 oel
776 759 923 819 ministris,
948 771 995 809 nec

147 854 215 920 ipsis
229 851 398 903 ecclesiarum
411 848 574 900 orna-mentis
587 860 634 898 scu
649 847 836 898 instrumentis
853 846 894 898 ccl
904 842 996 914 adifi-

146 942 209 993 ciis.
239 940 275 991 Et
294 938 362 990 barro
391 937 587 1000 ferocissimam
616 933 733 987 bostium
755 935 950 1001 proscutionem
971 936 997 984 et

145 1027 331 1090 uastationem,
348 1023 393 1076 itte
408 1024 455 1075 liei
470 1023 556 1082 bomo,
572 1026 597 1075 ct
609 1023 713 1087 suetam
725 1023 811 1086 fuisse
822 1026 847 1074 et
856 1022 928 1088 lieri,
943 1035 996 1073 non

145 1118 175 1168 ut
190 1115 278 1167 caleri
297 1113 443 1174 bominum,
459 1109 590 1164 sentiebat
602 1113 626 1163 ct
641 1110 794 1176 copitobnt3
812 1108 859 1163 scd
873 1109 956 1161 ultius
972 1112 996 1161 el

143 1201 310 1271 profundius
325 1215 356 1253 cu
371 1199 554 1264 considerans,
568 1203 593 1251 et
606 1200 635 1250 in
648 1198 689 1250 liis
696 1199 850 1250 animarum
862 1199 997 1265 praecipue

145 1292 186 1344 oct
197 1289 321 1358 pericula
337 1288 379 1342 oct
392 1292 489 1341 mortes
501 1286 666 1356 praevideas,
682 1287 759 1339 solito
778 1286 896 1355 amptius
921 1289 996 1354 (quo-

145 1380 221 1431 niam
242 1382 272 1431 ut
290 1379 422 1445 scripturn
436 1381 484 1442 est,
503 1375 570 1440 :Qui
584 1377 700 1444 apponit
712 1377 863 1440 scientiam,
885 1375 997 1443 apponit

146 1466 261 1520 dolrirem
279 1464 402 1537 »taccu
420 1481 439 1529 1,
459 1462 520 1535 l8];
535 1468 560 1517 cl
572 1482 584 1512 a
602 1465 652 1519 Cor
665 1465 828 1530 intelligens,
845 1466 916 1516 tinea
931 1465 995 1516 ossi.

148 1555 203 1619 bns]
213 1574 225 1602 u
239 1556 352 1618 suerunt
362 1556 385 1604 ei
394 1553 519 1619 lacrymae
527 1566 611 1619 pierres
622 1550 664 1603 die
675 1556 786 1603 concrete
800 1550 882 1620 (Psal.
892 1566 947 1615 xm,
959 1551 983 1615 il

146 1644 399 1708 amarissimamque
408 1646 434 1695 et
449 1641 588 1705 lupubrcm
600 1653 659 1707 pra
674 1641 776 1693 cacteris
787 1654 841 1693 sua
855 1640 997 1692 senecintis

142 1733 203 1800 jorn
217 1746 282 1800 pene
294 1735 442 1782 cctrcmam
453 1728 565 1782 ducebat
582 1744 613 1781 nc
629 1728 760 1781 tolerabat
768 1729 863 1782 tritum.
882 1727 997 1781 Videbat

146 1823 215 1873 enirn
231 1821 276 1872 ille
290 1818 366 1872 bomo
380 1819 428 1872 lici
441 1818 565 1871 ciuitates
580 1816 686 1870 ancistro
698 1814 831 1885 perditos,
841 1818 998 1884 pariterque

145 1923 205 1962 cum
223 1907 345 1974 adificiis
357 1907 486 1960 uiltorum
501 1905 675 1970 habitatores,
693 1906 759 1958 alios
770 1905 861 1958 bestiti
874 1919 935 1958 nece
950 1920 996 1956 ca·

144 1999 266 2064 stinclos,
285 1997 352 2049 alios
373 1994 504 2063 effugatos
519 1998 600 2062 utque
619 1994 769 2061 dispersam
799 1994 930 2047 Ecclesias
952 2007 996 2044 sa·

145 2084 295 2140 cerdottbus
309 2099 340 2138 ac
353 2085 488 2137 ministris
505 2082 658 2147 destitutos,
675 2081 849 2149 uirpinesque
862 2095 954 2134 sacras
973 2085 998 2133 ct

146 2170 265 2243 quosque
282 2175 445 2226 continentes
460 2171 559 2238 ubique
582 2158 751 2239 dissipatos;
772 2173 798 2223 ct
821 2171 850 2222 in
874 2171 915 2222 bis
930 2169 997 2222 alios

145 2263 284 2315 tormentis
299 2260 437 2328 deiecisse,
459 2261 525 2313 ntus
540 2258 633 2323 alodio
647 2261 819 2327 interemptos
836 2272 900 2324 esse,
930 2259 997 2311 ulios

145 2354 175 2403 in
188 2351 354 2419 captivitate,
375 2348 486 2417 perdita
507 2349 593 2401 alcimi
608 2351 633 2401 ct
652 2348 771 2416 corporis
796 2347 953 2413 tnteqrttote
967 2361 997 2399 ac

145 2439 218 2508 {idei
239 2439 310 2493 molo
328 2451 400 2491 more
422 2451 452 2490 oc
474 2435 542 2489 duro
567 2435 688 2489 hostibus
709 2435 861 2499 desereirc3
886 2437 997 2502 tymeus

146 2529 196 2581 lici
208 2531 233 2580 ct
249 2525 341 2579 landes
356 2525 389 2578 de
399 2525 515 2579 ecclesiis
530 2523 685 2593 deperiisse,
696 2523 813 2591 edificia
827 2524 998 2577 ecelesiarum

146 2615 363 2686 quamplurimis
380 2613 443 2667 locis
458 2612 568 2680 ignibus
580 2616 766 2676 concremata;
784 2612 922 2676 solemnia,
939 2627 998 2680 qrcae

147 2707 197 2758 ltro
213 2702 351 2764 debentur,
369 2701 402 2754 de
420 2703 540 2770 propriis
563 2701 626 2754 locis
649 2700 759 2754 desiisse
777 2703 928 2768 sucrittcia3
952 2715 996 2754 sa-

145 2795 282 2846 cramenta
296 2790 392 2844 diuina
403 2791 444 2843 uel
458 2804 511 2843 non
526 2791 622 2858 quari,
637 2789 679 2842 acl
698 2791 828 2857 quaerenti
842 2791 891 2856 qui
904 2788 997 2842 tradat

144 2897 198 2936 non
209 2881 291 2947 facilc
301 2880 417 2948 reperiri
425 2896 432 2942 ;
445 2879 475 2931 in
488 2880 564 2946 ipsos
578 2879 709 2931 morutium
728 2879 810 2930 siluas
825 2882 850 2930 ct
869 2893 997 2932 cisternas

141 2975 284 3038 petrarum
298 2972 323 3021 cl
337 2968 476 3036 speluncas
487 2969 680 3032 corrttrpimtes,
696 2967 737 3019 rel
756 2966 793 3019 nd
807 2982 928 3035 quareque
940 2982 997 3019 mrc-

145 3059 260 3109 nitiones
275 3056 343 3108 altos
356 3056 443 3119 fuisse
457 3060 625 3122 cupupuutos
640 3061 665 3106 cl
686 3057 851 3120 interlectos,
871 3055 942 3108 alios
957 3057 997 3108 ita

146 3145 302 3198 necessariis
317 3144 507 3196 sustentaculis
517 3143 633 3196 ceolutos
646 3147 727 3208 utque
735 3145 868 3210 priuatos,
883 3147 914 3196 ut
924 3146 997 3209 sume

146 3231 375 3284 contabescerent:
392 3231 517 3298 ipsosque
531 3230 711 3282 Ecclesinram
727 3233 884 3298 prepositos
901 3236 926 3284 ct
944 3232 995 3284 cle-

146 3321 225 3381 ricos,
246 3319 382 3387 pulsante
407 3318 455 3372 liei
476 3317 598 3385 beneticio
622 3318 664 3370 ccl
678 3333 720 3371 cos
740 3333 793 3371 non
812 3320 994 3384 incurrerant,

145 3408 186 3462 ccl
191 3411 356 3462 incurrentes
368 3410 519 3472 comerent,
527 3405 605 3459 rebus
611 3406 733 3460 omnibus
739 3406 903 3474 enspolinlos
914 3411 996 3475 utque

144 3495 270 3561 tiridates,
295 3496 478 3563 cpentissimos
506 3494 667 3556 mendicare,
692 3510 738 3548 nec
762 3496 800 3547 cis
814 3495 936 3548 ominibus
959 3495 996 3548 nd

145 3587 244 3652 omnia,
260 3586 358 3654 quibus
372 3583 506 3650 scilcieadi
515 3587 611 3646 resen,
625 3582 764 3636 subueniri
774 3597 852 3651 posse
863 3597 869 3636 :
882 3584 930 3635 cic
943 3588 995 3637 tres

145 3675 301 3741 superstites
320 3687 353 3725 en
368 3672 610 3725 inntcmaubilibus
632 3673 774 3736 Ecclesias,
797 3673 845 3725 boc
867 3676 916 3735 est,
933 3672 996 3727 Cur·

91 3761 94 3765 ’
145 3761 338 3825 tbupinenscm,
354 3761 561 3828 tlippoacnscm,
580 3764 605 3813 ct
624 3759 780 3826 cirtensem,
798 3776 857 3828 acca
880 3763 929 3814 ilci
951 3760 994 3813 bc-

143 3847 238 3916 neficio
252 3849 347 3900 cucisae
358 3862 411 3899 non
425 3853 498 3910 sunt,
514 3852 540 3899 ct
562 3863 653 3900 earum
674 3853 834 3915 permanent
859 3851 992 3913 ciuitates,

144 3939 170 3987 ct
182 3934 273 3987 dictito
292 3937 317 3986 et
332 3935 447 3986 lrumano
460 3935 539 4000 sulla
551 3933 698 4002 prasidio;
720 3936 780 3988 licet
798 3941 858 4004 post
873 3937 931 4004 ejus
946 3938 995 3990 ob·

144 4025 213 4077 ilum
223 4022 286 4077 urbs
300 4023 478 4090 Hipponensis
491 4021 763 4075 ineolisdeslitutaab
774 4024 893 4077 hostibus
908 4026 995 4089 tacuit

144 4116 320 4167 concremato.
339 4112 371 4164 Et
385 4124 412 4162 se
431 4111 502 4163 irtler
521 4111 575 4163 Aac
598 4112 671 4163 muln
697 4111 840 4178 cicircsdam
865 4114 994 4180 sapientis

144 4198 589 4256 sententiaconsolubntnrdiecntis
602 4216 608 4252 ε
620 4201 681 4256 Non
691 4203 994 4269 critmaanusmapnum

142 4297 253 4361 putans,
268 4288 340 4358 qnod
352 4288 453 4342 eliciunt
464 4288 540 4355 tigria
552 4291 576 4340 ct
591 4288 705 4358 lapides,
722 4294 746 4343 ct
761 4292 914 4343 moriuntur
927 4305 994 4343 rnor-

143 4379 219 4433 tnles.
236 4381 297 4433 llaec
306 4393 369 4444 erpo
383 4379 474 4430 omnia
488 4377 541 4439 illc,
558 4381 588 4429 ut
602 4383 661 4431 erut
674 4378 728 4431 ultc
742 4381 860 4448 sapiens,
876 4379 995 4447 attollitie

142 4466 257 4520 ubertim
271 4466 418 4534 planpebat
433 4464 557 4533 (Possid,
573 4465 603 4516 in
629 4465 693 4518 l'ita
708 4467 837 4532 Aueiae,
861 4481 920 4535 cap.
937 4466 991 4535 ⁴28).

176 4559 203 4607 7.
222 4554 361 4608 Caeterum
377 4553 425 4606 Vir
445 4552 603 4623 ticinaque
618 4551 704 4607 fidam
720 4571 811 4617 suum,
828 4571 920 4625 ireque
936 4555 995 4624 epi·

142 4642 282 4711 scopatam
306 4641 503 4697 tortitudinem
524 4642 632 4704 dolore,
650 4658 707 4712 quo
722 4647 815 4696 tuntas
830 4642 905 4696 iuter
919 4644 993 4697 calu-

144 4729 257 4784 mitates
271 4729 457 4799 alliciebatur,
473 4731 567 4802 frangi
582 4731 759 4785 debilitarise
774 4731 902 4786 sinebat:
917 4732 993 4803 quod

144 4815 259 4887 quidem
275 4816 299 4869 is
315 4817 433 4886 epistola
447 4818 484 4872 ad
503 4818 733 4882 Quodvultdeum
748 4819 912 4890 episcopum
928 4821 994 4874 dnta

143 4903 254 4975 liquido
271 4903 483 4961 demonstrarit.
501 4908 627 4977 Rogatus
638 4907 714 4961 euim
729 4907 764 4960 ab
780 4906 833 4961 hoc
848 4907 992 4978 episcopo,

141 4992 300 5063 praesulum
316 4992 369 5045 hoc
383 4991 414 5045 iu
428 5009 493 5046 casu
510 4995 587 5064 quod
606 5001 680 5050 esset
698 4995 835 5061 officium,
851 5011 888 5049 au
906 4996 945 5049 eis
958 4996 992 5050 li-

142 5086 217 5137 ceret
232 5084 330 5151 lugam
344 5081 459 5151 populis
476 5083 651 5152 permittere,
671 5100 701 5138 uc
716 5100 745 5137 sa
768 5083 844 5155 ipsos
867 5083 992 5154 recipere

141 5169 262 5242 periculi
274 5169 383 5223 vitandi
396 5168 506 5239 gratia:
522 5172 619 5241 paucis
640 5173 756 5243 quidem
773 5173 814 5226 illi
833 5172 991 5242 respondit,

140 5259 189 5316 sed
202 5275 255 5331 pro
269 5258 398 5331 ejusdcm
411 5258 577 5313 necessitate
592 5265 635 5314 sat
644 5261 753 5327 mullis,
764 5277 867 5332 nempe
878 5277 929 5315 nec
944 5277 992 5315 eos

139 5363 199 5403 esse
215 5346 421 5420 prohibendos,
448 5346 496 5417 qui
525 5346 558 5400 nd
574 5347 646 5414 loca,
673 5348 696 5402 si
718 5354 849 5418 possunt,
880 5348 992 5404 munita
1008 5328 1024 5359 ⁸

138 5434 263 5506 migrare
279 5436 453 5501 desiderant,
470 5449 522 5489 nec
539 5434 685 5506 episcopos
700 5436 851 5491 ministerii
875 5437 919 5490 sui
933 5437 992 5492 rin-

138 5524 266 5580 eulailla
287 5541 375 5593 mera,
406 5524 510 5596 quibus
534 5538 592 5590 eos,
621 5540 656 5578 nc
686 5525 820 5580 Ecclesias
847 5525 987 5588 deserant,

766 284 841 336 t'l'l'b
865 284 892 334 S.
914 278 1101 335 tttatlslts‘t
1125 277 1289 333 Eluslttttet.

1858 279 1901 327 :ult

1051 399 1153 456 Christi
1166 400 1288 454 clraritas
1302 398 1440 470 alligavit,
1456 413 1536 469 posse
1558 413 1712 468 rumpere,
1734 400 1826 467 atque
1840 397 1902 451 adeo

1052 489 1190 561 quamdiu
1205 489 1333 560 ipsorum
1357 486 1510 559 praeseutia
1525 487 1602 558 plebi
1617 487 1785 542 necessaria
1800 490 1844 540 est
1864 486 1902 540 ln·

1051 584 1125 646 tura,
1145 579 1185 632 eis
1199 579 1270 632 nihil
1292 592 1408 648 prorsus
1425 577 1502 630 aliud
1515 575 1651 648 relinqui,
1669 575 1727 630 nisi
1741 580 1776 629 ut
1791 590 1824 629 sc
1838 580 1903 631 totos

1052 666 1154 721 dirime
1170 668 1308 721 voluntati
1320 665 1507 729 committant,
1522 671 1550 719 et
1560 681 1732 736 spemsuam
1746 665 1776 719 iu
1786 679 1903 736 superus

1052 756 1192 824 adjtrtorio
1207 757 1345 810 collocent
1360 756 1469 824 (Epist,
1483 756 1546 822 tib,
1559 770 1585 809 a.
1602 757 1640 825 l).
1653 751 1904 808 HonoratusTbie

1052 843 1146 897 heusis
1159 843 1318 915 episcopus,
1331 843 1465 914 idemque
1480 859 1498 897 a
1523 842 1650 897 Possidio
1667 846 1787 896 sauctus
1804 840 1850 895 vir
1863 855 1903 911 ap·
1926 836 1931 846 '

1052 933 1173 1002 peltatas
1202 933 1360 999 (possidius,
1381 932 1413 987 in
1432 934 1496 987 Vita
1517 933 1649 999 Anaust,
1675 946 1700 985 c.
1722 931 1782 999 ab),
1813 930 1902 984 eaden

1052 1021 1235 1092 postmodum
1263 1021 1298 1075 ab
1325 1021 1484 1092 Augustino
1507 1020 1541 1075 de
1567 1019 1743 1091 presulibus
1758 1023 1790 1073 et
1803 1017 1901 1073 clericis

1053 1109 1207 1164 sciscitatus
1224 1114 1275 1164 est.
1299 1110 1349 1165 llic
1376 1115 1472 1164 sancto
1496 1109 1624 1164 Antistiti
1637 1107 1837 1179 significabat,
1851 1123 1899 1163 noa

1052 1197 1148 1252 ridere
1167 1215 1206 1266 se,
1223 1199 1293 1270 quid
1313 1198 1389 1254 aliud
1411 1197 1585 1253 remanendo
1601 1196 1632 1251 in
1651 1195 1774 1251 sedibus
1790 1196 1847 1250 suis
1861 1196 1897 1250 rel

1053 1287 1155 1342 sibivel
1171 1289 1277 1359 populo
1288 1304 1339 1342 suo
1351 1287 1494 1359 prolaturi
1506 1287 1564 1341 siut
1574 1285 1713 1357 episcopi,
1727 1285 1789 1340 nisi
1802 1290 1832 1339 ut
1843 1289 1896 1339 aute

1052 1374 1180 1447 ipsorum
1205 1377 1300 1430 oculos
1318 1377 1372 1430 viri
1391 1376 1502 1442 cadant,
1530 1375 1645 1429 feminee
1671 1378 1895 1446 constuprentur,

1052 1463 1242 1519 incendantur
1256 1465 1391 1530 ecelesia,
1408 1469 1492 1535 atque
1507 1463 1562 1535 ipsi
1576 1478 1695 1534 quoque
1714 1461 1748 1516 in
1763 1462 1897 1516 tormentis

1053 1552 1196 1621 deliciunt,
1212 1569 1276 1607 curn
1292 1554 1326 1607 de
1349 1552 1419 1622 ipsis
1441 1553 1580 1624 qiraeritur
1595 1550 1672 1622 quod
1700 1566 1765 1605 nou
1793 1550 1894 1604 babent.

1052 1641 1228 1711 Augustinus
1254 1642 1383 1695 sulficere
1411 1644 1529 1712 putarit,
1551 1640 1577 1693 ei
1596 1655 1678 1694 suum
1698 1639 1739 1694 ad
1755 1639 1895 1716 Quodtult·

1054 1728 1140 1782 deum
1155 1730 1307 1799 epistolam
1323 1730 1443 1783 mittere.
1465 1729 1518 1784 Sed
1544 1729 1585 1782 illi
1611 1729 1720 1783 iterum
1752 1729 1895 1782 Honoratus

1053 1817 1105 1871 hue
1120 1818 1174 1871 sibi
1187 1819 1361 1872 satisfactum
1373 1834 1496 1872 uonesse
1509 1816 1818 1888 signiticarit,quando
1831 1816 1896 1872 cuu-

1054 1912 1113 1960 stus
1127 1911 1154 1960 et
1167 1907 1264 1977 lugere
1275 1906 1465 1978 precepisset,
1480 1911 1694 1977 etpraeceptum
1711 1920 1800 1959 suum
1814 1920 1894 1958 erem·

1053 1995 1101 2064 plo
1117 1994 1233 2065 proprio
1248 1995 1461 2049 confirmasset:
1475 1996 1532 2049 lloe
1542 1994 1694 2063 igiturluit
1709 1994 1742 2047 in
1752 2009 1845 2060 carisa,
1855 2009 1894 2047 cur

1054 2083 1080 2135 ei
1096 2088 1210 2136 sauctus
1226 2083 1327 2137 Ductor
1337 2098 1440 2136 trovam
1455 2097 1589 2152 superea
1605 2098 1636 2136 re
1651 2082 1791 2136 scriberet
1806 2082 1894 2151 episto

1053 2171 1110 2247 lam
1124 2171 1223 2241 (Epist.
1234 2173 1297 2238 228,
1307 2173 1379 2238 nt),
1395 2169 1554 2241 qtramdieit
1565 2169 1893 2225 Possidiusiustituendis

1053 2259 1193 2330 episeopis
1209 2258 1328 2329 aliisque
1349 2259 1478 2313 Ecclesia
1499 2256 1637 2312 ministris
1653 2258 1787 2329 apprime
1807 2259 1894 2313 utilem

1054 2353 1082 2401 ct
1096 2349 1295 2414 necessariam,
1315 2347 1351 2401 ob
1365 2347 1451 2417 idque
1467 2346 1521 2401 sibi
1539 2346 1642 2412 risum,
1668 2361 1746 2413 eam,
1763 2344 1829 2400 licet
1841 2346 1894 2400 lon·

1054 2437 1221 2506 giuseulam,
1243 2438 1311 2491 t'itae
1336 2437 1425 2490 sancti
1440 2435 1572 2489 praesulis
1599 2436 1730 2490 inserere
1746 2435 1893 2506 (Possidius,

1053 2528 1082 2578 in
1101 2527 1164 2579 Vita
1178 2527 1307 2593 August„
1323 2539 1346 2578 o.
1363 2525 1416 2591 30).
1433 2525 1520 2577 Porro
1536 2523 1564 2577 id
1580 2522 1628 2576 ille
1651 2522 1681 2576 iu
1696 2539 1744 2578 ca·
1755 2525 1846 2589 docet,
1859 2523 1894 2576 lu-

1054 2630 1117 2683 gam
1138 2613 1278 2684 episcopis
1294 2618 1355 2667 term
1374 2613 1490 2668 demum
1502 2611 1610 2666 licitam
1625 2627 1698 2674 esse,
1713 2627 1781 2666 eum
1795 2612 1895 2681 eclipsi

1054 2702 1212 2770 specialiter
1228 2707 1407 2771 queruntur,
1424 2706 1452 2754 et
1464 2716 1515 2771 per
1529 2700 1601 2753 alios
1616 2699 1666 2770 qui
1682 2715 1744 2753 uon
1768 2700 1808 2754 ita
1831 2716 1894 2770 que

1054 2796 1167 2856 rantur,
1179 2794 1274 2860 potest
1298 2788 1411 2858 impleri
1427 2787 1619 2842 necessarium
1635 2786 1847 2854 ministerium
1860 2788 1893 2841 rel

1052 2878 1166 2932 recessit
1180 2878 1311 2931 universa
1325 2878 1416 2947 plebs.
1434 2877 1539 2930 Ultimo
1551 2875 1618 2929 huic
1633 2875 1824 2946 approbando
1838 2892 1895 2946 quo·

1052 2969 1184 3022 rumdam
1205 2968 1394 3036 Hispanorum
1416 2965 1575 3019 antistitum
1590 2965 1757 3036 exemplum
1774 2964 1894 3025 adducit;

1053 3058 1254 3127 primoautem
1269 3054 1438 3120 Athanasii,
1466 3054 1512 3107 cui
1531 3058 1645 3124 poterat
1672 3059 1702 3106 et
1730 3053 1894 3124 Cypriacam

1053 3146 1226 3215 adjungere:
1253 3143 1377 3213 demptis
1391 3147 1485 3197 autem
1507 3142 1618 3197 duabus
1632 3140 1711 3194 hisce
1737 3135 1895 3194 conditioni·

1051 3233 1115 3298 bus,
1131 3232 1293 3302 ignorantia
1305 3234 1365 3285 sola
1377 3237 1424 3284 aiut
1435 3230 1548 3300 ignavia
1561 3229 1710 3294 clericum,
1725 3228 1894 3297 maximeque

1052 3320 1226 3391 episcopum,
1242 3320 1337 3373 induci
1353 3335 1441 3389 posse,
1463 3323 1494 3372 ut
1508 3317 1646 3389 populum
1665 3316 1830 3371 ministerio
1842 3330 1894 3375 sue.

1052 3424 1109 3478 quo
1123 3413 1251 3476 tempore
1265 3407 1447 3477 potissimum
1461 3423 1495 3460 eo
1515 3406 1633 3478 indiget,
1649 3406 1800 3461 desertum
1814 3404 1893 3476 palie·

1052 3500 1108 3549 tur.
1124 3495 1195 3558 Ouia
1213 3510 1278 3548 sero
1298 3495 1333 3548 ab
1359 3495 1416 3548 alio
1436 3495 1557 3564 praesule
1580 3495 1674 3547 luerat
1700 3493 1855 3564 objectum,
1875 3490 1892 3542 si

1052 3584 1179 3638 Christus
1194 3583 1224 3637 iu
1239 3583 1280 3637 eis
1294 3584 1548 3654 persecutionibus,
1564 3583 1834 3652 ubipolestlructus
1844 3594 1893 3634 esse

1053 3672 1191 3743 martyrii,
1206 3672 1374 3743 fugiendum
1391 3671 1524 3743 praecepit
1536 3688 1542 3737 3
1556 3670 1750 3742 multomagis
1760 3668 1893 3742 fugiendas

1052 3777 1112 3816 esse
1126 3762 1271 3833 passiones
1286 3761 1405 3826 steriles,
1431 3760 1544 3831 quaudo
1570 3766 1614 3814 est
1628 3759 1799 3814 barbaricus
1813 3762 1840 3813 ct
1852 3757 1893 3812 lto·

1052 3849 1123 3903 stilis
1139 3851 1285 3904 incursus:
1303 3849 1457 3919 respondet
1472 3848 1658 3919 Augustinus,
1685 3865 1791 3902 rerum
1804 3862 1860 3902 csse
1871 3845 1892 3898 id

1051 3938 1168 4009 quidem
1179 3938 1213 3992 de
1228 3938 1271 3992 his
1283 3953 1353 4008 quos
1369 3936 1648 3991 ecclesiastieiollieii
1664 3952 1726 3991 nou
1736 3933 1893 3990 teneutrie

1050 4027 1127 4093 eula3
1143 4042 1222 4080 secus
1236 4033 1332 4080 aulem
1348 4026 1382 4080 de
1397 4025 1432 4079 iis
1446 4024 1506 4096 qui,
1523 4025 1600 4096 quod
1626 4024 1765 4079 fidelibus
1789 4037 1891 4096 operata

1050 4131 1131 4168 suam
1155 4114 1286 4180 debeant,
1301 4120 1473 4178 remanant,
1488 4130 1535 4167 eos
1560 4113 1637 4167 euim
1652 4112 1808 4168 charitatis
1822 4111 1892 4181 hujus

1052 4201 1188 4256 beneficio
1199 4201 1333 4256 meritum
1347 4202 1510 4255 illustrioris
1528 4201 1656 4272 martyrii
1669 4201 1727 4257 sibi
1739 4213 1890 4273 comparare

1050 4307 1136 4362 quam
1152 4291 1176 4344 si
1190 4290 1346 4345 retinendae
1360 4296 1470 4344 uncum
1484 4289 1552 4345 fidei
1567 4307 1652 4345 eausa
1668 4290 1891 4361 praetentante
1927 4332 1931 4339 .

1050 4396 1113 4432 eum
1138 4379 1261 4449 ipsamet
1282 4379 1402 4432 alteritas
1430 4378 1574 4433 videretur
1599 4378 1686 4434 adid
1710 4379 1890 4442 inducerent

1049 4473 1196 4538 optaretur
1214 4466 1280 4520 cleri
1296 4473 1405 4537 partem
1420 4467 1557 4538 aliquam,
1574 4483 1610 4520 ne
1626 4466 1762 4523 deessent
1774 4468 1825 4539 qni
1838 4478 1888 4520 eru·

1049 4557 1181 4611 dentibus
1193 4556 1373 4609 barbaricum
1385 4555 1508 4609 iurarem
1518 4555 1745 4626 opitularentur,
1758 4556 1887 4612 secedere:

1049 4648 1148 4698 mouet
1160 4643 1267 4712 eosqui
1277 4642 1535 4712 sponteconsilium
1551 4643 1604 4697 hoc
1618 4649 1718 4699 assent
1732 4639 1887 4714 amplexari,

1049 4746 1084 4787 ne
1100 4731 1142 4784 sel
1159 4735 1325 4784 notarentur
1352 4731 1475 4801 ignavia,
1491 4731 1533 4785 sel
1550 4746 1610 4801 prce
1625 4731 1701 4799 aliis,
1714 4732 1826 4802 ,iudicio
1838 4743 1887 4787 sno.

1049 4818 1140 4888 magis
1165 4818 1293 4872 Ecclesiae
1316 4818 1468 4873 necessarii
1489 4818 1664 4883 viderentur,
1689 4819 1817 4876 sortibus
1840 4831 1886 4873 ren

1049 4907 1228 4962 committere
1247 4923 1348 4977 pesse:
1373 4922 1466 4978 neque
1482 4906 1535 4960 hoc
1549 4906 1601 4960 ulli
1615 4912 1813 4979 preterquam
1825 4906 1888 4977 igur-

1049 4995 1087 5048 ris
1110 4996 1255 5065 culpatum
1270 4995 1315 5062 iri,
1332 4995 1463 5067 qrramsis
1489 5011 1553 5050 eam
1569 4995 1711 5051 rationem
1732 4997 1827 5052 minus
1840 4991 1888 5048 asi·
1930 5004 1932 5009 ·

1048 5089 1137 5139 latam
1161 5102 1222 5140 esse
1237 5087 1383 5140 fateretur.
1400 5087 1507 5140 Asserit
1525 5087 1704 5156 Augustinus
1719 5088 1794 5143 lianc
1816 5080 1889 5141 animi

1048 5173 1510 5246 magnitudinem,quoepiscopus
1523 5191 1587 5229 cum
1602 5175 1688 5246 plebe
1703 5176 1760 5232 sibi
1772 5174 1889 5233 divinitus

1048 5261 1155 5315 credita
1170 5263 1270 5317 mediis
1295 5262 1326 5316 iu
1340 5263 1474 5334 perieulis
1489 5266 1660 5335 perseverat,
1675 5280 1735 5319 nou
1750 5263 1888 5320 mundane

1048 5348 1211 5420 cupiditatis
1218 5351 1310 5427 ltrgno,
1319 5351 1369 5405 scd
1380 5352 1505 5406 coelestis
1518 5352 1750 5408 amoristlamma
1761 5348 1889 5425 gerenti.

1048 5442 1076 5492 et
1092 5454 1221 5493 amorem
1236 5439 1312 5493 hunc
1327 5440 1412 5494 alteo
1428 5440 1568 5511 proficisci
1583 5457 1696 5496 necnon
1711 5443 1748 5497 ab
1760 5442 1821 5513 ipso
1834 5452 1889 5511 pre·

1047 5526 1126 5581 cibun
1147 5542 1208 5583 essa
1232 5529 1460 5599 eltlagitnndum.
1478 5530 1588 5584 Oremrcs
1603 5546 1677 5599 erpo,
1692 5536 1723 5584 ut
1738 5531 1773 5584 ab
1794 5531 1838 5586 illo
1852 5527 1889 5581 dc·
