3884 6112
95 280 147 335 ιιι)
834 273 941 331 alana
968 273 1135 342 QUARTUS
1805 283 1858 336 2³0

94 405 205 455 serant.
236 397 414 471 Augustinus
441 397 531 469 igitur
558 396 724 464 monachos,
755 395 834 468 prius
863 412 950 468 quam
1004 397 1157 469 contigerit
1176 402 1237 453 tota
1255 398 1316 453 haec
1339 397 1532 454 controversia
1547 401 1648 470 (Epist.
1671 402 1727 474 83),
1741 401 1856 475 ignora-

94 488 306 560 reciperentur,
331 488 480 544 adrerum
503 503 621 542 suarum
636 486 827 542 venditionem
842 490 890 541 aut
904 487 950 542 do·
1004 503 1078 544 mus.
1095 486 1126 543 ld
1143 502 1233 542 unum
1247 486 1348 559 liquet,
1362 486 1543 543 Samsucinm
1556 487 1747 561 episcopalem
1761 491 1857 548 sedem

92 577 244 634 nationem
264 576 394 650 astringi,
419 576 500 631 valdc
523 574 681 648 probabat:
706 575 750 630 sin
766 591 797 630 rc
817 591 869 630 sua
892 591 949 630 non
1005 575 1130 632 tenuisse
1155 575 1239 631 initio
1262 576 1442 648 episcopatus
1462 576 1627 649 Augustini,
1649 594 1745 652 neque
1766 580 1799 635 de
1823 598 1857 637 eo

92 666 214 722 vendita
229 682 281 722 nec
295 682 349 739 per
372 665 560 723 donationem
576 665 605 720 in
624 663 790 737 quempiam
812 662 950 720 translata
1005 665 1161 738 quidquam
1176 665 1329 738 comperiri
1344 670 1408 739 post
1418 683 1526 722 aunum
1540 667 1857 741 quadringentesimum

90 759 289 823 morerentur,
311 771 412 811 eorum
437 754 512 809 bona
534 753 608 825 juris
631 752 720 809 civilis
742 752 823 825 sequi
846 752 949 809 debere
1005 755 1170 827 septimana.

89 845 308 918 praescriptum,
327 848 360 900 nt
377 844 515 918 praesules
538 843 574 899 ab
599 840 662 914 ipsa
682 841 771 897 ctiam
785 839 948 913 cupiditatis
1040 847 1065 899 ὅ.
1086 843 1220 908 Quamvis
1233 842 1306 916 ipse,
1322 859 1387 899 cum
1401 843 1531 900 animum
1547 845 1582 900 ab
1594 845 1674 900 omni
1689 845 1856 918 cupiditate,

89 935 188 1008 specie
202 951 322 1007 prorsus
339 934 422 990 vacui
440 936 469 989 et
482 932 548 1005 puri
563 930 727 998 existerent,
743 934 771 985 et
785 930 859 985 hanc
871 928 947 985 intc-
1004 935 1033 988 et
1042 932 1077 989 ab
1088 933 1253 1006 importuno
1263 932 1446 1004 negotiorum
1456 935 1584 990 tumultu
1595 935 1719 991 maxime
1730 934 1856 992 alienum

89 1021 209 1093 gritatis
224 1023 332 1079 tamum
352 1021 557 1094 dispensationi
575 1037 635 1076 suae
656 1023 803 1091 tantopere
815 1034 947 1075 necessa·
1004 1027 1125 1094 gereret,
1140 1039 1290 1095 nunqnam
1310 1022 1439 1091 domum,
1456 1040 1568 1095 agrurn,
1585 1027 1635 1078 aut
1648 1024 1746 1079 villam
1761 1041 1856 1080 emere

89 1110 167 1166 riam
191 1111 248 1167 sihi
266 1115 411 1167 servarent
425 1111 609 1166 incolumem.
625 1110 663 1165 lix
678 1108 732 1164 hac
749 1108 857 1179 regula,
873 1105 949 1160 bona
1005 1111 1126 1189 voluerit
1149 1111 1278 1182 (Possim,
1301 1114 1331 1168 irc
1359 1114 1423 1169 Vita
1448 1114 1578 1182 Asperat,
1603 1129 1626 1168 c.
1656 1114 1726 1186 ai);
1742 1113 1856 1170 cuidam

90 1200 236 1257 Honorati
250 1200 287 1256 nd
303 1199 473 1256 Thiavenses
492 1198 684 1272 pertinebant.
706 1197 761 1253 Sed
775 1200 809 1252 ut
831 1211 864 1251 ca
878 1195 949 1250 falsa
1003 1203 1100 1256 tamen
1120 1217 1135 1257 c
1157 1201 1266 1256 clericis
1282 1201 1340 1256 suis
1359 1186 1504 1256 auctorem
1525 1219 1554 1257 se
1577 1201 1665 1257 fuisse
1685 1206 1807 1258 testatur
1820 1203 1856 1259 ad

90 1290 208 1347 luisset:
235 1289 371 1362 quoniam
390 1288 467 1345 illius
486 1286 592 1344 falsitas
613 1285 818 1342 Thiavensibus
834 1284 949 1340 demon·
1003 1289 1212 1361 possessionem
1231 1290 1357 1364 aliquam
1379 1289 1409 1346 in
1429 1289 1557 1346 Ecclesiae
1576 1292 1761 1347 commodum
1779 1308 1857 1347 com·

91 1378 179 1434 strari
193 1394 256 1434 non
268 1380 389 1450 poterat,
401 1377 490 1432 satius
504 1392 564 1432 esse
575 1374 709 1431 censebat
720 1371 906 1446 Augustinus,
921 1376 949 1427 ot
1003 1379 1182 1451 parandam:
1207 1379 1257 1435 sed
1280 1395 1314 1435 eo
1338 1383 1435 1435 tamen
1457 1378 1587 1446 consilio,
1609 1384 1640 1435 ut
1660 1379 1683 1434 si
1707 1381 1804 1437 forsan
1827 1383 1857 1437 in

90 1484 193 1524 mmm
211 1467 373 1522 issfifmliali
388 1464 519 1538 ⁰b³0q¹¹is
534 1463 735 1521 θὶῡῐῖθῐὶὸἱῡῐῐίὓ
751 1461 873 1519 ιίῑθῡᾶῑθ
884 1478 949 1534 giss·
1003 1469 1094 1541 gradu
1109 1485 1169 1524 non
1184 1469 1359 1542 persisteret,
1375 1485 1426 1523 sun
1440 1468 1466 1523 ci
1479 1468 1618 1541 possessio
1635 1468 1813 1540 redderetur,
1825 1475 1859 1526 ut

70 1609 75 1618 ,
89 1556 131 1612 ιιι
143 1557 255 1611 horum
267 1555 409 1610 bonorum
427 1553 639 1626 possessionem
656 1552 713 1608 illis
727 1551 836 1607 cedere.
855 1552 948 1606 ilorc-

90 1645 177 1702 batnr
189 1644 326 1716 exemplo
344 1642 453 1700 Christi
472 1640 598 1710 Domini,
624 1640 675 1713 qui
690 1640 845 1709 tributum,
860 1654 877 1693 a
891 1653 948 1710 quo

90 1733 155 1806 ipse
171 1733 300 1790 liberum
314 1748 343 1788 se
359 1731 502 1804 protessus
517 1736 570 1798 est,
589 1745 652 1785 eam
668 1728 704 1784 ob
716 1744 832 1783 causam
844 1726 950 1798 persol-

91 1822 151 1890 vite
162 1822 239 1879 sicut
257 1827 287 1877 et
300 1821 386 1893 gestis
400 1819 539 1892 Apostoli,
555 1817 606 1891 qui
621 1822 653 1873 ut
666 1818 750 1873 lamae
770 1833 829 1872 sum
850 1831 950 1871 consu·

92 1912 176 1979 leret,
194 1910 304 1985 inipso
320 1909 449 1966 Ecclesiae
460 1910 527 1976 jure
542 1907 670 1981 pepercit
683 1905 816 1973 infirmis,
832 1909 861 1961 ct
875 1904 950 1960 dehi-

92 2005 157 2056 tum
172 2000 351 2072 stipendium
372 1997 527 2071 aliquando
542 2013 600 2053 uon
617 1996 720 2068 exegit.
737 1982 872 2061 Quamvis
892 1996 949 2049 An-

93 2087 282 2162 gostinushis
289 2088 447 2144 rationibus
457 2087 593 2143 adductus
602 2086 631 2140 id
638 2083 950 2157 persuasumhahcret3

92 2184 192 2234 minen
209 2195 246 2234 ne
261 2177 473 2233 insanientium
487 2192 568 2232 suam
583 2174 736 2247 proclivior
754 2178 874 2242 erraret,
890 2188 951 2227 rena

95 2268 245 2324 Samsncio
260 2267 391 2339 episcopo
407 2265 540 2321 Turrensi
555 2264 697 2335 exposuit,
718 2263 802 2335 eiquc
817 2263 846 2318 id
862 2277 950 2317 unum

96 2357 206 2430 retulit,
222 2357 300 2431 quod
311 2356 373 2429 ipsc
381 2372 446 2412 cum
456 2355 559 2426 Alypio
570 2353 694 2427 primum
707 2352 858 2409 statuisset.
870 2351 951 2407 Sam-

96 2448 192 2503 sucins
212 2445 244 2500 in
268 2444 434 2502 liberalibus
449 2443 566 2516 quidem
589 2442 693 2517 litteris
714 2459 774 2498 nou
795 2442 952 2498 admodum

96 2536 277 2602 exercitatus,
292 2535 341 2590 sed
355 2550 422 2589 vera
436 2532 493 2588 lide
508 2532 648 2600 eruditus,
665 2531 701 2588 ad
717 2533 779 2587 heac
794 2530 949 2599 exhorruit,

100 2629 127 2681 et
137 2629 198 2680 tam
213 2623 321 2680 loedam
332 2638 392 2679 rem
408 2622 559 2695 cujuslibet
569 2619 952 2690 vitaetmoribusindignis·

99 2712 212 2780 sinam,
232 2713 264 2767 in
278 2711 432 2784 Augustini
446 2715 475 2767 et
487 2710 583 2784 Alypil
599 2715 725 2765 mentem
740 2709 851 2765 venisse
867 2708 953 2764 mira·

99 2806 139 2857 tus
156 2807 214 2858 est.
236 2802 418 2873 Quapropter
431 2800 618 2873 Augustinus,
635 2803 668 2855 ut
680 2799 879 2854 haereditatem
893 2800 952 2853 llo-

100 2893 188 2947 uurati
212 2890 420 2948 'thiavensibus
435 2889 554 2946 omniuo
575 2889 699 2957 cederet,
721 2886 833 2959 scripsit
853 2885 888 2942 ad
904 2903 952 2941 eos

100 2982 261 3053 epistolam,
277 2994 365 3054 qnam
386 2980 421 3036 ad
435 2978 569 3052 Alypium
585 2977 701 3048 direxit,
716 2992 820 3048 rogans
836 2979 868 3031 nt
889 2975 953 3030 sub·

101 3072 235 3145 scriptam
257 3070 293 3125 ad
314 3086 363 3126 cos
385 3069 601 3141 quamprimum
623 3066 841 3124 transmitteret.
861 3064 952 3121 Simul

101 3159 134 3216 illi
149 3159 292 3230 rationes,
313 3157 419 3231 quibus
442 3158 477 3213 ad
493 3155 663 3213 sententiam
682 3154 851 3211 mutandam
866 3154 952 3209 indu-

101 3253 226 3317 almost,
243 3248 510 3320 gravitererponit.
529 3248 606 3302 Hanc
622 3245 875 3318 quoqueregulam
888 3245 954 3300 reti·

100 3339 155 3394 neri
172 3338 247 3406 vult,
265 3340 295 3391 ut
310 3335 451 3408 quidquid
465 3337 531 3407 jure
543 3334 620 3390 civili
638 3334 733 3390 clerici
748 3334 846 3404 luerit,
857 3333 892 3388 ad
907 3333 952 3406 ip-

100 3425 151 3482 aas
166 3423 324 3481 Ecclesiam
342 3423 492 3494 pertineat.
517 3423 615 3494 Neque
630 3438 696 3476 vero
717 3420 810 3495 ponit,
825 3421 870 3477 vel
882 3420 911 3476 id
925 3421 953 3476 ri

100 3513 263 3571 donationis
275 3516 359 3568 antea
370 3510 532 3567 constitutae
543 3510 618 3579 lieri;
629 3511 673 3566 vel
686 3511 863 3566 Honoratum
872 3509 954 3582 qnid·

100 3619 182 3678 qnam
199 3603 236 3659 dc
253 3603 339 3658 rebus
353 3600 413 3657 suis
434 3599 576 3656 statuisse.
594 3600 722 3656 Canones
741 3603 838 3655 tamen
852 3598 952 3656 Antio·

99 3693 180 3751 rheni
193 3693 290 3766 (cmc.
312 3692 438 3748 Actiaci.
460 3706 560 3746 conone
579 3691 629 3760 243
650 3689 750 3760 Labie,
776 3694 838 3746 tom.
859 3689 886 3756 i,
901 3705 951 3759 pp.

100 3786 156 3854 ill,
172 3786 240 3849 580,
262 3785 322 3847 etc.)
346 3784 377 3835 et
401 3779 599 3852 Hipponenses
623 3777 727 3851 (Codice
742 3780 843 3835 Conon.
858 3778 952 3845 Afric.

99 3888 153 3930 ears.
170 3874 218 3945 ³2)
239 3869 414 3942 permittunt
427 3868 536 3924 clericis
549 3884 610 3936 sna,
629 3866 735 3940 quibus
749 3866 845 3935 velint,
864 3866 952 3922 relin-

98 3978 199 4036 quere;
215 3975 272 4016 nec
286 3975 384 4014 eorum
409 3957 538 4014 Ecclesiis
559 3957 706 4026 addicunt,
722 3955 777 4011 nisi
792 3972 857 4028 quse
873 3955 953 4011 cleri·

98 4056 176 4107 eatns
186 4048 235 4105 sui
247 4053 377 4121 tempore
387 4047 506 4103 nornine
519 4062 571 4102 suo
585 4044 823 4117 comparaverint.
837 4045 954 4100 Videtur

99 4156 182 4213 porro
197 4139 264 4195 baec
282 4137 403 4193 facultas
417 4136 589 4208 quibusdam
613 4134 700 4190 veluti
718 4133 853 4188 cancellis
873 4139 953 4204 post-

99 4229 218 4287 nodum
238 4226 327 4282 fuisse
344 4225 491 4294 restricta,
516 4224 697 4297 tegimusque
711 4222 865 4279 concilium
886 4223 953 4278 Car-

98 4310 953 4391 thagincnsetertiumidibnsseptembriscelebratum,anno

98 4405 385 4482 quadringentesimo
402 4404 508 4478 primo,
523 4403 601 4477 ipsos
620 4400 708 4458 etiam
723 4399 871 4471 episcopos
886 4415 953 4454 ana·

99 4508 224 4565 themate
239 4510 414 4579 percurterc,
428 4504 478 4575 qui
491 4501 665 4568 alienos,ch
681 4500 768 4557 etiam
782 4499 953 4572 consangni-

98 4615 166 4655 neos
180 4613 252 4653 suos
276 4595 399 4668 gentiles
423 4598 472 4651 ant
488 4592 640 4649 haereticos
660 4590 791 4647 licclcsim
814 4589 955 4661 praetulis-

1004 1556 1059 1628 ipsi
1069 1558 1187 1630 ejusque
1197 1557 1418 1629 consangnineis
1429 1557 1522 1612 omnis
1533 1557 1735 1629 expostulandi
1746 1559 1859 1614 tollere-

1004 1650 1052 1702 tur
1072 1648 1181 1703 occasio
1201 1650 1294 1719 (Serm.
1317 1650 1378 1714 356,
1403 1662 1431 1704 u.
1453 1648 1489 1720 7).
1515 1646 1706 1716 lubricorum,
1729 1648 1768 1703 ait
1791 1650 1860 1705 Pos-

1004 1734 1102 1804 sidius,
1117 1752 1249 1792 nouorum
1266 1751 1405 1806 uunquam
1423 1736 1546 1791 studium
1563 1736 1669 1803 habuit,
1687 1737 1811 1793 devitatae
1829 1741 1860 1794 in

1005 1828 1043 1881 eis
1062 1827 1273 1896 implicatiorem
1291 1828 1336 1880 sui
1353 1827 1450 1893 alcimi,
1465 1840 1544 1894 quem
1562 1840 1666 1895 semper
1681 1825 1794 1881 liberum
1808 1828 1859 1882 ba-

1006 1916 1065 1971 bere
1078 1915 1182 1970 colebat
1196 1914 1230 1970 ob
1244 1917 1318 1969 omui
1327 1915 1448 1970 molestia
1462 1915 1605 1985 temporali
1618 1931 1624 1969 ι
1640 1930 1693 1969 nore
1708 1919 1796 1972 tumea
1809 1919 1860 1974 illo

1004 2005 1129 2069 uolentes,
1146 2007 1171 2057 et
1189 2003 1352 2073 edificantes
1371 2003 1543 2073 prohibebat,
1558 2005 1615 2057 uisi
1635 2007 1740 2059 tontum
1760 2007 1860 2062 immo-

1005 2092 1111 2147 deratos
1136 2091 1262 2163 (Possid,
1281 2093 1311 2146 in
1336 2093 1401 2148 Vita
1424 2093 1555 2162 aupes,
1570 2108 1593 2147 e.
1620 2093 1674 2164 34),
1702 2093 1858 2165 Leporium

1008 2181 1204 2253 presbyterum
1224 2183 1389 2236 construere
1405 2180 1491 2253 jussit
1510 2180 1721 2238 xenodochium
1740 2184 1860 2256 pecunia

1008 2269 1136 2326 Ecclesia
1154 2269 1185 2325 in
1198 2269 1276 2325 hunc
1296 2269 1384 2325 finem
1403 2270 1514 2326 collata.
1533 2270 1664 2341 Ejusdem
1684 2273 1773 2327 suncti
1787 2274 1861 2328 Prac-

1007 2359 1075 2414 sulis
1086 2359 1168 2430 jussu
1181 2358 1316 2431 Leporius
1328 2358 1421 2414 adhuc
1433 2357 1579 2414 basilicam
1594 2359 1631 2415 ad
1644 2359 1712 2416 Octo
1725 2361 1861 2434 Martyres

1007 2447 1121 2504 residua
1135 2447 1257 2519 pecunia
1278 2446 1430 2503 aediiicavit
1444 2447 1542 2517 (Serm.
1566 2451 1628 2516 356,
1644 2465 1671 2505 ιι.
1697 2449 1749 2521 ιθ).
1777 2451 1861 2505 llere·

1007 2538 1089 2609 clius,
1103 2537 1154 2610 qui
1168 2537 1205 2592 ad
1217 2553 1363 2594 summum
1377 2536 1513 2593 ffiaconns
1522 2542 1594 2607 erat,
1608 2537 1780 2595 memoriam
1794 2554 1859 2594 san·

1007 2627 1046 2683 cti
1073 2626 1206 2698 martyris
1233 2625 1382 2699 Stephani,
1409 2630 1441 2682 nt
1464 2626 1586 2696 videtur,
1615 2627 1674 2683 suis
1700 2628 1861 2701 sumptibus

1007 2716 1097 2773 erexit
1109 2715 1204 2788 (thid,
1218 2731 1246 2770 ιι.
1262 2715 1299 2786 7).
1318 2714 1476 2771 Verisimile
1497 2720 1540 2771 est
1554 2716 1708 2788 Augustini
1723 2717 1860 2790 tempori-

1006 2806 1060 2862 bus
1081 2807 1225 2862 conditam
1249 2805 1336 2861 tuisse
1359 2805 1531 2860 memoriam
1554 2803 1675 2860 Protasii
1694 2809 1722 2859 et
1735 2805 1861 2860 Gervasii

1008 2899 1177 2967 martyrum,
1192 2894 1295 2967 inqua
1310 2911 1474 2949 sermonem
1488 2893 1535 2948 die
1550 2892 1744 2948 anniversario
1759 2909 1859 2948 eornm

1007 2984 1083 3056 apud
1097 2984 1286 3040 Mediolanum
1297 2981 1470 3039 inventionis
1484 2981 1586 3039 habuit
1596 2980 1691 3054 (Serm.
1702 2983 1766 3052 ιιι,
1780 2996 1808 3036 a.
1819 2980 1860 3054 i),

1007 3091 1067 3130 non
1085 3073 1148 3146 ipso
1166 3072 1264 3141 natali,
1279 3077 1309 3128 ιιι
1329 3072 1360 3128 in
1375 3072 1518 3127 veteribus
1533 3069 1613 3126 libris
1629 3070 1857 3142 praenotabatur.

1009 3162 1075 3218 Erat
1087 3167 1116 3218 el
1132 3162 1187 3217 alia
1210 3162 1350 3218 memoria
1369 3162 1538 3218 eorumdem
1562 3164 1722 3232 martyrum
1742 3160 1774 3218 in
1795 3161 1861 3216 uilla

1008 3252 1172 3312 Victoriana
1189 3251 1317 3308 diaecesis
1340 3250 1530 3324 Hipponensis
1547 3267 1554 3307 :
1570 3251 1619 3307 scd
1637 3249 1686 3306 illa
1700 3250 1798 3307 decem
1813 3253 1862 3305 ant

1008 3341 1160 3397 duodecim
1175 3341 1263 3397 laucis
1283 3341 1318 3398 ab
1340 3341 1410 3397 urbe
1429 3341 1527 3397 aberat
1541 3341 1587 3412 (Dc
1604 3341 1718 3397 Ciuitate
1732 3341 1789 3409 Dei,
1807 3339 1858 3397 lib.

1008 3433 1054 3502 22,
1069 3446 1129 3502 cop.
1144 3433 1170 3501 8,
1183 3448 1211 3487 ιι.
1228 3431 1265 3497 il.

1347 3518 1459 3574 CAPUT
1479 3518 1523 3574 lV.

1010 3605 1024 3663 ι’
1043 3607 1221 3665 Sableaundis
1236 3607 1402 3678 pauperibus
1417 3606 1544 3663 intendit.
1559 3608 1576 3661 i
1593 3606 1625 3661 ln
1638 3607 1759 3674 prolium
1772 3606 1864 3661 chii

1043 3712 1095 3753 aere
1106 3697 1193 3751 alieno
1203 3698 1293 3767 pressi
1306 3695 1401 3752 scribit
1414 3695 1452 3750 ad
1464 3695 1568 3766 plebem
1582 3695 1789 3764 hipponensem.
1804 3695 1863 3749 tta

1044 3785 1270 3843 commendatione
1290 3801 1340 3841 suo
1362 3789 1387 3840 et
1410 3786 1600 3841 intercessione
1621 3782 1697 3854 apud
1716 3784 1863 3839 Potestutes

1044 3874 1107 3930 olias
1124 3873 1284 3947 praestando
1302 3874 1418 3929 modeste
1436 3889 1464 3929 sc
1480 3874 1592 3943 periti
1611 3873 1643 3928 la
1661 3874 1862 3930 rusticanorum

1044 3965 1164 4032 oratiam
1176 3963 1272 4020 scribit
1285 3962 1323 4018 ud
1336 3962 1488 4019 Romulum.

1046 4058 1073 4109 l.
1098 4053 1143 4108 Nil
1158 4069 1230 4126 opus
1245 4055 1288 4108 est
1302 4051 1485 4120 testimoniis,
1501 4056 1533 4107 ιιι
1547 4051 1730 4107 ostendamus
1744 4050 1775 4106 in
1790 4066 1861 4123 quos

1009 4154 1077 4194 usus
1103 4138 1281 4212 Augustinus
1304 4138 1433 4194 Ecclesia
1459 4155 1519 4193 sure
1541 4137 1648 4193 reditus
1671 4137 1861 4210 impenderet.

1009 4228 1227 4285 observabimus
1248 4231 1356 4295 tamen,
1380 4242 1447 4282 enm
1466 4225 1600 4294 scrihere,
1616 4225 1693 4298 quod
1712 4240 1728 4279 e
1749 4224 1861 4281 Pininni

1009 4317 1198 4389 eleemosynis
1228 4316 1392 4389 accepisset,
1416 4331 1549 4388 erogasse
1573 4330 1613 4383 se,
1639 4317 1672 4368 ιιι
1698 4314 1860 4386 placuerat;

1008 4411 1090 4478 parte
1114 4405 1230 4478 quidem
1252 4404 1362 4461 clericis
1388 4403 1543 4467 monachis,
1566 4407 1594 4458 et
1617 4401 1796 4475 paucissimis
1820 4402 1862 4458 in·

1009 4494 1171 4567 digentibus
1185 4497 1263 4550 extra
1286 4493 1493 4551 monasterium
1517 4490 1692 4547 contulisse:
1717 4508 1805 4565 penes
1830 4508 1860 4546 se

1010 4584 1157 4639 residuum
1171 4599 1243 4652 esse,
1260 4583 1335 4655 quod
1346 4581 1410 4654 pari
1423 4580 1508 4637 modo
1522 4579 1558 4635 sit
1571 4583 1740 4652 erogaturus
1754 4582 1855 4651 (Epist.

99 4685 272 4757 sentlibr'd,
295 4701 356 4740 eoa.
372 4683 428 4756 ιιι).
445 4684 552 4739 Forsan
572 4695 688 4753 quoque
707 4679 864 4736 decretum·
876 4677 954 4733 istud
1011 4676 1071 4753 lit,
1087 4689 1116 4729 ιι.
1132 4672 1168 4745 8).
1187 4674 1242 4728 llos
1264 4689 1336 4727 unos
1355 4669 1533 4726 oblationum
1556 4667 1685 4725 &clasiae
1707 4668 1860 4742 participes

99 4774 128 4832 in
144 4772 356 4850 posterioribus
367 4771 493 4830 conciliis
504 4771 713 4843 amplificatum
727 4773 780 4837 cst,
793 4772 822 4823 et
832 4767 954 4838 alicujus
1009 4761 1140 4818 faciebat.
1161 4761 1289 4817 Diximus
1303 4759 1444 4832 superins,
1460 4759 1570 4815 nullam
1589 4773 1656 4815 cum
1680 4758 1755 4830 apud
1771 4773 1800 4813 se
1815 4774 1862 4830 pe

99 4863 277 4938 imperatorii
297 4861 382 4918 edicti
400 4858 567 4916 anctoritate
587 4859 764 4915 roboratum.
786 4856 867 4923 Quod
885 4872 953 4911 vero
1009 4851 1124 4907 cuniam
1135 4849 1270 4906 habuisse
1284 4847 1447 4921 sepositam.
1461 4850 1521 4906 Nm
1532 4851 1571 4904 est
1582 4849 1653 4903 euim
1665 4848 1793 4918 episcopi,
1808 4846 1859 4913 alt,

99 4959 226 5028 mereret
235 4947 954 5026 Alypius,Augnstiuumdimidiampurtem,quam
1009 4957 1118 4998 seruare
1137 4955 1243 5007 aarum,
1260 4942 1286 4994 et
1307 4953 1467 4994 revocares
1490 4953 1518 4994 se
1540 4937 1719 4993 mendicantis
1740 4952 1859 4992 mosum.

98 5041 305 5100 Thiavensibus
320 5039 439 5097 concedi
457 5038 579 5104 volebat,
595 5036 770 5092 monasterio
784 5032 953 5107 Tagastensi
1009 5031 1134 5100 Quotidie
1146 5035 1201 5085 tum
1215 5028 1295 5084 multi
1304 5031 1411 5099 petunt,
1423 5032 1479 5084 tom
1491 5028 1571 5082 multi
1579 5031 1698 5096 gemunt,
1713 5031 1769 5081 tom
1781 5026 1861 5080 multi

100 5130 327 5204 persoluturum,
350 5132 470 5185 testatur
486 5125 675 5200 Augustinus,
692 5125 775 5181 modo
794 5124 823 5180 id
835 5122 954 5196 Alypius
1009 5136 1057 5178 aas
1074 5124 1165 5191 inopes
1184 5119 1373 5189 interpellatam
1394 5121 1425 5173 ut
1440 5118 1534 5188 plures
1555 5118 1645 5172 tristes
1663 5115 1858 5184 relinquemus,

99 5221 206 5292 justum
229 5236 291 5276 esse
315 5218 426 5292 liquido
445 5216 607 5290 perspiciat,
634 5227 692 5271 non
714 5214 820 5270 abuere
844 5229 888 5282 εις
905 5211 954 5268 scd
1010 5211 1076 5280 quia
1093 5207 1165 5279 qaod
1175 5209 1310 5279 possimus
1327 5206 1393 5261 darc
1407 5206 1541 5273 omatibus,
1555 5220 1609 5260 ιιοιι
1627 5203 1754 5258 iubemus
1770 5201 1858 5272 (Sam.

102 5325 162 5366 cnm
176 5308 312 5366 babuerit
324 5306 511 5373 redditurum,
528 5305 557 5360 id
572 5307 624 5373 est,
640 5318 706 5359 cum
719 5306 798 5358 tauta
812 5301 866 5358 sibi
880 5302 954 5356 elea·
1010 5302 1072 5363 355,
1088 5315 1115 5353 a.
1132 5301 1169 5364 5).
1187 5299 1348 5369 Pauperum
1357 5312 1476 5368 ¹semper
1489 5310 1602 5350 memor
1616 5296 1686 5359 crat,
1701 5290 1798 5362 eisque
1813 5289 1861 5345 in-

103 5412 220 5471 mosyna
233 5396 395 5467 obvenerit,
410 5400 443 5451 ut
465 5395 533 5450 hinc
555 5410 589 5449 ea
610 5407 724 5448 summa
738 5391 877 5461 detracta,
896 5406 955 5446 non
1009 5389 1044 5445 de
1058 5387 1203 5459 erogabat,
1219 5384 1296 5442 nndc
1311 5390 1339 5442 et
1354 5385 1407 5440 sibi
1420 5384 1535 5458 suisque
1551 5381 1683 5438 omnibus
1698 5378 1794 5436 sicum
1808 5380 1860 5436 ba·

104 5485 195 5543 minor
204 5503 294 5560 quam
305 5484 424 5560 aequalis
433 5499 499 5557 pars
512 5499 565 5556 pro
578 5481 828 5538 numerofratrum
842 5478 879 5536 ad
889 5479 955 5551 ilip-
1009 5476 1165 5534 bitautihns
1181 5475 1366 5548 erogabatur;
1385 5474 1440 5529 hoc
1455 5476 1506 5537 est,
1526 5471 1571 5526 vel
1591 5485 1626 5524 ex
1639 5467 1780 5524 reditibus
1793 5485 1861 5542 pos-

105 5588 227 5642 ponense
246 5573 456 5634 monasterium
477 5572 637 5647 perveniat.
660 5569 849 5637 Quandonam
867 5584 954 5642 porro
1009 5565 1168 5623 sessionum
1189 5563 1327 5629 Ecclesiae,
1343 5563 1386 5620 vet
1410 5561 1497 5620 ctiam
1521 5576 1556 5617 ex
1579 5557 1775 5615 oblationibus
1790 5558 1861 5615 tide-
