3884 6112
60 220 131 273 ¹237
803 214 910 271 LIBER
930 213 1072 271 PRIMUS.
1748 223 1818 279 lasa

58 337 213 395 conficitur
227 340 259 392 ut
270 336 401 409 quisquis
417 340 492 393 recte
508 338 685 409 honesteque
698 337 760 393 vult
771 337 875 406 rivere,
893 337 916 393 si
971 338 1048 394 vivit.
1062 339 1097 394 A.
1115 338 1282 405 Qnid‘lcnm
1292 340 1366 395 hanc
1376 343 1462 408 amat,
1474 342 1613 398 mutabile
1623 344 1732 416 aliquid
1742 349 1819 401 amat

60 426 92 484 id
105 444 136 482 se
150 426 222 481 velle
235 441 295 497 prae
309 425 458 497 fugacibus
476 424 560 480 honis
575 426 651 492 velit,
668 432 836 499 assequatur
850 432 916 482 tan-
970 443 1002 482 ac
1016 428 1186 499 temporale,
1215 444 1251 482 an
1268 429 1369 484 stabile
1383 446 1416 485 ac
1431 431 1660 501 sempiternum?
1675 437 1706 489 Ε.
1727 437 1818 490 AEter·

60 520 123 572 tam
134 531 197 571 rem
211 519 290 570 tanta
304 512 451 584 facilitate,
467 520 498 568 ul
508 515 579 569 nihil
593 515 671 569 alind
684 516 807 587 eiqunm
822 517 916 588 ipsum
969 532 1041 571 num
1057 532 1124 570 sane
1139 519 1224 589 atque
1243 516 1488 587 incommutabile,
1505 522 1542 574 A.
1565 520 1638 584 Quid
1656 521 1695 576 illi
1715 523 1765 593 qni
1787 523 1819 577 in

61 603 137 661 velle
152 604 189 658 sit
203 604 308 659 habere
323 603 401 676 quod
416 603 505 658 voluit
517 603 568 675 (a).
584 606 617 658 E.
633 604 703 658 Vere
718 605 770 660 tibi
784 604 859 674 dico,
871 605 915 660 vix
970 605 1045 658 mala
1063 604 1208 659 voluntate
1221 611 1445 676 perseverantes,
1460 607 1650 663 nihilominus
1663 609 1739 664 beati
1758 626 1819 665 esse

60 709 112 750 me
130 693 264 749 contineo
287 692 357 764 quin
381 691 537 746 exclamem
564 691 673 759 laetitia,
703 696 821 764 repente
844 692 916 748 mihi
969 692 1114 763 cupiunt?
1129 697 1285 763 possuntne
1299 711 1395 749 amare
1414 695 1498 750 istam
1515 697 1619 769 legem,
1633 698 1702 769 quie
1715 698 1819 753 tabhus

62 783 165 841 oborto
182 786 241 837 tarn
262 797 377 853 magno,
393 784 422 835 et
439 785 499 835 tam
513 779 544 835 in
559 779 635 835 facili
653 781 806 836 constituto
820 781 912 837 bono.
969 779 1135 836 hominibus
1145 782 1261 837 miseria
1271 783 1374 838 merito
1386 785 1616 856 rependiturfE.
1628 787 1711 841 Nullo
1719 786 1818 856 modo,

61 873 100 929 A.
116 871 204 943 Atqui
221 871 276 926 hoc
290 870 385 942 ipsum
400 869 549 943 gaudium,
570 869 646 941 quod
660 869 745 941 hujus
763 870 832 925 boni
845 870 914 926 ade·
969 868 1101 924 arbitror.
1113 872 1152 925 A.
1162 870 1277 926 Nihilne
1286 877 1385 927 amant
1395 873 1472 928 alind
1482 875 1497 927 ‘l
1508 877 1541 929 Ε.
1559 875 1618 929 lmo
1633 875 1772 945 plurima;
1785 891 1819 930 ea

61 960 163 1033 ptione
178 959 316 1032 gignitur,
337 975 402 1013 cnm
421 958 575 1030 tranquille
591 962 618 1013 et
633 958 729 1029 quiete
747 962 831 1030 atque
846 975 914 1013 con-

62 1054 173 1106 stanter
183 1047 267 1121 erigit
277 1047 416 1110 animum,
428 1047 510 1102 beata
520 1047 577 1102 vita
587 1046 690 1102 dicitur
702 1064 708 1102 :
724 1046 779 1101 nisi
790 1052 819 1101 tn
830 1051 914 1119 putas

62 1135 219 1192 aliudesse
238 1135 320 1190 beate
341 1135 445 1203 vivere,
470 1150 558 1207 quam
577 1135 651 1191 veris
669 1135 754 1191 bonis
772 1134 914 1208 certisque

61 1225 199 1297 gaudere.
215 1228 248 1281 E.
264 1225 307 1279 lta
321 1226 422 1279 sentio.

62 1313 176 1370 CAPUT
194 1314 262 1370 lllll.
286 1343 321 1354 -
343 1315 400 1370 Gur
419 1328 481 1381 erpo
503 1314 587 1382 pauet
609 1314 727 1369 modoet
750 1313 829 1382 beati,
854 1329 914 1370 cum

358 1417 446 1457 omnes
458 1416 513 1458 esse
523 1402 616 1457 uelint.

99 1492 142 1548 30.
158 1491 196 1549 A.
217 1490 321 1546 Recte:
343 1492 392 1547 sed
411 1506 547 1546 censesne
568 1506 744 1562 quemqnam
761 1487 923 1547 hominum

60 1596 123 1636 non
136 1580 269 1636 omnibus
284 1577 377 1635 modis
386 1580 458 1636 velle
472 1584 559 1652 atque
572 1583 671 1651 optare
681 1579 769 1634 vitam
780 1579 913 1635 beatam?

58 1671 95 1727 Ε.
107 1669 176 1734 Quis
190 1668 304 1724 dubitat
317 1683 433 1723 omnem
446 1667 593 1723 hominem
606 1665 697 1722 vellet
706 1668 742 1722 A.
760 1667 913 1738 Curigitur

59 1774 126 1814 eam
142 1773 199 1814 non
214 1757 411 1828 adipiscuntur
424 1757 544 1812 omnes?
560 1757 726 1810 [fixeramus
736 1756 813 1810 enim
827 1760 912 1828 atque

59 1852 234 1904 convenerat
245 1847 322 1902 inter
336 1862 399 1914 nos,
410 1846 556 1901 voluntate
565 1845 642 1900 illam
656 1844 760 1899 mereri
768 1844 911 1915 homines,

57 1938 205 1993 volontate
227 1936 313 1992 etiam
334 1935 478 2000 miseram,
495 1938 523 1989 et
537 1933 576 1988 sic
590 1933 695 1988 mereri
709 1938 740 1989 nt
753 1933 910 2005 accipiant:

58 2041 139 2082 nune
153 2041 217 2080 vero
232 2025 328 2080 existit
346 2024 442 2079 nescio
458 2039 523 2096 quae
537 2022 738 2095 repugnantia,
754 2027 782 2077 et
798 2022 853 2077 nisi
868 2022 913 2078 di-

59 2112 184 2186 ligenter
205 2111 399 2184 dispiciamus,
423 2111 591 2183 perturbare
615 2110 715 2165 nititur
734 2110 912 2182 superiorem

57 2205 120 2257 tam
134 2201 296 2273 evigilatam
315 2201 485 2271 firmamque
501 2199 652 2255 rationem.
667 2200 818 2264 Quomodo
833 2200 911 2255 enim

58 2292 206 2346 voluntate
216 2289 337 2362 quisque
349 2289 484 2343 miseram
494 2288 582 2344 vitam
590 2288 708 2361 patitur,
720 2288 911 2344 cumomnino

59 2395 146 2435 nemo
168 2378 237 2434 velit
262 2377 365 2433 misere
388 2376 501 2432 vivere?
521 2379 577 2432 dut
602 2377 744 2448 quomodo
766 2378 911 2433 voluntate

56 2466 173 2524 beatam
188 2466 275 2522 vitam
290 2465 473 2538 consequitur
487 2465 583 2533 homo,
599 2481 665 2520 eum
679 2470 738 2520 tam
754 2467 839 2522 multi
852 2467 910 2523 mi-

58 2555 117 2612 seri
132 2556 199 2619 sint,
214 2566 243 2611 et
256 2555 332 2611 beati
356 2570 455 2610 omnes
475 2570 536 2610 esse
550 2553 658 2609 velint?
680 2555 723 2609 dn
746 2570 779 2608 eo
804 2557 908 2633 euenit,

60 2645 140 2717 qnod
154 2643 231 2700 aliud
245 2648 287 2699 est
299 2644 370 2699 velle
384 2644 457 2699 bene
475 2646 525 2699 aut
541 2643 626 2705 male,
642 2640 719 2697 aliud
740 2644 845 2699 mereri
858 2645 909 2700 ali·

58 2732 130 2806 qnid
143 2732 314 2805 perbonam
327 2732 371 2787 vel
386 2733 491 2787 malam
506 2730 703 2786 voluntatem?
717 2732 788 2786 Nam
802 2732 845 2786 illi
859 2734 910 2804 qui

55 2821 137 2879 beati
153 2826 230 2890 sunt,
249 2837 321 2895 qnos
340 2820 427 2876 etiam
443 2821 533 2876 bonos
550 2835 611 2874 esse
630 2823 752 2891 oportet,
767 2835 824 2875 non
839 2836 909 2892 pro-

56 2914 158 2982 pterea
170 2914 237 2965 sunt
255 2910 343 2980 beati,
358 2909 424 2981 quia
439 2910 522 2965 beate
541 2908 636 2963 vivere
654 2908 824 2976 voluerunt;
842 2924 910 2964 nam

56 3001 115 3057 hoc
128 2999 229 3054 solunt
243 2999 330 3054 etiam
339 2998 427 3054 mali:
441 2999 489 3054 sed
504 2997 572 3070 quia
582 3002 668 3065 recte,
684 2997 761 3067 quod
775 2997 843 3052 mali
857 3013 909 3052 no·

58 3088 134 3145 lunt.
150 3087 342 3154 Quamobrem
356 3086 429 3141 nihil
443 3087 550 3142 mirum
560 3087 689 3158 estquod
704 3085 802 3141 miseri
815 3085 909 3142 homi·

56 3194 110 3236 nes
125 3193 185 3233 non
199 3176 394 3249 adipiscuntur
413 3176 490 3248 quod
503 3176 612 3244 volunt,
628 3175 720 3238 idest,
740 3175 852 3231 beatem
867 3176 908 3231 vi-

57 3270 128 3323 tam.
150 3265 223 3322 lllnd
245 3265 322 3321 enim
336 3264 383 3320 cui
398 3279 492 3320 comes
513 3267 566 3331 est,
583 3266 611 3318 et
629 3263 690 3319 sine
705 3280 762 3336 quo
777 3280 810 3319 ea
824 3280 909 3321 nemo

56 3355 165 3428 dignus
179 3359 232 3423 est,
248 3369 392 3427 nemoque
407 3352 578 3424 assequitur,
593 3355 668 3407 recte
683 3351 789 3408 scilicet
802 3351 907 3421 vivere,

56 3460 120 3502 non
132 3443 233 3499 itidem
247 3444 356 3499 volunt.
373 3444 431 3498 lioc
440 3441 517 3497 enim
528 3444 635 3496 eterna
647 3441 692 3496 lex
706 3440 764 3509 illa,
779 3441 814 3496 ad
828 3442 909 3513 cujus

56 3531 317 3588 considerationem
336 3531 428 3586 redire
443 3531 504 3601 jam
518 3534 632 3601 tempos
646 3533 698 3597 est,
714 3529 907 3586 incommuta-

56 3619 111 3676 bili
127 3619 280 3675 stabilitate
293 3619 427 3685 llrmavit,
444 3621 477 3672 nt
495 3617 526 3672 in
544 3617 689 3672 voluntate
704 3617 839 3672 meritum
854 3618 908 3687 sit;

57 3707 89 3764 in
104 3707 238 3764 beatitate
254 3711 349 3763 autem
364 3711 392 3762 et
405 3706 521 3762 miseria
534 3706 687 3777 praemium
702 3710 788 3779 alque
802 3708 910 3780 snppli-

56 3797 135 3852 cium
152 3797 200 3868 (b).
217 3796 314 3868 ltaque
327 3811 392 3850 cum
407 3795 528 3850 dicimus
542 3795 687 3851 voluntate
702 3796 832 3851 homines
847 3812 908 3852 esse

55 3886 190 3953 miseros,
206 3902 263 3940 non
278 3885 343 3941 ideo
366 3884 498 3952 dicimos,
522 3884 599 3957 quod
620 3884 718 3940 miseri
733 3902 793 3941 esse
808 3886 908 3957 velint,

56 3975 108 4032 sed
121 3976 197 4048 quod
212 3975 243 4029 in
259 3990 292 4029 ea
305 3975 451 4030 voluntate
467 3979 543 4043 sunt,
559 3990 645 4046 quam
661 3974 746 4029 etiam
762 3975 803 4029 eis
813 3974 909 4030 invitis

56 4062 175 4119 miseria
199 4066 335 4135 sequatur
360 4078 473 4117 necesse
496 4067 548 4118 est.
573 4062 665 4127 Quare
687 4079 745 4117 non
768 4068 909 4135 repugnat

56 4151 201 4223 superiori
217 4150 331 4220 rationi,
353 4153 430 4223 qnod
451 4151 553 4207 volunt
567 4167 666 4205 omnes
682 4151 756 4206 beati
771 4167 840 4220 esse,
857 4168 909 4208 nec

55 4244 195 4312 possunt3
217 4242 369 4295 nonenim
393 4241 493 4295 volunt
516 4255 616 4293 omnes
639 4241 713 4293 recle
738 4238 842 4307 vivere,
862 4239 908 4295 cui

56 4328 112 4384 uni
124 4328 265 4384 voluntati
280 4329 336 4383 vita
351 4328 434 4383 beata
448 4328 585 4383 debetur:
603 4325 659 4381 nisi
672 4327 741 4400 quid
755 4327 843 4383 habes
858 4329 907 4384 ad·

56 4432 155 4473 versus
169 4417 231 4473 haee
246 4417 349 4472 dicere.
367 4420 398 4472 Ε.
415 4418 472 4487 Ego
488 4432 553 4471 vero
569 4416 651 4473 nihil.

57 4505 173 4562 CAPUT
187 4507 240 4562 llV.
254 4535 288 4546 -
307 4507 364 4562 Lea
377 4510 488 4575 aeterua,
505 4507 548 4561 lex
570 4506 725 4576 temporetis
744 4507 775 4560 in
795 4520 862 4576 quos
883 4508 909 4559 et

354 4598 486 4662 quautam
497 4593 616 4648 vehant.

96 4683 139 4736 3l.
155 4679 209 4735 Sed
222 4680 370 4736 videamus
376 4682 438 4752 jam
449 4681 593 4752 quomodo
608 4681 669 4736 haec
682 4681 717 4736 ad
733 4680 909 4752 propositam

56 4767 139 4823 illam
163 4767 354 4840 questionem
373 4768 409 4823 de
424 4768 534 4824 duabus
554 4769 665 4840 legibus
687 4769 856 4824 referantur.
871 4770 908 4824 A.

56 4855 139 4913 Fiat:
155 4855 205 4910 sed
220 4856 265 4911 dic
279 4857 351 4912 mihi
367 4856 457 4928 prius,
473 4861 570 4912 utrum
584 4858 635 4930 qui
649 4861 724 4913 recte
739 4858 833 4912 virere
847 4858 909 4913 dili·

56 4942 110 5016 git,
127 4959 218 5016 eoque
230 4945 271 5000 ila
284 4945 452 5013 delectatur,
468 4951 500 5001 nt
514 4962 573 5002 non
587 4947 681 5002 solnm
696 4946 723 5001 ei
737 4951 847 5001 rectum
861 4946 907 5014 sit,

56 5033 207 5089 sedetiam
226 5033 307 5089 dulce
322 5040 408 5106 atque
419 5035 592 5107 jucundum,
614 5038 691 5089 amet
708 5035 908 5106 hanclegem,

54 5121 217 5193 habeatque
228 5121 436 5192 charissimam,
446 5120 587 5193 quavidet
596 5121 736 5176 tributam
750 5118 811 5176 esse'
826 5121 908 5177 bonae

54 5210 198 5266 voluntati
221 5210 335 5266 beatam
356 5211 454 5279 vitam,
479 5211 562 5265 malae
585 5209 742 5265 miseram?
764 5214 800 5267 E.
826 5214 909 5266 Amat

54 5298 177 5354 omnino
191 5314 223 5353 ac
236 5299 438 5354 vehementer:
456 5315 523 5353 nam
537 5298 622 5352 istam
632 5299 724 5369 ipsam
735 5312 859 5370 sequens
869 5298 909 5352 ita

89 5421 117 5478 to
142 5419 201 5470 Vid.
216 5421 329 5473 Retraet.
344 5421 390 5472 lib.
404 5424 428 5483 l,
440 5434 498 5486 cap.
511 5422 536 5482 9,
551 5433 578 5470 n.
593 5421 617 5470 ³.

90 5481 116 5543 (t
142 5481 201 5531 Vid.
219 5482 284 5534 ibid.

969 957 1074 1013 scilicet
1087 958 1118 1012 in
1133 959 1237 1031 quibus
1250 960 1438 1032 adipiscendis
1453 963 1497 1016 vel
1513 962 1670 1018 retinendis
1681 963 1757 1018 mala
1771 979 1816 1017 ro

968 1046 1062 1101 luntas
1076 1047 1124 1102 illa
1139 1049 1275 1119 persistit.
1288 1052 1326 1104 A.
1343 1050 1452 1120 Opinor
1465 1053 1494 1105 te
1516 1050 1609 1105 dicere
1629 1050 1750 1119 divilias,
1764 1050 1817 1106 ho·

968 1150 1061 1202 nores,
1075 1135 1247 1206 voluptates.
1264 1140 1291 1191 et
1305 1137 1549 1208 pulchritudinem
1573 1139 1713 1210 corporis,
1730 1144 1816 1194 caete-

968 1237 1057 1293 reque
1067 1223 1165 1277 omnia
1178 1239 1243 1295 quse
1258 1228 1379 1295 possunt
1393 1230 1421 1280 et
1436 1226 1563 1281 volentes
1577 1244 1637 1283 non
1647 1227 1778 1299 adipisci,
1789 1232 1819 1283 et

968 1310 1098 1366 emittere
1108 1310 1200 1368 inrih'.
1212 1314 1244 1367 E.
1257 1313 1314 1367 Ista
1328 1311 1391 1383 ipsa
1406 1317 1483 1368 sunt.
1498 1317 1537 1368 A.
1553 1316 1627 1370 Num
1638 1316 1700 1370 haec
1711 1319 1818 1371 aeterna

968 1414 1033 1454 ecce
1043 1414 1153 1466 censes,
1164 1414 1230 1454 cum
1242 1400 1380 1470 temporis
1388 1401 1561 1456 volubilitati
1571 1402 1667 1458 videas
1675 1404 1819 1459 obnoxie?

968 1491 1000 1544 E.
1016 1486 1085 1552 Quis
1099 1487 1153 1542 hoe
1167 1489 1211 1542 vel
1224 1487 1456 1543 dementissimus
1471 1492 1615 1546 senserit?
1630 1493 1665 1548 A.
1681 1494 1752 1549 Cum
1767 1493 1819 1564 igi·

966 1578 1014 1631 tur
1028 1575 1212 1631 manifestum
1222 1575 1259 1631 sit
1269 1576 1408 1633 aliosesse
1421 1578 1552 1634 homines
1566 1586 1709 1635 amatores
1718 1597 1817 1636 rerum

967 1669 1150 1732 aeternarum,
1176 1664 1245 1719 alios
1265 1666 1481 1737 temporalium,
1504 1684 1628 1740 cumque
1656 1669 1726 1725 duas
1741 1671 1818 1740 leges

967 1768 1028 1808 esse
1046 1753 1221 1820 convenerit,
1237 1769 1325 1809 unam
1340 1760 1488 1823 aternam,
1508 1757 1595 1812 aliam
1609 1759 1817 1830 temporalem3

966 1840 990 1895 si
1005 1841 1075 1912 quid
1089 1841 1231 1914 equitetis
1245 1842 1331 1914 sapis,
1355 1860 1428 1916 qnos
1443 1843 1564 1899 istorum
1576 1845 1687 1916 judicas
1702 1849 1817 1900 eterne

965 1929 1033 2001 legi,
1060 1946 1132 2002 quos
1157 1931 1312 2002 temporali
1337 1947 1400 1987 esse
1429 1932 1615 1989 subdendos?
1632 1936 1665 1990 Ε.
1686 1935 1757 1991 Puto
1785 1933 1817 1988 in

965 2022 1101 2090 prompto
1116 2019 1263 2090 essequod
1280 2019 1385 2090 quaeris
1397 2037 1404 2075 :
1418 2036 1486 2075 nem
1499 2020 1597 2077 beatos
1610 2022 1676 2077 illos
1690 2022 1727 2077 ob
1740 2038 1816 2079 aruo·

965 2122 1028 2162 rem
1043 2107 1171 2178 ipsorum
1191 2111 1366 2162 aeternornm
1380 2109 1433 2164 sub
1456 2114 1563 2165 eterna
1581 2111 1645 2182 lege
1661 2125 1746 2181 egere
1760 2111 1817 2166 eri·

965 2195 1068 2264 stimo;
1089 2195 1201 2250 miseris
1224 2212 1291 2251 vero
1307 2197 1473 2269 temporalis
1493 2197 1661 2271 imponitur.
1675 2203 1714 2254 A.
1730 2200 1816 2255 Recte
1844 2250 1851 2264 ,

964 2284 1085 2356 judicas,
1110 2284 1265 2340 dummodo
1288 2284 1361 2341 illud
1382 2285 1585 2342 inconcussum
1609 2293 1718 2357 teneas,
1738 2287 1816 2359 quod

965 2371 1143 2444 apertissime
1149 2372 1211 2443 jam
1225 2372 1298 2428 ratio
1313 2373 1529 2444 demonstravit,
1538 2391 1586 2430 eos
1599 2376 1650 2446 qui
1663 2375 1816 2447 temporali

965 2461 1023 2534 legi
1039 2460 1176 2528 serviunt,
1193 2477 1252 2516 non
1267 2477 1327 2518 esse
1341 2478 1425 2534 posse
1438 2462 1473 2518 ab
1484 2467 1592 2519 aeterna
1606 2463 1726 2532 liber0s;
1739 2464 1816 2519 unde

964 2550 1149 2622 omniaque
1171 2551 1247 2622 justa
1272 2555 1349 2616 sunt,
1363 2551 1498 2623 justeque
1515 2552 1673 2623 variantur,
1696 2551 1816 2624 exprimi

964 2640 1104 2696 diximus:
1121 2654 1169 2694 eos
1183 2654 1252 2694 sero
1267 2639 1318 2710 qui
1332 2638 1390 2710 legi
1404 2644 1518 2696 eterne
1533 2657 1584 2713 per
1597 2641 1703 2696 bonam
1715 2642 1815 2696 volun·

963 2732 1053 2783 tatem
1062 2727 1185 2796 haerent,
1200 2725 1368 2799 temporalis
1383 2727 1453 2796 legis
1463 2743 1524 2782 non
1537 2727 1677 2799 indigere,
1693 2727 1770 2794 satis,
1782 2730 1815 2782 ut

964 2819 1091 2887 apparet,
1103 2814 1249 2887 intelligis.
1268 2818 1300 2871 E.
1314 2816 1409 2870 Teneo
1424 2815 1503 2887 quod
1515 2815 1598 2870 dicis.
1834 2833 1835 2836 ¹

999 2907 1043 2959 32.
1058 2905 1097 2959 A.
1113 2903 1198 2959 lubet
1210 2902 1300 2975 igitur
1319 2907 1426 2958 esterna
1453 2903 1499 2958 lex
1511 2907 1639 2960 avertere
1652 2917 1813 2958 amorema

963 2992 1180 3064 temporalibus,
1189 2995 1288 3047 etcum
1294 2992 1464 3047 mundatum
1470 2996 1633 3047 convertere
1648 2991 1683 3047 ed
1694 2994 1811 3046 aeterna.

964 3085 996 3138 Ε.
1007 3081 1092 3138 lubet
1104 3096 1181 3136 vero.
1197 3082 1236 3136 A.
1248 3080 1321 3145 Quid
1337 3080 1440 3136 deinde
1455 3096 1553 3136 censes
1568 3081 1756 3152 temporalem
1768 3080 1813 3152 ju-

964 3171 1042 3238 bere,
1057 3169 1114 3225 nisi
1125 3173 1157 3225 ut
1171 3168 1232 3224 haec
1247 3185 1313 3241 ques
1328 3170 1364 3225 ad
1380 3174 1495 3242 tempus
1505 3174 1602 3224 nostra
1612 3169 1667 3225 dici
1682 3172 1811 3241 possunt,

964 3259 1079 3333 quando
1094 3258 1134 3313 eis
1147 3257 1444 3331 hominescnpiditate
1459 3259 1611 3322 inhaerent,
1627 3273 1661 3312 eo
1671 3257 1737 3329 jure
1749 3273 1813 3328 pos·

964 3349 1085 3416 sideant,
1101 3364 1159 3422 quo
1174 3364 1227 3420 pax
1243 3353 1271 3403 et
1286 3347 1405 3403 societas
1415 3349 1541 3403 humana
1557 3351 1694 3414 servetur,
1705 3349 1813 3418 quanta

966 3437 997 3492 in
1011 3438 1055 3492 his
1070 3437 1154 3492 rebus
1169 3437 1275 3492 servari
1289 3437 1407 3509 potest?
1432 3438 1469 3491 Ea
1484 3440 1550 3491 sunt
1569 3439 1682 3491 antem:
1706 3435 1811 3506 primo,

964 3527 1018 3581 hoc
1033 3542 1147 3597 corpus,
1173 3530 1202 3580 et
1224 3526 1286 3596 ejus
1301 3541 1366 3597 quae
1382 3528 1520 3579 vocantur
1533 3524 1620 3592 hona,
1643 3527 1676 3578 ut
1700 3523 1813 3594 integra

963 3614 1105 3682 valetudo,
1121 3628 1242 3668 acumen
1266 3628 1412 3680 sensuum,
1435 3613 1519 3681 vires,
1534 3611 1728 3683 pulchritudo,
1746 3615 1773 3666 et
1788 3612 1812 3666 si

964 3718 1020 3773 qna
1030 3705 1098 3756 sunt
1112 3705 1224 3765 cetera,
1247 3699 1352 3771 partim
1375 3701 1536 3756 necessaria
1550 3698 1632 3755 bonis
1648 3700 1768 3768 artibus,
1784 3704 1812 3755 et

962 3787 1027 3843 ideo
1038 3787 1130 3860 pluris
1142 3788 1299 3858 pensanda,
1315 3788 1421 3859 partim
1433 3787 1543 3843 viliora.
1559 3788 1666 3844 lleinde
1681 3787 1810 3855 libertas,

963 3894 1028 3950 quae
1043 3877 1161 3949 quidem
1176 3879 1256 3933 nulla
1279 3893 1346 3933 vera
1359 3882 1412 3945 est,
1440 3876 1497 3932 nisi
1510 3877 1670 3944 beatorum,
1701 3881 1730 3931 et
1754 3877 1812 3949 legi

963 3969 1078 4019 aeternee
1092 3963 1319 4019 adherentium:
1335 3965 1461 4020 sedeam
1474 3980 1551 4019 nunc
1561 3963 1723 4020 libertatem
1737 3980 1812 4019 com·

962 4068 1102 4117 memoro,
1117 4069 1174 4125 qua
1188 4068 1217 4107 se
1228 4053 1334 4108 liberos
1348 4057 1454 4124 putant
1468 4055 1516 4125 qui
1533 4053 1664 4108 dominos
1678 4051 1811 4107 homines

963 4159 1021 4197 non
1036 4142 1152 4209 habent,
1167 4147 1196 4196 et
1212 4157 1298 4212 quam
1313 4141 1477 4198 desiderant
1490 4141 1511 4195 ii
1523 4141 1574 4212 qui
1589 4156 1605 4194 a
1621 4139 1745 4195 dominis
1756 4140 1809 4195 ho·

962 4229 1089 4284 minibus
1104 4228 1268 4283 manumitti
1282 4228 1392 4284 volunt.
1418 4227 1524 4284 Deinde
1539 4232 1682 4298 parentes,
1697 4226 1809 4294 fratres,

963 4317 1183 4388 conju1,liberi,
1198 4316 1366 4389 propinqui,
1381 4318 1489 4380 aflines,
1505 4315 1672 4381 familiares,
1689 4318 1718 4369 et
1741 4313 1808 4386 qui·

962 4419 1086 4476 cumque
1097 4404 1180 4459 nohis
1192 4404 1289 4477 alique
1296 4404 1506 4460 necessitudine
1521 4400 1648 4475 adjuncti
1658 4403 1734 4455 sunt.
1746 4401 1811 4473 lpse

963 4493 1088 4565 denique
1103 4492 1213 4564 civitas,
1229 4509 1294 4566 quae
1315 4493 1442 4565 parentis
1458 4493 1519 4546 loeo
1539 4489 1637 4545 haberi
1653 4489 1743 4557 solet;
1757 4487 1810 4544 ho-

963 4599 1047 4637 nores
1060 4581 1146 4637 etiam
1156 4587 1185 4637 et
1199 4583 1307 4651 laudes,
1323 4587 1351 4637 et
1364 4597 1398 4636 ea
1413 4594 1477 4652 quae
1496 4578 1598 4633 dicitur
1615 4576 1707 4650 gloria
1720 4594 1810 4650 popu·

963 4671 1040 4726 laris.
1055 4671 1098 4726 ad
1114 4676 1274 4727 extremum
1295 4669 1427 4742 pecunia,
1445 4683 1502 4740 quo
1517 4683 1577 4722 uno
1591 4667 1708 4722 nomine
1722 4667 1811 4723 conti·-

962 4766 1068 4815 nentnr
1081 4760 1178 4816 omnia
1188 4774 1313 4831 quornm
1323 4759 1389 4829 jure
1404 4755 1513 4811 domini
1523 4771 1632 4825 sumus,
1643 4760 1672 4811 et
1685 4771 1809 4828 quorum

963 4849 1177 4904 vendendorum
1192 4852 1241 4902 ant
1254 4845 1455 4900 donandorum
1466 4845 1571 4899 habere
1586 4849 1758 4916 potestatem
1770 4843 1810 4897 vi·

963 4935 1074 4992 demur.
1091 4937 1199 4991 Horum
1214 4932 1345 4989 omnium
1367 4932 1611 5006 quemadmodum
1636 4933 1680 4988 lex
1694 4932 1744 4986 illa
1759 4947 1810 4986 sna

962 5025 1066 5098 cuique
1082 5023 1245 5090 distribuat,
1258 5019 1375 5076 difficile
1388 5026 1417 5076 et
1428 5022 1547 5093 longum
1562 5026 1604 5077 est
1617 5019 1768 5091 explicare,
1782 5022 1810 5073 et

962 5112 1092 5186 planead
1108 5112 1135 5167 id
1149 5111 1225 5183 quod
1236 5109 1439 5182 proposuimus
1452 5109 1721 5166 nonneeessarium.
1737 5105 1810 5162 Satis

963 5207 1007 5258 est
1021 5202 1098 5257 enim
1112 5199 1209 5255 videre
1224 5216 1283 5255 non
1294 5200 1370 5254 ultra
1379 5199 1488 5272 porrigi
1501 5200 1585 5270 hujus
1598 5196 1671 5268 legis
1685 5198 1809 5267 potesta·

963 5296 1022 5347 tem
1035 5293 1066 5345 in
1089 5290 1269 5352 vindicando,
1286 5305 1373 5362 quam
1397 5294 1430 5345 nt
1442 5291 1504 5346 haec
1526 5290 1570 5343 rel
1583 5285 1691 5359 aliquid
1705 5286 1809 5341 horum

964 5380 1170 5452 adimatatqne
1191 5378 1302 5434 auferat
1326 5379 1353 5434 ei
1376 5393 1462 5451 quem
1487 5376 1579 5450 punit.
1602 5376 1676 5432 ldetu
1701 5376 1811 5429 coercet

965 5486 1044 5542 crgo,
1058 5474 1087 5525 et
1107 5469 1143 5526 ed
1158 5469 1187 5526 id
1202 5469 1280 5542 qnod
1303 5471 1373 5537 vult,
1388 5471 1504 5541 torquet
1517 5483 1550 5523 ao
1563 5467 1711 5539 retorquet
1723 5462 1809 5521 mise·
