3884 6112
55 215 89 267 5⁸1
762 206 929 267 AUCTORE
953 206 1120 266 russinlu.
1785 218 1819 270 58

51 331 98 387 eni
114 330 212 396 amici,
227 329 259 386 in
272 327 410 387 extremis
424 327 489 386 ritae
501 327 538 385 de
552 327 658 386 talibus
682 328 912 403 frequentissime

51 420 197 476 relerebat
206 418 315 475 dictum
328 435 336 474 :
347 418 386 473 ad
395 433 483 491 quem
492 433 558 474 cum
568 417 744 474 visitandum
751 419 813 491 jam
825 418 913 474 morti

50 509 299 582 propinquantem
313 508 493 574 ventitasset,
509 511 538 563 et
551 507 599 564 ille
614 523 718 563 manns
735 513 818 580 gestu
832 524 863 563 ec
877 508 912 564 de

52 599 158 655 malo
174 598 321 654 exiturum
335 596 522 669 signiticaret,
538 600 624 669 atque
642 612 660 651 a
678 613 708 651 se
723 596 765 651 itti
780 601 854 652 emet
867 612 913 652 re·

52 703 207 760 sponsum,
236 686 330 742 adbuc
357 701 424 741 eum
453 684 581 741 Ecclesiae
608 674 800 742 necessarium
819 686 913 742 rivere

53 791 139 850 posse
148 794 156 845 ;
165 775 263 836 illum,
273 792 311 831 ne
318 778 470 846 putaretur
479 773 638 845 hujusvitoe
644 774 737 830 teneri
745 774 913 848 cupiditate,

54 865 81 921 ei
93 864 281 937 respondisse
295 879 303 919 ε
315 864 347 922 si
360 878 510 934 nunquam,
526 863 604 932 berem
620 866 646 919 si
659 864 819 933 aliquando.
830 880 914 934 quare

55 970 110 1011 non
120 953 229 1011 mado?
245 955 278 1008 Et
291 953 379 1008 talem
387 952 560 1008 sententiam
572 953 730 1008 mirabatur
740 958 769 1008 et
781 954 916 1009 laudabat

56 1043 211 1100 hominem
224 1040 390 1114 protulisse,
403 1042 494 1097 lleurn
502 1040 621 1113 quidem
631 1041 793 1108 timentem,
804 1057 915 1097 verum-

57 1139 156 1190 tamen
171 1133 205 1188 in
218 1131 287 1188 villa
300 1135 402 1187 natum
415 1135 445 1187 et
457 1130 611 1198 nutritum,
628 1131 677 1186 sed
692 1147 751 1187 non
766 1131 860 1187 multa
875 1134 914 1187 le·

57 1220 160 1277 etiams
188 1219 335 1275 eruditum
350 1219 467 1275 scientia
483 1235 490 1274 :
506 1225 608 1275 oontm
632 1219 715 1276 illum
730 1220 839 1276 scilicet
853 1236 916 1275 sen-

57 1326 121 1366 sam
136 1309 306 1382 agrotantis
325 1307 464 1381 episcopi,
480 1308 588 1382 dequo
613 1314 728 1365 sanctus
751 1308 782 1364 in
796 1309 916 1383 epistola

56 1416 106 1455 sua
116 1415 211 1472 qnam
225 1397 260 1455 de
270 1399 439 1455 llortalitate
448 1397 563 1470 scripsit
575 1404 684 1471 martyr
697 1399 866 1472 Cyprianus,
876 1399 916 1455 ita

56 1489 155 1545 retulit
170 1487 270 1544 dicens
286 1504 293 1544 :
309 1489 376 1546 curn
389 1487 503 1558 qnidam
517 1487 551 1543 de
569 1489 676 1556 cottonis
697 1493 724 1544 ct
741 1489 916 1545 consacerdo-

56 1580 130 1634 tibus
143 1580 250 1634 nostris
263 1579 422 1648 infirmitate
435 1577 568 1643 msessue,
583 1581 609 1632 ct
624 1577 657 1632 de
672 1579 916 1648 appropinquante

56 1671 143 1722 morte
155 1664 303 1732 mllrcitus,
319 1670 494 1720 commeatum
509 1665 564 1720 sibi
576 1669 746 1734 precaretur,
761 1669 852 1721 astitit
866 1666 917 1720 de-

54 1755 189 1824 precanti
195 1757 221 1808 et
227 1754 290 1823 jorn
296 1767 365 1822 perse
374 1755 501 1807 moriorti
508 1752 618 1821 iuuenis
631 1754 730 1808 lorrorc
741 1758 767 1808 et
775 1754 917 1825 maiestate

57 1841 237 1909 uenerabilis,
251 1845 360 1896 statura
373 1842 469 1906 misna,
479 1845 506 1897 et
517 1843 607 1896 clarus
616 1847 738 1912 aspectu,
753 1848 866 1912 atquem
875 1858 917 1898 as-

59 1931 283 1986 ammutium
290 1934 381 2002 posset
391 1931 526 1986 hamanus
536 1931 751 2000 aspectusoeutie
761 1932 917 1987 canentibus

60 2021 175 2081 intueri.
191 2021 248 2076 nisi
260 2019 333 2090 quod
345 2020 427 2074 totone
440 2019 532 2074 uidere
539 2019 601 2089 ,iam
608 2023 716 2088 poterat
726 2017 759 2073 de
768 2019 865 2074 samito
876 2033 918 2074 re·

62 2124 191 2166 masuras
206 2125 214 2164 :
228 2113 311 2179 atque
324 2109 371 2164 itte
384 2124 438 2164 non
451 2111 508 2163 sinc
522 2108 642 2177 quadam
657 2109 745 2163 arrimr'
756 2112 782 2163 et
794 2110 866 2163 uocis
877 2108 919 2162 in-

61 2198 224 2268 dignatione
232 2200 386 2266 ιιιῐνιιιιιιίι,
394 2202 419 2253 et
431 2197 515 2268 dicit,
525 2198 589 2252 Pati
597 2199 708 2264 timetis,
715 2199 792 2252 entre
799 2211 853 2252 non
861 2197 919 2252 uut-

62 2288 97 2343 te's
110 2304 118 2355 ;
140 2287 209 2358 quid
221 2289 326 2356 famam
337 2287 414 2342 uotis
427 2289 441 2341 ?

62 2412 178 2468 CAPUT
192 2411 307 2468 lllllllll.
324 2440 356 2453 -
373 2411 436 2478 Qua
447 2411 574 2482 proriam
592 2413 654 2466 ante
675 2415 786 2466 mortem
802 2409 836 2465 ab
856 2410 919 2464 An-

96 2503 207 2571 pnstino
220 2501 305 2557 edita.
320 2502 554 2557 lletractationum
564 2499 641 2556 libri.
651 2498 836 2556 barbarorum
846 2501 917 2555 irru-

96 2593 166 2662 ptio.
184 2591 317 2662 Hipponis
331 2589 445 2645 obsidio.

98 2702 174 2753 Ante
200 2696 366 2769 proximum
393 2712 460 2752 vero
488 2695 566 2753 diem
594 2695 688 2752 obitus
714 2694 759 2751 sni
786 2711 803 2751 a
828 2712 858 2751 sc
878 2694 919 2750 di-

64 2791 157 2842 ctatos
176 2790 205 2841 et
225 2783 316 2841 editos
337 2784 480 2840 recensuit
495 2784 593 2854 libros,
622 2785 681 2841 sire
700 2800 748 2841 eos
767 2801 840 2857 qnos
862 2783 920 2857 pri-

63 2890 114 2930 mo
138 2864 270 2947 tempore
304 2873 497 2930 conversionis
526 2890 586 2930 eum
617 2874 709 2930 adhuc
734 2873 833 2943 laicus,
862 2873 919 2927 sire

67 2979 144 3035 quos
164 2963 325 3036 presbyter,
352 2962 411 3017 sive
433 2978 507 3036 quos
529 2961 680 3036 episcopus
698 2961 874 3019 dictaverat:
891 2965 921 3017 et

63 3067 258 3127 quaecumque
273 3051 304 3108 in
322 3051 369 3107 his
383 3051 547 3124 recognovit
561 3051 645 3107 aliter
658 3066 747 3123 quam
760 3066 821 3106 sese
835 3049 921 3105 habet

64 3140 257 3198 ecelesiastica
271 3141 373 3211 regula
384 3155 402 3195 a
415 3157 445 3196 se
459 3139 547 3196 luisse
562 3140 668 3197 dictata
681 3144 710 3195 et
724 3138 838 3211 scripta,
854 3154 920 3193 cum

65 3232 161 3290 adbuc
169 3230 393 3286 ecclesiasticum
406 3247 490 3287 usum
499 3229 595 3287 minus
604 3230 698 3297 sciret,
710 3228 864 3302 minusque
879 3245 920 3283 sa·

65 3321 177 3395 puisset
190 3321 211 3391 ¹,
225 3335 243 3375 a
255 3319 410 3392 semetipso
424 3325 452 3376 et
467 3320 641 3393 reprehensa
656 3324 684 3375 et
703 3323 830 3375 correcta
843 3322 919 3373 sunt.

67 3408 149 3467 Unde
163 3409 251 3464 etiam
266 3409 324 3464 dno
339 3408 507 3481 conscripsit
531 3408 686 3477 volumina,
703 3423 828 3481 quorum
843 3413 871 3462 et
885 3405 920 3462 ti·

65 3498 154 3567 tulus,
173 3501 208 3554 lle
219 3499 371 3554 recensione
384 3499 517 3555 librorum
530 3498 579 3571 (a).
597 3499 758 3568 Proereptos
770 3496 857 3552 etiam
866 3493 922 3551 sibi

66 3587 207 3662 quosdam
226 3586 314 3643 libros
329 3586 364 3659 (bl
381 3591 446 3643 ante
461 3587 675 3659 diligentiorem
691 3585 922 3643 emendationem

65 3675 247 3734 anonnullis
270 3675 406 3732 iratribus
430 3677 668 3750 conquerebatur,
685 3677 752 3733 licet
774 3692 823 3732 eos
844 3677 921 3747 post·

66 3766 185 3823 modum
201 3765 391 3821 emendasset.
412 3765 580 3839 imperfecta
596 3765 682 3821 etiam
696 3763 830 3838 quadem
859 3779 923 3818 suo·

66 3867 131 3907 rum
158 3850 301 3906 librorum
329 3855 496 3922 preventus
514 3855 607 3906 morte
626 3848 788 3923 dereliquit.
809 3847 922 3921 Quique

66 3940 203 4012 prodesse
218 3938 352 3996 omnibns
363 3941 470 4004 volens,
486 3944 516 3995 et
530 3937 715 3995 valentibus*
729 3938 820 3994 multa
834 3937 922 3994 libro·

67 4045 130 4086 rum
146 4029 256 4101 legere,
271 4034 301 4083 ct
313 4044 373 4083 non
387 4028 559 4098 valentibus,
574 4045 608 4084 ex
623 4033 745 4101 utroque
761 4027 857 4084 dirino
870 4027 923 4082 Te·

68 4122 221 4184 mento,
237 4117 337 4173 Vetere
352 4121 381 4172 et
395 4117 481 4183 Novo,
499 4117 648 4192 praemissa
664 4116 832 4190 pensatione
847 4133 924 4189 prm-

68 4205 260 4280 ocptadiviua
282 4222 332 4261 sen
347 4204 436 4262 ratila
458 4206 494 4261 ad
516 4207 582 4262 vitae
596 4208 725 4280 regulam
748 4205 923 4278 pertinentia

67 4292 217 4368 excerpsit,
233 4299 320 4368 atque
345 4311 379 4352 ex
394 4296 438 4351 liis
452 4311 544 4352 unum
558 4296 687 4351 codicem
715 4295 795 4362 iecit;
812 4299 845 4349 ut
873 4294 924 4366 qui

67 4387 153 4444 vellet
167 4388 288 4461 legeret,
303 4389 389 4458 atque
404 4385 435 4440 in
449 4401 483 4440 eo
498 4385 541 4440 vel
557 4400 645 4457 quam
657 4383 793 4440 obediens
810 4384 867 4439 ileo
882 4383 925 4437 in·

67 4475 242 4533 obediensve
255 4479 339 4543 esset,
355 4479 524 4547 agnosceret
540 4491 547 4530 :
563 4478 592 4531 et
604 4475 659 4530 hoc
673 4471 843 4544 opusvoluit
856 4472 925 4543 Spe-

65 4567 165 4622 culum
179 4564 333 4638 appellari.

98 4655 209 4710 Verum
227 4653 308 4709 brevi
334 4652 525 4727 consequenti
549 4657 681 4725 tempore
705 4651 803 4709 divina
825 4651 926 4707 volun-

66 4748 125 4800 tate
139 4747 170 4799 et
193 4746 337 4814 potestate
348 4743 494 4815 provenit,
518 4745 666 4798 almanus
690 4740 792 4813 ingens
806 4739 926 4796 diversis

66 4832 132 4889 telis
145 4834 259 4888 man
272 4834 302 4887 et
316 4830 398 4887 bellis
418 4830 582 4900 exercitata,
601 4830 773 4888 immanium
793 4829 923 4885 hostium

67 4920 265 4978 vandalorum
280 4923 310 4976 et
332 4920 489 4976 Alanorum
504 4919 689 4977 commixtam
704 4935 801 4975 secum
819 4918 927 4974 babens

67 5011 231 5068 Gothorum
248 5014 376 5083 gentem,
393 5009 573 5082 aliarumque
588 5008 763 5066 diversarum
777 5024 926 5080 personas,

68 5116 100 5156 ex
117 5098 266 5172 Hispaniae
283 5098 415 5171 partibus
442 5097 653 5166 transmarinis,
676 5097 798 5153 navibus
822 5097 925 5154 diriore

69 5186 233 5246 mlluxisset
250 5191 280 5244 et
297 5187 452 5243 irruisset:
470 5187 659 5260 universeque
681 5202 733 5259 per
747 5186 808 5241 loca
823 5185 926 5241 llerrri·

100 5317 109 5351 ¹
126 5313 171 5367 sic
180 5313 243 5365 Hae.
256 5328 263 5374 ς
278 5316 306 5365 at
318 5312 396 5371 aad,
405 5313 575 5376 mteutqeret.
586 5338 617 5349 -
631 5310 745 5371 Salinas,
753 5310 816 5360 item
826 5322 859 5359 ex
873 5322 926 5358 uno

67 5374 459 5441 Cel.,rrtnarqaelatrlttaeret,·
466 5389 498 5426 ex
507 5372 925 5485 alterocdqoatnueqffraperet.

99 5504 113 5540 ¹
131 5500 210 5562 auin,
221 5504 246 5552 et
258 5499 532 5561 comemmorans
541 5501 613 5560 lise,
626 5499 653 5551 et
668 5471 831 5550 sonuum..

100 5602 131 5664 (a
153 5599 384 5652 Rmmcmttonnm
400 5598 473 5650 libri.

101 5663 130 5729 (t
154 5664 192 5715 lte
205 5663 344 5715 Trinitato.

967 331 1111 388 laniorum
1125 329 1213 387 etiam
1226 331 1262 388 ad
1280 333 1351 388 alias
1363 329 1474 390 nostras
1495 333 1638 392 transiens
1651 334 1818 408 provincias

967 425 995 478 et
1009 421 1152 494 regiones,
1168 421 1248 476 omui
1270 421 1388 478 saeviens
1411 423 1579 479 crudelitate
1604 429 1633 480 et
1655 425 1815 490 atrocitate,

968 515 1069 567 cuncta
1078 527 1143 581 qum
1154 511 1257 583 potuit,
1271 512 1486 583 exspoliatione.
1497 514 1633 581 caedibue,
1643 515 1820 589 diversisque

968 600 1130 668 tormentis,
1145 600 1293 668 incendiis,
1309 601 1430 674 aliisque
1452 601 1713 658 innumerabilibus
1731 608 1760 658 et
1774 602 1819 657 in-

968 688 1062 746 iandis
1076 688 1159 744 malis
1169 690 1344 761 depopulata
1353 695 1409 758 est;
1422 691 1494 746 nulli
1505 691 1594 757 serui,
1611 692 1683 747 nulli
1699 704 1820 763 parcens

969 776 1056 844 temti,
1077 793 1130 833 nec
1154 777 1223 850 ipsis
1245 778 1293 834 lloi
1317 779 1510 837 sacerdotibus
1532 781 1577 836 vel
1605 780 1751 844 ministris,
1767 797 1819 837 nec

969 864 1038 938 ipsis
1064 866 1246 923 ecclesiarum
1273 868 1448 924 ornamentis
1476 885 1527 925 seu
1549 870 1748 926 instrumentis
1773 871 1819 926 vel

970 954 1106 1011 aediliciis.
1124 957 1157 1012 Et
1165 957 1239 1012 hauc
1251 957 1457 1014 ferocissimam
1470 958 1596 1014 hostium
1610 960 1817 1033 grassationem

970 1049 999 1099 et
1012 1045 1209 1112 vastationem,
1220 1045 1268 1102 ille
1282 1046 1332 1101 llei
1343 1047 1441 1114 homo,
1452 1047 1594 1104 otiactam
1606 1047 1693 1104 inisse
1706 1048 1817 1119 etlieri,

971 1150 1029 1190 non
1043 1138 1072 1190 ut
1085 1134 1182 1191 caeteri
1202 1136 1352 1192 hominum
1368 1136 1509 1193 sentiebat
1532 1142 1561 1193 et
1585 1137 1750 1210 cogitabat:
1767 1138 1818 1195 sed

971 1223 1055 1279 altius
1074 1227 1103 1279 et
1115 1223 1287 1296 profundius
1301 1240 1335 1280 ea
1348 1225 1540 1295 considerans,
1559 1230 1587 1281 et
1602 1226 1632 1280 in
1646 1226 1691 1282 his
1705 1225 1818 1282 anima-

970 1327 1035 1366 rum
1048 1312 1193 1384 precipue
1208 1310 1251 1367 vel
1265 1311 1393 1382 pericula
1407 1312 1450 1368 vel
1465 1316 1571 1367 mortes
1585 1312 1754 1384 previdens,
1769 1330 1817 1368 so-

972 1399 1022 1455 lito
1040 1399 1165 1472 amplius
1186 1401 1344 1474 (quoniam,
1360 1405 1392 1456 nt
1414 1400 1552 1472 scriptum
1570 1405 1622 1470 est,
1638 1403 1691 1469 Qni
1703 1404 1818 1474 apponit

970 1493 1121 1558 scientiam,
1144 1494 1260 1562 opponit
1279 1492 1396 1547 dolorem
1419 1491 1560 1563 (liceto-1,
1586 1492 1646 1564 lb);
1668 1496 1698 1547 et
1711 1493 1762 1550 Gor
1774 1493 1819 1547 in·

972 1580 1103 1647 teltipens,
1116 1583 1189 1636 tinea
1199 1581 1315 1651 ossibus)
1326 1581 1441 1635 inerunt
1453 1579 1481 1634 ei
1490 1580 1623 1652 lacrymae
1634 1595 1722 1651 panes
1734 1579 1780 1635 die
1788 1594 1820 1633 ac

972 1668 1229 1741 nocte(Psal.xi1,
1255 1670 1293 1742 t),
1319 1667 1585 1741 amarissimamque
1612 1672 1640 1724 et
1664 1668 1819 1740 lugubrem

971 1774 1032 1829 prae
1046 1757 1157 1814 caeteris
1171 1774 1230 1814 sum
1249 1758 1402 1814 senectutis
1422 1758 1482 1829 jam
1505 1774 1578 1829 pene
1593 1761 1751 1813 extremam
1766 1757 1819 1812 du-

972 1847 1053 1903 cebat
1066 1863 1099 1903 ae
1112 1848 1253 1904 tolerabat
1267 1848 1363 1904 vitam.
1381 1847 1499 1905 Videbat
1513 1847 1590 1903 enim
1605 1847 1653 1902 ille
1668 1847 1755 1903 lromo
1771 1845 1822 1901 Ilei

972 1936 1099 1992 civitates
1121 1936 1230 1993 excidio
1254 1937 1390 2009 perditas,
1414 1936 1579 2010 pariterque
1600 1951 1666 1991 cum
1692 1934 1821 1991 aediliciis

972 2023 1106 2080 villarum
1130 2024 1314 2096 habitatores,
1342 2025 1412 2081 alios
1436 2025 1532 2080 hostili
1560 2041 1628 2080 nece
1656 2025 1821 2094 exstinctos,

973 2113 1043 2170 alios
1057 2113 1290 2187 effugatosatque
1300 2115 1461 2187 dispersos;
1478 2113 1614 2170 Ecclesiae
1628 2112 1823 2170 sacerdotibus

973 2219 1005 2258 ac
1019 2203 1158 2260 ministris
1170 2203 1330 2271 destitutas,
1346 2204 1527 2276 virginesque
1541 2219 1633 2259 sacres
1647 2207 1677 2258 at
1690 2216 1821 2275 quosque

973 2293 1151 2349 continentes
1165 2294 1272 2366 ubique
1284 2294 1435 2367 dissipatos
1448 2311 1455 2361 3
1472 2300 1500 2349 et
1513 2293 1544 2348 in
1558 2294 1603 2349 his
1615 2293 1687 2350 alios
1697 2297 1823 2348 tormen·

973 2383 1010 2439 tis
1037 2383 1184 2454 deiecisse,
1212 2383 1283 2440 alios
1308 2384 1404 2456 gladio
1430 2383 1619 2455 interemptos
1647 2398 1719 2449 esse,
1750 2380 1822 2436 alios

973 2472 1004 2527 in
1018 2471 1191 2544 captivitate,
1218 2472 1329 2544 perdita
1354 2471 1445 2528 animi
1464 2476 1493 2528 et
1507 2470 1635 2544 corporis
1656 2468 1821 2542 integritate

973 2561 1097 2625 colidei,
1113 2562 1189 2618 malo
1211 2578 1289 2619 more
1307 2578 1340 2616 ae
1363 2562 1435 2617 duro
1449 2560 1580 2616 hostibus
1593 2559 1755 2626 deservire;
1772 2559 1822 2630 hy·

974 2666 1058 2707 mnos
1068 2651 1119 2707 llei
1133 2655 1163 2706 et
1175 2651 1274 2707 laudes
1284 2651 1319 2708 de
1334 2649 1459 2707 ecclesiis
1473 2649 1631 2722 deperisse,
1646 2647 1767 2704 edificia
1780 2663 1824 2703 ec·

974 2740 1125 2796 etesiarum
1147 2756 1235 2814 quem
1258 2739 1390 2813 plurimis
1414 2740 1484 2795 locis
1498 2738 1614 2812 ignibus
1628 2742 1820 2803 concremata,

974 2830 1115 2886 solemnia
1127 2845 1192 2902 qum
1208 2830 1265 2885 [teo
1279 2828 1421 2885 debentur
1434 2828 1469 2883 de
1484 2827 1608 2899 propriis
1621 2826 1690 2883 locis
1704 2825 1822 2881 desiisse

974 2919 1124 2989 sacrificia,
1147 2921 1324 2973 sacramenta
1343 2916 1439 2972 divina
1463 2917 1508 2971 vel
1531 2932 1589 2971 non
1612 2915 1703 2986 quari
1727 2917 1747 2982 ¹,
1778 2914 1821 2969 vel

975 3007 1117 3081 querenti
1131 3005 1181 3080 qui
1192 3005 1287 3062 nadal
1300 3021 1356 3061 non
1372 3005 1454 3061 facile
1466 3004 1599 3076 reperiri;
1612 3004 1641 3058 in
1658 3004 1732 3077 ipsas
1745 3019 1825 3058 mon·

975 3099 1048 3154 tium
1063 3096 1146 3152 silvas
1160 3100 1189 3152 et
1202 3111 1337 3152 cavernas
1349 3077 1496 3168 petrarum
1511 3099 1540 3151 ot
1558 3094 1708 3167 speluncas
1726 3091 1827 3148 coniu-

975 3187 1095 3258 gientes,
1120 3187 1165 3241 vel
1191 3185 1228 3242 ad
1251 3201 1378 3259 quasque
1394 3184 1577 3251 munitiones,
1592 3184 1664 3239 alios
1678 3183 1764 3239 luisse
1778 3197 1826 3236 ex·

974 3279 1117 3347 pugnatas
1131 3279 1159 3330 et
1173 3274 1337 3330 interiectos
1352 3273 1374 3341 ⁸,
1389 3274 1461 3329 alios
1478 3273 1519 3329 ite
1535 3272 1701 3329 necessariis
1715 3274 1827 3328 susten·

975 3365 1076 3420 taculis
1085 3365 1213 3421 evolutos
1225 3369 1311 3436 atque
1321 3363 1457 3438 privatos,
1465 3363 1578 3418 ntiame
1586 3361 1825 3427 mnubsscersnn

976 3453 1109 3526 ipsosque
1124 3452 1312 3509 Eccleuarum
1325 3452 1495 3524 prepositos
1507 3456 1535 3506 et
1548 3451 1675 3518 clericos,
1689 3450 1741 3524 qui
1756 3449 1827 3504 lorte

978 3542 1029 3599 Dei
1041 3541 1181 3599 beneficio
1196 3542 1239 3596 rel
1252 3558 1301 3598 eos
1315 3557 1375 3596 non
1393 3540 1584 3607 incurrerant,
1609 3540 1654 3594 vel
1678 3539 1826 3594 incurren-

977 3636 1019 3686 tes
1033 3635 1191 3695 evaserant,
1206 3629 1290 3685 rebus
1303 3627 1436 3684 omnibus
1450 3627 1621 3698 exspoliatus
1636 3631 1723 3699 etque
1736 3620 1826 3680 nuda·

979 3726 1021 3777 tos
1031 3719 1230 3792 egentissimos
1241 3718 1414 3787 mendicare,
1424 3716 1526 3772 nereis
1537 3715 1671 3772 omnibus
1682 3714 1717 3771 ad
1728 3713 1827 3771 omnia

977 3808 1080 3882 quibus
1101 3807 1238 3864 fulciendi
1259 3812 1353 3863 essent
1366 3805 1512 3863 subreniri
1527 3822 1610 3878 posse
1625 3821 1632 3860 :
1647 3806 1694 3862 vix
1707 3808 1765 3861 tres
1779 3820 1826 3860 su·

977 3899 1108 3972 perstites
1126 3915 1159 3954 ex
1179 3896 1438 3953 innumerabilibus
1456 3895 1604 3962 Ecclesiae,
1619 3895 1674 3951 hoc
1692 3899 1744 3963 est,
1760 3895 1828 3950 Car·

977 3990 1189 4063 theginensem
1210 3987 1434 4059 Hipponensem,
1453 3990 1483 4042 et
1502 3985 1672 4052 Cirtensem,
1693 4001 1759 4058 quae
1778 3983 1829 4040 Ilei

979 4079 1118 4136 beneficio
1132 4078 1233 4134 excisae
1250 4092 1309 4133 non
1323 4081 1399 4144 sunt,
1419 4082 1449 4131 et
1461 4091 1559 4130 aarum
1576 4078 1747 4148 permanent
1760 4072 1828 4128 civi-

978 4174 1062 4237 tates,
1078 4173 1107 4224 et
1120 4168 1218 4224 divino
1240 4173 1269 4222 et
1281 4167 1410 4222 humano
1424 4165 1505 4221 tulta
1519 4163 1669 4236 praesidio;
1684 4162 1751 4217 licet
1764 4166 1831 4233 post

979 4259 1041 4330 ejus
1056 4255 1165 4312 obitum
1180 4256 1247 4309 urbs
1263 4252 1454 4325 Hipponensis
1467 4251 1569 4306 incolis
1584 4249 1717 4306 destituta
1732 4247 1768 4304 ab
1780 4248 1828 4303 ho·

979 4346 1069 4402 stibus
1082 4343 1170 4401 fuerit
1180 4348 1370 4400 concremata.
1387 4343 1420 4399 Et
1435 4357 1465 4397 se
1480 4340 1555 4395 inter
1568 4339 1630 4395 hmo
1645 4338 1721 4394 mala
1734 4337 1830 4409 cuins·

979 4435 1044 4492 dam
1060 4432 1196 4507 sapientis
1213 4431 1354 4488 sonantia
1371 4429 1583 4496 consolebatur,
1600 4426 1723 4484 dicentis
1741 4443 1749 4482 ι
1766 4427 1829 4483 Νοιι

980 4525 1161 4597 eritmegnus
1172 4517 1745 4594 magnnmputans,quodceduntlignaet
1756 4515 1830 4589 lapi·

980 4616 1040 4682 des,
1055 4619 1084 4669 et
1096 4612 1257 4669 moriuntur
1272 4607 1437 4666 mortales⁸.

1016 4705 1081 4758 llaec
1108 4717 1178 4772 ergo
1199 4699 1296 4756 omnia
1323 4698 1382 4764 ille,
1407 4701 1439 4752 nt
1463 4700 1524 4752 erat
1537 4696 1595 4753 alte
1610 4696 1734 4769 sepiens,
1760 4711 1832 4769 quo-

980 4792 1048 4849 tidie
1074 4790 1198 4846 ubertim
1217 4788 1380 4862 plangebat.
1404 4785 1591 4861 accrevitque
1616 4784 1788 4844 maeroribus
1802 4790 1831 4841 et

980 4878 1234 4935 lamentationibus
1243 4879 1315 4950 ejus,
1328 4876 1455 4933 utetiam
1465 4877 1557 4933 adbuc
1567 4876 1598 4933 in
1608 4893 1660 4933 suo
1674 4880 1830 4933 statucon-

1013 5097 1022 5132 ¹
1037 5094 1080 5146 Sic
1095 5092 1202 5158 aliquod
1212 5091 1303 5157 probra
1316 5094 1387 5142 nota
1399 5090 1461 5141 bles.
1473 5106 1480 5151 ;
1494 5093 1521 5140 at
1534 5089 1598 5140 editi
1608 5103 1614 5138 ι
1626 5085 1762 5139 solemma
1773 5097 1833 5145 aaa

981 5159 1033 5209 ltro
1044 5157 1172 5208 morerer
1181 5154 1215 5206 de
1257 5152 1343 5219 oprltr
1352 5154 1420 5206 loon
1431 5153 1550 5210 menne,
1561 5145 1694 5213 caenida
1703 5149 1729 5196 et
1738 5159 1831 5199 sarro-

981 5222 1073 5271 meto
1086 5219 1218 5270 alatrum
1238 5220 1384 5281 nonqamt,
1394 5219 1445 5266 eto.
1456 5240 1487 5253 -
1496 5214 1600 5266 Salinas
1610 5227 1617 5262 :
1627 5211 1765 5263 solemnia
1774 5222 1832 5275 qna

984 5287 1038 5334 veo
1049 5281 1180 5332 debentur
1191 5280 1224 5332 de
1253 5279 1349 5345 roprtte
1356 5279 1418 5330 torte
1427 5277 1544 5336 deatum,
1555 5271 1689 5339 sacrificta
1698 5284 1731 5324 ac
1741 5285 1834 5325 sacra-

981 5346 1074 5396 menta
1084 5344 1179 5396 uerna
1195 5293 1304 5395 vernon
1317 5341 1408 5408 quari,
1419 5345 1484 5414 Ισιω
1495 5339 1597 5404 adjecta
1609 5338 1658 5386 hec
1669 5334 1763 5386 notula
1776 5350 1783 5387 :
1795 5336 1833 5388 eie

983 5408 1046 5459 ιον.
1061 5406 1161 5471 legunt,
1171 5410 1198 5458 et
1214 5408 1294 5464 recte,
1306 5403 1533 5456 consentientibus
1550 5402 1612 5451 bles.
1641 5399 1677 5450 bt.

1012 5471 1023 5506 ¹
1037 5469 1100 5520 'l'ree
1118 5468 1180 5519 iles.
1197 5484 1204 5519 ε
1221 5470 1256 5519 et
1269 5470 1534 5533 mterceptasmtqne
1545 5461 1643 5514 existis
1654 5474 1726 5513 unns
1740 5474 1831 5527 prose-

982 5533 1027 5634 (μίἰ
1029 5536 1101 5644 ¹331*-
1110 5530 1263 5645 {iiiiii
1270 5529 1558 5651 ’ἷθῗῖιῗῖἓῗὶιιῖῗὶικιι
1567 5587 1748 5654 maaser
1760 5586 1835 5652 moa

982 5659 1009 5711 et
1024 5656 1140 5722 lapsare,
1155 5659 1183 5708 et
1194 5657 1351 5708 coartantur
1361 5649 1501 5703 mortales.
