3884 6112
706 202 814 262 LIBER
832 203 1009 273 QUARTUS.
1683 216 1736 273 tit

71 317 228 376 au'nostris
237 321 343 377 actibus
354 322 595 392 etcopitutioaibue
610 326 771 382 suuoirtute
785 342 830 382 aa·
885 329 1009 402 deniqne
1024 329 1176 399 medelam,
1196 331 1265 386 citra
1276 331 1453 403 judiciorum
1463 332 1621 390 forensium
1636 336 1737 392 serari·

81 410 160 466 nobb
183 412 344 482 multiplicat
356 412 446 482 {idem
459 413 588 481 pabeam
606 419 728 482 mentem
745 418 830 486 spiri-
883 421 983 486 tatem,
998 435 1051 491 pro
1064 419 1139 475 virili
1153 424 1233 493 parte
1243 421 1423 492 procurabat.
1443 421 1580 488 Quocirca
1589 424 1736 497 continge·

71 501 388 570 mpitutioaesconcedut,
400 506 425 557 et
437 502 474 557 ud
485 502 677 559 beatitudinem
687 519 830 577 suumper-
883 507 931 563 bet
944 508 1108 581 aliquando,
1120 513 1154 564 nt
1163 510 1267 582 quihus
1282 513 1350 565 neta
1364 513 1446 565 erant
1460 509 1510 566 illa
1524 511 1654 580 erimina,
1670 528 1737 568 con·

79 603 130 660 per
148 592 239 645 iesum
258 590 396 648 Christum
408 592 509 647 Filium
523 591 595 662 ejus.
614 594 709 649 Amen.
732 595 827 662 (Sarna
883 600 1073 668 quererentur
1086 597 1164 671 qued
1178 598 1227 653 illa
1241 614 1299 653 nen
1315 603 1458 672 argueret,
1470 615 1536 655 cum
1549 599 1656 656 scilicet
1668 617 1736 658 cum

93 679 146 746 10;
170 678 256 735 Sam.
283 682 344 744 les,
368 696 396 736 n.
417 682 449 748 4;
471 681 558 739 Serm.
577 684 682 750 1800.
706 686 753 752 153
767 690 829 755 post
882 690 932 741 aut
952 686 1114 758 prudentiae
1139 687 1201 759 lege
1216 687 1351 755 cohiberi,
1367 693 1417 744 aut
1430 705 1490 744 non
1510 705 1624 761 semper
1637 688 1737 745 omnia

85 766 118 822 iu
129 767 204 824 Paul.
219 783 261 836 cn,
275 767 335 840 etc).
883 773 953 831 scire
967 775 1087 831 minime
1097 776 1278 831 attenderent
1288 776 1382 848 (sam.
1395 779 1440 846 81,
1450 794 1471 834 0.
1482 782 1498 834 7
1511 781 1620 845 ethan.
1631 777 1733 847 10,11).

303 857 416 914 CAPUT
434 858 494 914 Vll.
917 866 942 919 3.
968 864 992 919 Α
1014 863 1241 919 Christianorum
1262 863 1403 935 flagitiose
1424 866 1581 921 virentium
1603 867 1735 923 convictu

71 944 140 1001 titur
154 946 184 1000 in
200 945 280 1000 uitia.
296 945 313 1000 2
327 946 395 1017 Ejus
409 947 439 1002 in
453 948 632 1017 corripiendis
651 949 826 1019 peccantibus
880 952 1052 1024 quandoque
1066 952 1235 1021 abstinebat,
1257 957 1290 1008 nt
1310 969 1359 1008 eos
1372 959 1402 1011 et
1415 954 1525 1026 pudore
1540 956 1732 1024 suffunderet,

71 1032 151 1090 butio
171 1039 198 1090 ct
218 1035 349 1091 ebaritas.
371 1035 425 1091 31
440 1038 639 1106 stepitieserum
653 1038 826 1095 0101011000-
878 1045 907 1096 01
920 1040 955 1096 ad
969 1041 1118 1097 meliorem
1133 1041 1246 1113 irngem
1260 1042 1313 1098 hac
1326 1042 1438 1097 ratione
1453 1047 1609 1100 revocarat.
1626 1045 1733 1102 Conri-

75 1124 169 1192 nupis
193 1138 276 1193 quum
292 1124 326 1179 ub
340 1125 517 1181 Etbuicorum
531 1127 654 1182 conuictu
668 1143 723 1183 sese
738 1128 826 1184 obsti·
880 1144 945 1185 rere
960 1130 1069 1186 solebat
1081 1129 1178 1202 potius
1190 1146 1256 1185 cum
1270 1130 1395 1186 Ethnicis
1405 1136 1434 1187 at
1443 1131 1551 1204 impiis,
1563 1149 1651 1205 quam
1666 1150 1732 1190 cum

71 1211 90 1268 b
104 1211 146 1269 Ob
160 1211 279 1283 alicujus
290 1217 431 1283 peceatum
445 1217 530 1269 totam
543 1215 602 1285 ejus
615 1217 753 1284 familiam
773 1233 826 1272 ea·
880 1217 1032 1274 Catholicis
1046 1217 1203 1288 sceleratis3
1220 1217 1251 1273 in
1266 1235 1324 1290 quo
1339 1235 1450 1276 merem
1465 1221 1583 1292 gerebat
1596 1223 1731 1294 Apostolo

71 1301 198 1357 amicare·
220 1316 274 1356 aab
286 1301 394 1372 probat.
415 1304 667 1360 tillutbemuticum
681 1304 825 1375 quemdam
878 1307 991 1377 (Ebura.
1015 1309 1044 1362 iu
1063 1307 1136 1364 Paul.
1163 1320 1189 1374 c,
1209 1323 1238 1362 a.
1254 1306 1293 1379 8).
1320 1308 1650 1366 Excommnnieationem
1664 1326 1731 1368 vcro

71 1391 239 1447 muntium
255 1406 397 1446 nummum
419 1394 526 1463 recipit.
552 1396 568 1449 6
593 1393 776 1464 Lampadium
795 1397 826 1451 ia
878 1397 907 1451 10
920 1394 1088 1452 criminibus
1101 1411 1165 1451 eam
1179 1395 1357 1469 exigentibus
1368 1397 1531 1466 adhibebat,
1547 1405 1689 1472 quantum
1700 1399 1732 1457 id

71 1480 149 1537 ane
165 1479 199 1535 de
212 1484 348 1536 astrorum
359 1482 419 1548 suto
433 1482 575 1538 barentum
589 1484 689 1539 audit.
878 1501 933 1556 pax
948 1484 1079 1541 Ecclesia
1102 1484 1219 1552 sineret,
1243 1491 1272 1540 et
1286 1486 1346 1558 ipse
1360 1487 1557 1558 peccatoribus
1571 1486 1641 1544 utile
1655 1488 1731 1545 arbi·

71 1568 136 1627 noe
156 1569 192 1625 ad
213 1569 366 1638 luxuriam,
391 1570 559 1627 ebrietatem
583 1576 611 1628 et
625 1573 823 1645 juramentum
877 1577 1015 1630 traretur.
1036 1575 1107 1630 Nam
1121 1573 1260 1640 ebriosos,
1272 1574 1396 1647 exempli
1409 1592 1503 1643 causa,
1519 1576 1678 1649 quomagis
1692 1575 1732 1633 ri·

71 1672 103 1713 es
130 1657 218 1714 iniisse
243 1658 405 1715 observant.
429 1659 609 1733 Quapropter
632 1660 820 1734 Augustinus,
878 1661 950 1716 tium
972 1661 1044 1717 illud
1069 1678 1222 1718 commune
1237 1668 1265 1719 et
1279 1667 1465 1736 pervagatum
1480 1670 1549 1729 eret,
1567 1680 1600 1720 eo
1623 1664 1730 1736 minus,

71 1746 199 1814 'asadia
220 1747 367 1803 laborabat
390 1748 420 1804 in
441 1749 555 1821 primis,
578 1754 611 1805 ut
629 1750 758 1806 inolitam
772 1750 822 1822 ju·
878 1751 994 1806 meritos
1007 1750 1084 1822 licet,
1101 1752 1283 1808 anathemate
1298 1751 1394 1821 sarire,
1405 1756 1434 1809 et
1449 1753 1484 1810 de
1500 1753 1624 1810 Ecclesia
1637 1755 1729 1827 proji-

71 1836 306 1893 eonsuetudinem
330 1853 346 1892 e
368 1839 477 1910 populo
500 1854 552 1894 suo
575 1839 689 1912 penitus
710 1840 823 1895 tolleret
877 1855 940 1895 cere
956 1838 1088 1896 audebat.
1114 1841 1186 1895 Nam
1207 1857 1273 1896 cum
1295 1841 1338 1896 illi
1356 1840 1485 1896 criminis
1500 1841 1545 1896 sui
1560 1842 1729 1914 grauitatem

71 1926 124 1996 ius,
135 1928 165 1982 iu
182 1928 243 1983 Vita
261 1928 391 1997 depost,
407 1945 431 1983 0.
446 1929 501 1998 ts).
517 1930 633 1985 Exstant
648 1928 743 2001 reipsa
761 1944 818 1984 ser·
876 1928 1017 1984 nonsatis
1031 1933 1229 2001 agnoscerent,
1250 1929 1369 1985 timebat
1389 1945 1426 1985 00
1450 1929 1511 2003 ipso
1537 1930 1728 1985 10010εεί0110-

79 2014 197 2087 0110001
218 2015 253 2070 ab
276 2014 338 2086 ipso
361 2015 393 2071 in
411 2017 473 2072 heac
485 2016 556 2073 sitia
569 2017 670 2074 habiti.
688 2019 727 2073 Ea
741 2017 775 2072 de
790 2033 821 2073 re
875 2018 949 2088 gello
964 2017 1076 2090 pejores
1090 2018 1200 2087 tierent,
1216 2017 1267 2091 qui
1284 2019 1472 2076 caederentur.
1487 2019 1666 2092 Quapropter
1680 2034 1727 2074 so-

71 2104 154 2158 heere
179 2119 293 2175 semper
314 2104 474 2173 distulerat,
498 2105 606 2162 neritus
627 2123 663 2161 ne
677 2105 821 2161 monendo
876 2107 910 2161 lis
924 2105 1027 2179 saepius
1042 2106 1135 2162 verbis
1148 2123 1197 2163 eos
1207 2107 1379 2179 corripiebat
1392 2109 1486 2180 (Serae.
1505 2110 1548 2175 17,
1563 2123 1587 2163 0.
1604 2110 1630 2173 3,
1645 2124 1674 2163 0.
1686 2107 1725 2178 3).

71 2206 109 2247 us
128 2208 197 2247 suus
221 2192 400 2248 nocentiores
419 2194 526 2251 iecerat
549 2211 555 2251 :
583 2194 632 2251 sed
651 2194 768 2251 tandem
784 2194 820 2250 ti·
875 2196 999 2266 ldaritos,
1015 2196 1065 2269 qui
1086 2195 1144 2252 suis
1158 2195 1292 2252 uxoribus
1304 2196 1392 2251 tidem
1405 2212 1462 2251 nen
1477 2195 1639 2266 servabant,
1654 2212 1726 2267 quo·

71 2296 110 2339 ne
123 2281 259 2338 mandato
274 2282 335 2353 ipse
359 2300 419 2339 uon
440 2289 563 2355 pareret,
584 2284 664 2356 quod
678 2282 733 2339 sibi
753 2299 819 2338 cum
876 2285 942 2340 dam
954 2300 1086 2340 sermone
1096 2285 1281 2357 compellans,
1300 2286 1325 2341 A
1341 2287 1533 2353 communione,
1549 2284 1598 2354 ait,
1613 2300 1641 2341 ee
1654 2286 1726 2342 cobi-

80 2370 210 2443 Epistela
230 2371 384 2442 legeretur,
406 2372 503 2428 divine
532 2373 629 2428 aillatu
656 2373 818 2445 injunctum
874 2375 963 2442 beant,
979 2376 1129 2445 quisciuat
1144 2376 1556 2445 quiaaoeipeceutuipsoram3
1570 2374 1724 2431 undecun-

71 2458 363 2531 srhitrabatnrlsmm.
379 2463 439 2529 180,
456 2477 479 2518 0.
491 2465 533 2529 tt,
544 2477 572 2517 a.
589 2462 642 2533 11).
658 2460 818 2518 inebrieta—
873 2464 946 2519 cellis
957 2464 1248 2535 pmjieioaturtserm.
1265 2466 1328 2532 392,
1342 2479 1364 2520 c.
1383 2469 1408 2532 5,
1419 2479 1447 2519 a.
1464 2464 1500 2536 ὅ).
1512 2463 1682 2536 Quanquam
1693 2463 1725 2520 in

71 2562 154 2621 oque
167 2546 273 2618 passim
289 2547 442 2604 invehitur.
462 2547 592 2605 Ebriosus
607 2549 761 2623 aliquando
772 2550 820 2606 ob·
872 2553 950 2608 hunc
963 2568 1135 2623 sermonem,
1151 2568 1238 2624 quem
1253 2551 1328 2607 inter
1340 2551 1443 2607 dubios
1453 2552 1722 2608 collocandumeen·

71 2652 128 2693 uus
145 2653 152 2692 :
169 2637 201 2694 Si
215 2652 268 2692 aera
282 2652 323 2691 me
336 2637 493 2707 audieritis,
509 2637 613 2710 inquit,
629 2643 654 2694 et
669 2644 758 2694 tumea
770 2655 817 2706 cpe
872 2641 992 2711 suimus,
1008 2642 1057 2697 illa
1074 2641 1216 2697 sententia
1238 2641 1365 2697 immissa
1383 2640 1473 2696 rideri
1487 2643 1591 2712 potest,
1607 2640 1723 2696 eumad

71 2739 154 2793 atero,
175 2727 295 2782 animam
312 2742 399 2782 100000
420 2727 548 2783 liberabo.
569 2728 622 2784 Sed
644 2729 704 2783 nolo
723 2729 817 2784 saluus
871 2730 940 2786 illud
956 2721 1102 2786 confertur
1116 2730 1194 2802 quod
1208 2728 1387 2801 Augustinus
1401 2728 1431 2783 in
1442 2744 1574 2785 sermone
1584 2731 1723 2785 10000010-

71 2814 279 2887 semetsemet.
299 2818 341 2883 tl,
357 2831 380 2870 c.
397 2818 463 2879 t‚n.
476 2816 513 2886 i).
527 2816 607 2882 Quod
623 2817 657 2871 ad
671 2816 815 2872 luxuriam
871 2820 943 2874 simo
962 2817 1201 2891 quinquagesimo
1223 2816 1317 2889 primo
1336 2817 1504 2889 prenuntiat
1520 2834 1527 2872 ε
1543 2819 1598 2876 Nes
1621 2834 1683 2874 aare
1704 2834 1722 2873 u

71 2946 76 2972 ,
101 2907 223 2959 00001οι
247 2904 277 2959 10
292 2904 392 2976 primis
407 2905 566 2972 estendere,
581 2904 699 2960 maritos
714 2905 813 2961 eadem
870 2910 1053 2964 commuuione
1061 2906 1205 2978 probibere
1223 2922 1384 2978 quanquam
1395 2921 1448 2961 non
1460 2905 1720 2978 0000000010ωο-

71 3008 92 3055 ,a
105 2993 245 3064 conjuges
256 3008 321 3048 suas
334 2992 484 3066 obstringi,
501 3007 589 3065 quam
603 2993 659 3065 ipsi
668 2994 704 3049 ab
712 2993 748 3048 iis
758 2992 819 3048 exi·
869 2997 910 3050 eis
922 2997 977 3050 bac
987 2996 1137 3067 probibitio
1150 2994 1269 3051 madum
1281 2992 1461 3062 sitmortalis,
1470 2994 1518 3051 sed
1527 2994 1718 3067 medicinalis),

71 3096 132 3139 rm.
148 3085 177 3152 9,
190 3098 214 3138 c.
227 3085 254 3152 9,
267 3098 314 3137 00.
328 3085 371 3150 11,
384 3085 417 3137 lt
427 3099 433 3151 ;
445 3082 530 3139 Sum.
544 3084 606 3150 391,
617 3097 640 3137 0.
654 3085 680 3150 5,
693 3097 720 3137 a.
733 3082 770 3153 5).
783 3083 815 3138 ln
869 3086 925 3140 taisi
942 3088 992 3140 aut
1004 3090 1098 3156 sponte
1121 3087 1281 3153 consessum,
1297 3088 1346 3140 ont
1363 3086 1392 3139 in
1411 3085 1504 3154 atiquo
1516 3086 1574 3140 siva
1584 3085 1718 3152 secutori,

73 3185 171 3226 manre
184 3172 262 3243 leges
281 3170 317 3225 ab
340 3169 511 3243 evangelicis
532 3169 693 3242 plurimum
707 3171 815 3227 disere·
868 3176 925 3228 sive
947 3175 1123 3230 ecclesiastico
1146 3174 1251 3244 judicio
1275 3175 1445 3229 nominatum
1467 3176 1549 3244 utque
1570 3175 1720 3229 convictum

71 3304 73 3314 .
89 3259 173 3317 Unde
197 3259 378 3331 confingebat
391 3276 491 3316 omnes
505 3260 715 3333 propemodum
738 3259 814 3316 viros
870 3263 962 3333 (Serm.
972 3265 1035 3333 351,
1045 3280 1068 3318 0.
1079 3265 1108 3333 1,
1119 3278 1146 3318 a.
1159 3263 1210 3333 10).
1218 3261 1352 3327 Quemvis
1363 3262 1400 3318 ob
1410 3261 1603 3335 quorumdam
1612 3260 1717 3317 100100·

71 3348 201 3422 :prolabi
216 3365 331 3405 morum
346 3350 547 3421 corruptelam,
567 3366 633 3421 ques
654 3353 752 3405 mmen
776 3349 810 3406 si·
867 3348 1717 3422 raadrersnsEcclesiamimmaniterperpetratagravissime

71 3436 217 3512 tegebatan
242 3439 456 3510 tenebaturque.
472 3440 510 3494 At
523 3438 625 3494 maluit
637 3438 813 3511 Augustinus
867 3439 1021 3511 aliqnando
1036 3445 1277 3510 commoreretur;
1301 3455 1452 3511 0000000
1471 3442 1569 3493 tamen
1583 3454 1630 3494 eos
1651 3454 1717 3495 cum

71 3542 106 3584 an
120 3526 812 3599 0001000010,00010000010000001001001-
867 3532 925 3583 teta
949 3527 1058 3584 familia
1077 3529 1258 3584 anathemate
1279 3531 1428 3599 percutere
1452 3543 1538 3582 ansus
1553 3529 1595 3581 est
1614 3543 1621 3581 :
1651 3542 1716 3582 cnm

71 3614 119 3672 liis
131 3632 163 3672 se
178 3616 311 3688 objicere,
327 3632 414 3688 quam
429 3616 460 3671 in
475 3615 661 3672 dissimulata
674 3615 810 3686 raritatis,
866 3633 923 3690 qna
937 3616 1048 3673 ratione
1069 3621 1165 3690 posset
1186 3618 1216 3673 id
1239 3621 1315 3672 recte
1329 3615 1464 3671 horinon
1484 3614 1635 3683 inveniret,
1650 3614 1718 3671 licet

71 3705 179 3779 mperie
195 3705 275 3778 loqui
285 3704 449 3777 jubebatur,
461 3704 569 3760 emman
578 3705 732 3761 incurrere.
743 3707 809 3773 lloe,
866 3707 920 3762 hec
932 3706 967 3762 ab
982 3706 1045 3762 aliis
1060 3705 1178 3762 forsitan
1192 3708 1379 3778 usurparetur
1392 3704 1492 3777 (Epist.
1506 3707 1569 3773 250,
1583 3720 1613 3760 a.
1633 3705 1670 3775 2).

75 3798 121 3851 eat
142 3795 321 3868 precipuum
340 3799 544 3867 argumentum
558 3794 709 3864 sermonis,
724 3811 810 3868 qnam
900 3799 927 3852 4.
944 3797 1015 3852 eum
1028 3795 1173 3864 nonnulli,
1188 3794 1238 3868 qui
1252 3793 1495 3867 perEvangelinm
1507 3794 1715 3867 pejeraverunt,

71 3898 106 3940 un
130 3884 246 3941 Gbordis
269 3884 420 3955 inscripsit,
445 3888 599 3955 propterca
619 3884 698 3956 quod
713 3884 810 3940 decem
865 3884 896 3940 ia
910 3884 1058 3941 eeclesiam
1072 3882 1276 3958 confugissent,
1301 3889 1334 3941 ut
1346 3884 1459 3940 violate
1470 3883 1538 3940 tidei
1550 3882 1715 3957 perfugium

71 3971 169 4040 ndata,
186 3989 251 4045 qrroe
265 3973 294 4029 in
309 3973 362 4028 hec
381 3989 513 4028 sermone
532 3972 659 4045 exponit,
682 3988 747 4028 cum
762 3973 811 4029 de·
864 3975 895 4030 in
908 3974 970 4048 ipsa
985 3974 1147 4031 fideidemo
1169 3974 1363 4047 requirerent3
1386 3972 1568 4050 magistratus
1584 3972 1716 4029 christia·

71 4059 99 4119 le
113 4061 262 4133 psalterio,
282 4066 315 4118 ut
331 4062 476 4133 Scriptura
494 4061 632 4134 loquitur,
648 4068 806 4134 comparat.
865 4081 919 4119 nus
932 4063 1025 4119 tidelis
1039 4063 1222 4136 (classiciano
1240 4078 1348 4119 nomen
1362 4066 1431 4129 erat)
1445 4078 1498 4134 pro
1510 4061 1651 4135 dignitate
1664 4078 1716 4117 sna

71 4166 135 4225 ges,
151 4168 222 4225 quas
240 4152 390 4224 Apostolus
408 4151 558 4207 Timotheo
577 4152 745 4209 adverbum
760 4154 811 4209 llei
864 4152 1015 4209 comitatus
1033 4153 1064 4208 in
1091 4152 1240 4208 ecclesiam
1266 4152 1354 4222 venit,
1376 4155 1493 4208 acturus
1513 4167 1579 4207 cum
1600 4149 1714 4207 Auxilio

71 4240 171 4297 10ᾶοιο
196 4240 367 4311 praescribit,
396 4245 526 4295 sceterata
551 4241 694 4309 serrabat;
723 4246 752 4297 et
778 4247 811 4298 ut
865 4241 1023 4297 dioecesano
1037 4242 1182 4315 episeopo,
1193 4258 1230 4296 ne
1245 4241 1398 4311 centrajns
1408 4257 1491 4296 sunm
1506 4238 1583 4294 hisce
1592 4237 1715 4312 perjuris

87 4332 201 4387 metum
223 4329 364 4401 injiceret,
389 4329 501 4400 publice
524 4334 673 4401 peccantes
696 4329 809 4401 publico
864 4317 1166 4404 fureret.AEquaasane
1178 4331 1352 4403 postulabat.
1368 4327 1560 4384 Nihilominus
1573 4327 1715 4399 busilias,

71 4419 489 4489 inentimebat(l³essidius,iu
502 4419 707 4488 Viturtapust,
718 4435 740 4474 c.
756 4420 808 4490 19).
864 4420 995 4492 quicum
1017 4419 1109 4476 adhuc
1129 4424 1203 4476 essct
1226 4419 1456 4486 catechumenus,
1481 4414 1650 4472 classiciano
1664 4415 1715 4472 be·

71 4506 222 4564 sudabatm
245 4507 280 4563 ab
299 4507 447 4576 omnibus;
472 4508 519 4562 sed
540 4525 570 4562 se
593 4506 653 4578 ipse
676 4506 810 4580 privatim
864 4507 1025 4564 nesolentia
1058 4509 1227 4581 conjunctus
1252 4509 1356 4576 iuerat,
1382 4521 1471 4580 nsque
1499 4504 1571 4561 adeo
1596 4503 1716 4562 indulsit

71 4595 185 4671 gerebat.
201 4597 287 4651 Erant
301 4600 397 4651 tamen
411 4595 480 4651 sitia
493 4594 533 4651 sic
544 4595 658 4662 usitata,
675 4600 706 4651 ut
718 4612 809 4668 quan·
863 4598 1030 4669 iracundia,
1053 4602 1085 4654 nt
1106 4602 1172 4672 post
1196 4597 1337 4669 exscripta
1358 4595 1401 4652 rei
1419 4598 1506 4666 gesta
1521 4596 1593 4662 ecta,
1610 4592 1713 4649 Classi-

78 4685 197 4761 pablica
211 4686 313 4754 terent,
336 4702 371 4764 ea
391 4685 436 4740 rix
460 4687 536 4741 lente
551 4685 720 4741 etarridens
734 4685 809 4740 inse·
864 4687 978 4743 ciannm
1002 4703 1069 4744 cum
1090 4691 1151 4744 tota
1170 4687 1255 4743 domo
1274 4701 1325 4741 sua
1340 4685 1520 4740 anathemate
1532 4681 1713 4756 percusserit.

71 4796 74 4824 ε
83 4774 242 4849 prohibere
252 4775 382 4842 auderet,
397 4791 433 4830 ne
446 4779 594 4847 peccantes
608 4775 645 4831 ad
658 4773 732 4830 iram
745 4790 810 4846 pro·
864 4777 1057 4834 Contendebat
1083 4778 1161 4835 haud
1184 4776 1269 4833 dubie
1295 4791 1406 4831 sacrum
1425 4772 1552 4830 ecclcsiae
1574 4774 1684 4846 asylum
1698 4789 1716 4830 a

71 4863 190 4936 ,etipse
200 4869 319 4920 novator
331 4864 486 4920 haberetur
496 4864 593 4936 (Sum.
607 4868 650 4934 17,
663 4879 686 4920 0.
699 4867 725 4930 3,
736 4880 765 4919 a.
777 4868 808 4931 3;
864 4865 1033 4923 classiciano
1043 4865 1130 4922 fuisse
1141 4865 1288 4933 violatum,
1299 4867 1328 4919 et
1338 4879 1403 4920 reos
1414 4862 1481 4919 inde
1495 4879 1547 4935 per
1560 4862 1618 4918 nim
1627 4862 1714 4918 inisse

71 4951 333 5025 000100οροο,
349 4970 378 5010 a.
399 4953 455 5025 35).
472 4954 587 5010 Occulta
602 4970 668 5009 nero
683 4957 808 5026 peccate,
865 4954 1011 5011 abductos.
1026 4955 1130 5009 Verum
1146 4952 1335 5009 Classicianns
1347 4951 1382 5008 de
1392 4953 1446 5008 hac
1460 4950 1567 5023 injuria
1580 4949 1715 5024 perlitte-

71 5057 78 5099 ι
95 5057 166 5100 eum
182 5042 281 5114 grania
300 5058 396 5098 secum
415 5042 606 5114 importarent
618 5041 808 5111 incommoda,
863 5042 996 5116 rasapud
1006 5041 1198 5115 augustinum
1211 5045 1428 5115 conquesturus,
1439 5044 1558 5096 testatus
1568 5041 1714 5095 estsontes

78 5130 238 5188 homicidia
260 5136 290 5186 et
307 5131 457 5200 adulteria,
478 5130 601 5186 charitas
616 5146 683 5186 eum
697 5130 809 5202 publice
864 5133 977 5189 sceleris
990 5131 1033 5188 sui
1048 5131 1224 5187 conscientia
1242 5147 1367 5203 presses,
1390 5130 1461 5187 citra
1475 5129 1533 5186 rim
1548 5145 1582 5184 ex
1596 5125 1715 5184 ccclesia

83 5236 145 5277 non
160 5221 281 5275 sinebat.
297 5221 393 5292 ltaque
404 5225 500 5276 tamen
515 5236 549 5274 ea
561 5220 733 5293 negligebat.
751 5221 809 5275 lln·
864 5227 965 5294 sponte
978 5237 1029 5278 sua
1042 5221 1128 5277 tuisse
1146 5220 1297 5294 digressos.
1312 5220 1427 5278 invenis
1447 5219 1540 5275 adhuc
1554 5219 1615 5272 erat
1627 5213 1714 5271 Auxi-

71 5309 80 5367 1
101 5310 259 5366 sceleribus
278 5309 428 5365 obstrictos
444 5308 561 5364 remotis
580 5309 693 5365 arbitris
708 5309 807 5365 admo·
864 5311 1072 5374 lius‚etannum
1087 5310 1117 5365 in
1134 5310 1287 5383 episcopali
1298 5325 1417 5366 munere
1430 5306 1554 5364 necdum
1569 5306 1712 5375 exegerat:

71 5416 153 5458 mum
174 5399 265 5454 oculis
279 5398 367 5455 divini
378 5398 480 5470 judicii
495 5397 572 5454 diem
587 5398 764 5471 subjiciebat,
781 5403 810 5455 et
863 5399 1038 5472 Augustinus
1053 5404 1149 5455 autem
1164 5399 1277 5472 101)οω
1296 5413 1439 5455 annornm
1454 5395 1604 5468 episcopus
1614 5408 1714 5448 senue-

75 5489 136 5547 illis
150 5489 265 5544 incusso
279 5487 478 5560 penitentiam
489 5488 689 5559 persuadebat.
706 5489 809 5544 Eurum
864 5493 918 5544 rat.
933 5486 1051 5559 Scripsit
1065 5491 1161 5544 menen
1185 5489 1220 5544 ad
1239 5488 1396 5556 Auxilium,
1412 5484 1436 5541 si
1450 5499 1509 5556 qua
1534 5484 1581 5539 illa
1603 5479 1714 5539 ratione
