<?xml version="1.0" encoding="UTF-8"?>
<!DOCTYPE html PUBLIC "-//W3C//DTD XHTML 1.0 Transitional//EN"
    "http://www.w3.org/TR/xhtml1/DTD/xhtml1-transitional.dtd">
<html xmlns="http://www.w3.org/1999/xhtml" xml:lang="en" lang="en">
 <head>
  <title>
</title>
<meta http-equiv="Content-Type" content="text/html;charset=utf-8" />
  <meta name='ocr-system' content='tesseract 3.04.00' />
  <meta name='ocr-capabilities' content='ocr_page ocr_carea ocr_par ocr_line ocrx_word'/>
</head>
<body>
  <div class='ocr_page' id='page_1' title='image "./patrologiaecurs02migngoog_0505.png"; bbox 0 0 3884 6112; ppageno 0'>
   <div class='ocr_carea' id='block_1_1' title="bbox 51 269 1815 330">
    <p class='ocr_par' dir='ltr' id='par_1_1' title="bbox 51 269 1815 330">
     <span class='ocr_line' id='line_1_1' title="bbox 51 269 1815 330; baseline 0 -1"><span class='ocrx_word' id='word_1_1' title='bbox 51 277 109 330; x_wconf 76' lang='lat'><strong>965</strong></span> <span class='ocrx_word' id='word_1_2' title='bbox 821 271 928 327; x_wconf 84' lang='lat' dir='ltr'>LIBER</span> <span class='ocrx_word' id='word_1_3' title='bbox 947 269 1052 327; x_wconf 87' lang='lat' dir='ltr'><strong>UNUS.</strong></span> <span class='ocrx_word' id='word_1_4' title='bbox 1764 278 1815 330; x_wconf 80' lang='grc'><strong>966</strong></span> 
     </span>
    </p>
   </div>
   <div class='ocr_carea' id='block_1_2' title="bbox 50 391 1815 644">
    <p class='ocr_par' dir='ltr' id='par_1_2' title="bbox 50 391 1815 644">
     <span class='ocr_line' id='line_1_2' title="bbox 50 391 1812 465; baseline 0.002 -17"><span class='ocrx_word' id='word_1_5' title='bbox 50 395 86 448; x_wconf 91' lang='lat' dir='ltr'><strong>ln</strong></span> <span class='ocrx_word' id='word_1_6' title='bbox 107 393 211 465; x_wconf 89' lang='lat' dir='ltr'><strong>quibus</strong></span> <span class='ocrx_word' id='word_1_7' title='bbox 229 392 323 446; x_wconf 88' lang='lat' dir='ltr'><strong>verbis</strong></span> <span class='ocrx_word' id='word_1_8' title='bbox 352 391 400 445; x_wconf 88' lang='lat' dir='ltr'><strong>illa</strong></span> <span class='ocrx_word' id='word_1_9' title='bbox 428 391 468 445; x_wconf 92' lang='lat' dir='ltr'><strong>sic</strong></span> <span class='ocrx_word' id='word_1_10' title='bbox 498 392 683 460; x_wconf 77' lang='lat' dir='ltr'><strong>exclamabat,</strong></span> <span class='ocrx_word' id='word_1_11' title='bbox 709 397 742 448; x_wconf 91' lang='lat' dir='ltr'><strong>ut</strong></span> <span class='ocrx_word' id='word_1_12' title='bbox 757 392 838 449; x_wconf 83' lang='lat' dir='ltr'><strong>obliti</strong></span> <span class='ocrx_word' id='word_1_13' title='bbox 853 409 904 465; x_wconf 91' lang='lat' dir='ltr'><strong>pe·</strong></span> <span class='ocrx_word' id='word_1_14' title='bbox 965 394 1056 448; x_wconf 88' lang='lat' dir='ltr'><strong>Deum</strong></span> <span class='ocrx_word' id='word_1_15' title='bbox 1073 392 1169 458; x_wconf 89' lang='lat' dir='ltr'><strong>habet,</strong></span> <span class='ocrx_word' id='word_1_16' title='bbox 1182 391 1287 463; x_wconf 90' lang='lat' dir='ltr'><strong>inquit,</strong></span> <span class='ocrx_word' id='word_1_17' title='bbox 1301 392 1351 463; x_wconf 93' lang='lat' dir='ltr'><strong>qui</strong></span> <span class='ocrx_word' id='word_1_18' title='bbox 1365 391 1432 447; x_wconf 87' lang='lat' dir='ltr'><strong>facit</strong></span> <span class='ocrx_word' id='word_1_19' title='bbox 1445 409 1510 464; x_wconf 86' lang='lat' dir='ltr'><strong>quae</strong></span> <span class='ocrx_word' id='word_1_20' title='bbox 1524 394 1598 449; x_wconf 88' lang='lat' dir='ltr'><strong>Deus</strong></span> <span class='ocrx_word' id='word_1_21' title='bbox 1614 396 1675 450; x_wconf 90' lang='lat' dir='ltr'><strong>vult</strong></span> <span class='ocrx_word' id='word_1_22' title='bbox 1689 395 1763 453; x_wconf 88' lang='lat' dir='ltr'><strong>fieri.</strong></span> <span class='ocrx_word' id='word_1_23' title='bbox 1779 397 1812 452; x_wconf 93' lang='lat' dir='ltr'><strong>ln</strong></span> 
     </span>
     <span class='ocr_line' id='line_1_3' title="bbox 51 480 1813 553; baseline 0.002 -17"><span class='ocrx_word' id='word_1_24' title='bbox 51 482 133 537; x_wconf 91' lang='lat' dir='ltr'><strong>nitus</strong></span> <span class='ocrx_word' id='word_1_25' title='bbox 149 497 231 536; x_wconf 82' lang='lat' dir='ltr'><strong>sexus</strong></span> <span class='ocrx_word' id='word_1_26' title='bbox 247 482 317 552; x_wconf 86' lang='lat' dir='ltr'><strong>ejus,</strong></span> <span class='ocrx_word' id='word_1_27' title='bbox 338 496 476 550; x_wconf 90' lang='lat' dir='ltr'><strong>maguum</strong></span> <span class='ocrx_word' id='word_1_28' title='bbox 501 481 627 553; x_wconf 89' lang='lat' dir='ltr'><strong>aliquem</strong></span> <span class='ocrx_word' id='word_1_29' title='bbox 641 482 736 537; x_wconf 89' lang='lat' dir='ltr'><strong>virum</strong></span> <span class='ocrx_word' id='word_1_30' title='bbox 760 482 908 537; x_wconf 90' lang='lat' dir='ltr'><strong>considere</strong></span> <span class='ocrx_word' id='word_1_31' title='bbox 962 481 1044 552; x_wconf 90' lang='lat' dir='ltr'><strong>cujus</strong></span> <span class='ocrx_word' id='word_1_32' title='bbox 1058 480 1228 536; x_wconf 89' lang='lat' dir='ltr'><strong>sententiam</strong></span> <span class='ocrx_word' id='word_1_33' title='bbox 1257 480 1433 536; x_wconf 78' lang='lat' dir='ltr'><strong>lastidianus</strong></span> <span class='ocrx_word' id='word_1_34' title='bbox 1449 484 1595 553; x_wconf 73' lang='lat' dir='ltr'><strong>coacessit.</strong></span> <span class='ocrx_word' id='word_1_35' title='bbox 1614 484 1689 539; x_wconf 89' lang='lat' dir='ltr'><strong>Puer</strong></span> <span class='ocrx_word' id='word_1_36' title='bbox 1713 487 1813 540; x_wconf 89' lang='lat' dir='ltr'><strong>autem</strong></span> 
     </span>
     <span class='ocr_line' id='line_1_4' title="bbox 51 568 1815 644; baseline 0.002 -20"><span class='ocrx_word' id='word_1_37' title='bbox 51 570 207 625; x_wconf 91' lang='lat' dir='ltr'><strong>nobiscum</strong></span> <span class='ocrx_word' id='word_1_38' title='bbox 222 569 601 637; x_wconf 87' lang='lat' dir='ltr'><strong>crederemus,meiuterim,</strong></span> <span class='ocrx_word' id='word_1_39' title='bbox 614 574 755 641; x_wconf 89' lang='lat' dir='ltr'><strong>quantum</strong></span> <span class='ocrx_word' id='word_1_40' title='bbox 767 574 908 640; x_wconf 91' lang='lat' dir='ltr'><strong>poteram,</strong></span> <span class='ocrx_word' id='word_1_41' title='bbox 964 569 1012 623; x_wconf 93' lang='lat' dir='ltr'><strong>ille</strong></span> <span class='ocrx_word' id='word_1_42' title='bbox 1026 569 1163 623; x_wconf 90' lang='lat' dir='ltr'><strong>minimus</strong></span> <span class='ocrx_word' id='word_1_43' title='bbox 1177 568 1324 625; x_wconf 87' lang='lat' dir='ltr'><strong>omniurn:</strong></span> <span class='ocrx_word' id='word_1_44' title='bbox 1338 568 1460 625; x_wconf 88' lang='lat' dir='ltr'><strong>lshabet</strong></span> <span class='ocrx_word' id='word_1_45' title='bbox 1474 571 1575 638; x_wconf 87' lang='lat' dir='ltr'><strong>ileum,</strong></span> <span class='ocrx_word' id='word_1_46' title='bbox 1585 571 1636 640; x_wconf 87' lang='lat' dir='ltr'><strong>ait,</strong></span> <span class='ocrx_word' id='word_1_47' title='bbox 1657 572 1707 643; x_wconf 90' lang='lat' dir='ltr'><strong>qui</strong></span> <span class='ocrx_word' id='word_1_48' title='bbox 1726 572 1815 644; x_wconf 90' lang='lat' dir='ltr'><strong>spiri-</strong></span> 
     </span>
    </p>
   </div>
   <div class='ocr_carea' id='block_1_3' title="bbox 51 657 1855 5512">
    <p class='ocr_par' dir='ltr' id='par_1_3' title="bbox 51 657 1855 5512">
     <span class='ocr_line' id='line_1_5' title="bbox 51 657 1815 730; baseline 0.001 -16"><span class='ocrx_word' id='word_1_49' title='bbox 51 658 235 730; x_wconf 91' lang='lat' dir='ltr'><strong>intelligente</strong></span> <span class='ocrx_word' id='word_1_50' title='bbox 251 674 284 712; x_wconf 83' lang='lat' dir='ltr'><strong>ex</strong></span> <span class='ocrx_word' id='word_1_51' title='bbox 300 673 356 729; x_wconf 93' lang='lat' dir='ltr'><strong>quo</strong></span> <span class='ocrx_word' id='word_1_52' title='bbox 371 657 430 722; x_wconf 87' lang='lat' dir='ltr'><strong>illa,</strong></span> <span class='ocrx_word' id='word_1_53' title='bbox 453 663 481 712; x_wconf 92' lang='lat' dir='ltr'><strong>et</strong></span> <span class='ocrx_word' id='word_1_54' title='bbox 498 674 584 728; x_wconf 88' lang='lat' dir='ltr'><strong>quarn</strong></span> <span class='ocrx_word' id='word_1_55' title='bbox 599 658 695 713; x_wconf 86' lang='lat' dir='ltr'><strong>divino</strong></span> <span class='ocrx_word' id='word_1_56' title='bbox 709 659 789 714; x_wconf 84' lang='lat' dir='ltr'><strong>fonte</strong></span> <span class='ocrx_word' id='word_1_57' title='bbox 808 674 909 713; x_wconf 89' lang='lat' dir='ltr'><strong>mana·</strong></span> <span class='ocrx_word' id='word_1_58' title='bbox 963 662 1025 713; x_wconf 89' lang='lat' dir='ltr'><strong>turn</strong></span> <span class='ocrx_word' id='word_1_59' title='bbox 1040 657 1223 712; x_wconf 90' lang='lat' dir='ltr'><strong>immundum</strong></span> <span class='ocrx_word' id='word_1_60' title='bbox 1237 673 1295 712; x_wconf 90' lang='lat' dir='ltr'><strong>non</strong></span> <span class='ocrx_word' id='word_1_61' title='bbox 1322 657 1417 712; x_wconf 89' lang='lat' dir='ltr'><strong>habet.</strong></span> <span class='ocrx_word' id='word_1_62' title='bbox 1435 659 1522 713; x_wconf 80' lang='lat' dir='ltr'><strong>Mater</strong></span> <span class='ocrx_word' id='word_1_63' title='bbox 1542 676 1609 714; x_wconf 91' lang='lat' dir='ltr'><strong>vero</strong></span> <span class='ocrx_word' id='word_1_64' title='bbox 1624 660 1732 727; x_wconf 89' lang='lat' dir='ltr'><strong>omnia,</strong></span> <span class='ocrx_word' id='word_1_65' title='bbox 1763 661 1815 716; x_wconf 91' lang='lat' dir='ltr'><strong>sed</strong></span> 
     </span>
     <span class='ocr_line' id='line_1_6' title="bbox 51 745 1816 818; baseline 0.001 -15"><span class='ocrx_word' id='word_1_66' title='bbox 51 751 130 804; x_wconf 89' lang='lat' dir='ltr'><strong>rent.</strong></span> <span class='ocrx_word' id='word_1_67' title='bbox 148 748 180 801; x_wconf 85' lang='lat' dir='ltr'><strong>Et</strong></span> <span class='ocrx_word' id='word_1_68' title='bbox 196 746 336 801; x_wconf 90' lang='lat' dir='ltr'><strong>Licentius</strong></span> <span class='ocrx_word' id='word_1_69' title='bbox 353 761 359 800; x_wconf 94' lang='lat'>:</span> <span class='ocrx_word' id='word_1_70' title='bbox 377 746 427 799; x_wconf 91' lang='lat' dir='ltr'><strong>sed</strong></span> <span class='ocrx_word' id='word_1_71' title='bbox 442 745 608 813; x_wconf 91' lang='lat' dir='ltr'><strong>dicendum,</strong></span> <span class='ocrx_word' id='word_1_72' title='bbox 623 745 727 817; x_wconf 91' lang='lat' dir='ltr'><strong>inquit,</strong></span> <span class='ocrx_word' id='word_1_73' title='bbox 745 746 798 801; x_wconf 92' lang='lat' dir='ltr'><strong>tibi</strong></span> <span class='ocrx_word' id='word_1_74' title='bbox 812 750 863 813; x_wconf 93' lang='lat' dir='ltr'><strong>est,</strong></span> <span class='ocrx_word' id='word_1_75' title='bbox 880 748 911 799; x_wconf 92' lang='lat' dir='ltr'><strong>ut</strong></span> <span class='ocrx_word' id='word_1_76' title='bbox 964 747 1018 801; x_wconf 93' lang='lat' dir='ltr'><strong>hoc</strong></span> <span class='ocrx_word' id='word_1_77' title='bbox 1028 746 1151 800; x_wconf 78' lang='lat' dir='ltr'><strong>maxime</strong></span> <span class='ocrx_word' id='word_1_78' title='bbox 1167 745 1342 818; x_wconf 83' lang='lat' dir='ltr'><strong>approbavit.</strong></span> <span class='ocrx_word' id='word_1_79' title='bbox 1361 745 1497 817; x_wconf 86' lang='lat' dir='ltr'><strong>Navigius</strong></span> <span class='ocrx_word' id='word_1_80' title='bbox 1510 747 1630 804; x_wconf 87' lang='lat' dir='ltr'><strong>tacebat.</strong></span> <span class='ocrx_word' id='word_1_81' title='bbox 1643 747 1735 812; x_wconf 85' lang='lat' dir='ltr'><strong>Quem</strong></span> <span class='ocrx_word' id='word_1_82' title='bbox 1749 765 1816 804; x_wconf 85' lang='lat' dir='ltr'><strong>curu</strong></span> 
     </span>
     <span class='ocr_line' id='line_1_7' title="bbox 52 834 1816 908; baseline 0 -16"><span class='ocrx_word' id='word_1_83' title='bbox 52 836 158 892; x_wconf 89' lang='lat' dir='ltr'><strong>beatus</strong></span> <span class='ocrx_word' id='word_1_84' title='bbox 172 835 208 889; x_wconf 90' lang='lat' dir='ltr'><strong>sit</strong></span> <span class='ocrx_word' id='word_1_85' title='bbox 223 835 356 906; x_wconf 90' lang='lat' dir='ltr'><strong>quisque,</strong></span> <span class='ocrx_word' id='word_1_86' title='bbox 371 834 440 905; x_wconf 91' lang='lat' dir='ltr'><strong>quid</strong></span> <span class='ocrx_word' id='word_1_87' title='bbox 456 835 528 889; x_wconf 81' lang='lat' dir='ltr'><strong>velle</strong></span> <span class='ocrx_word' id='word_1_88' title='bbox 550 835 662 904; x_wconf 88' lang='lat' dir='ltr'><strong>debeat,</strong></span> <span class='ocrx_word' id='word_1_89' title='bbox 678 839 706 889; x_wconf 90' lang='lat' dir='ltr'><strong>et</strong></span> <span class='ocrx_word' id='word_1_90' title='bbox 722 851 844 907; x_wconf 91' lang='lat' dir='ltr'><strong>quarum</strong></span> <span class='ocrx_word' id='word_1_91' title='bbox 865 850 910 889; x_wconf 91' lang='lat' dir='ltr'><strong>re·</strong></span> <span class='ocrx_word' id='word_1_92' title='bbox 964 834 1263 906; x_wconf 85' lang='lat' dir='ltr'><strong>interrogassemquid</strong></span> <span class='ocrx_word' id='word_1_93' title='bbox 1275 834 1402 903; x_wconf 80' lang='lat' dir='ltr'><strong>sentiret,</strong></span> <span class='ocrx_word' id='word_1_94' title='bbox 1413 834 1485 890; x_wconf 90' lang='lat' dir='ltr'><strong>illud</strong></span> <span class='ocrx_word' id='word_1_95' title='bbox 1495 834 1630 890; x_wconf 92' lang='lat' dir='ltr'><strong>ultimum</strong></span> <span class='ocrx_word' id='word_1_96' title='bbox 1640 836 1816 908; x_wconf 88' lang='lat' dir='ltr'><strong>sibiplecere</strong></span> 
     </span>
     <span class='ocr_line' id='line_1_8' title="bbox 54 916 1815 996; baseline -0.001 -15"><span class='ocrx_word' id='word_1_97' title='bbox 54 942 124 982; x_wconf 88' lang='lat' dir='ltr'><strong>rum</strong></span> <span class='ocrx_word' id='word_1_98' title='bbox 139 940 205 980; x_wconf 82' lang='lat' dir='ltr'><strong>euin</strong></span> <span class='ocrx_word' id='word_1_99' title='bbox 221 927 352 995; x_wconf 85' lang='lat' dir='ltr'><strong>oporteat</strong></span> <span class='ocrx_word' id='word_1_100' title='bbox 371 923 475 978; x_wconf 91' lang='lat' dir='ltr'><strong>habere</strong></span> <span class='ocrx_word' id='word_1_101' title='bbox 492 923 675 979; x_wconf 87' lang='lat' dir='ltr'><strong>desiderium.</strong></span> <span class='ocrx_word' id='word_1_102' title='bbox 692 924 782 979; x_wconf 87' lang='lat' dir='ltr'><strong>Invita</strong></span> <span class='ocrx_word' id='word_1_103' title='bbox 793 940 850 992; x_wconf 90' lang='lat' dir='ltr'><strong>me,</strong></span> <span class='ocrx_word' id='word_1_104' title='bbox 865 922 911 978; x_wconf 91' lang='lat' dir='ltr'><strong>in·</strong></span> <span class='ocrx_word' id='word_1_105' title='bbox 965 916 1121 994; x_wconf 90' lang='lat' dir='ltr'><strong>respondit.</strong></span> <span class='ocrx_word' id='word_1_106' title='bbox 1137 922 1192 976; x_wconf 89' lang='lat' dir='ltr'><strong>Nec</strong></span> <span class='ocrx_word' id='word_1_107' title='bbox 1212 922 1360 977; x_wconf 82' lang='lat' dir='ltr'><strong>Rusticum</strong></span> <span class='ocrx_word' id='word_1_108' title='bbox 1377 922 1538 993; x_wconf 90' lang='lat' dir='ltr'><strong>percontari</strong></span> <span class='ocrx_word' id='word_1_109' title='bbox 1558 923 1651 979; x_wconf 89' lang='lat' dir='ltr'><strong>visum</strong></span> <span class='ocrx_word' id='word_1_110' title='bbox 1666 929 1708 978; x_wconf 91' lang='lat' dir='ltr'><strong>est</strong></span> <span class='ocrx_word' id='word_1_111' title='bbox 1723 925 1815 996; x_wconf 87' lang='lat' dir='ltr'><strong>negli-</strong></span> 
     </span>
     <span class='ocr_line' id='line_1_9' title="bbox 56 1011 1815 1087; baseline -0.001 -18"><span class='ocrx_word' id='word_1_112' title='bbox 56 1030 158 1087; x_wconf 87' lang='lat' dir='ltr'><strong>quam,</strong></span> <span class='ocrx_word' id='word_1_113' title='bbox 175 1012 262 1067; x_wconf 89' lang='lat' dir='ltr'><strong>natali</strong></span> <span class='ocrx_word' id='word_1_114' title='bbox 276 1017 335 1078; x_wconf 89' lang='lat' dir='ltr'><strong>tuo,</strong></span> <span class='ocrx_word' id='word_1_115' title='bbox 347 1011 462 1083; x_wconf 88' lang='lat' dir='ltr'><strong>quando</strong></span> <span class='ocrx_word' id='word_1_116' title='bbox 479 1012 657 1082; x_wconf 89' lang='lat' dir='ltr'><strong>dignaberis;</strong></span> <span class='ocrx_word' id='word_1_117' title='bbox 668 1012 808 1084; x_wconf 84' lang='lat' dir='ltr'><strong>quidquid</strong></span> <span class='ocrx_word' id='word_1_118' title='bbox 823 1028 911 1084; x_wconf 89' lang='lat' dir='ltr'><strong>appo·</strong></span> <span class='ocrx_word' id='word_1_119' title='bbox 965 1012 1103 1083; x_wconf 89' lang='lat' dir='ltr'><strong>gendum,</strong></span> <span class='ocrx_word' id='word_1_120' title='bbox 1114 1027 1248 1083; x_wconf 83' lang='lat' dir='ltr'><strong>quaenam</strong></span> <span class='ocrx_word' id='word_1_121' title='bbox 1259 1016 1332 1066; x_wconf 89' lang='lat' dir='ltr'><strong>esset</strong></span> <span class='ocrx_word' id='word_1_122' title='bbox 1341 1012 1375 1066; x_wconf 88' lang='lat' dir='ltr'><strong>de</strong></span> <span class='ocrx_word' id='word_1_123' title='bbox 1383 1027 1414 1066; x_wconf 88' lang='lat' dir='ltr'><strong>re</strong></span> <span class='ocrx_word' id='word_1_124' title='bbox 1427 1016 1507 1067; x_wconf 90' lang='lat' dir='ltr'><strong>tanta</strong></span> <span class='ocrx_word' id='word_1_125' title='bbox 1517 1011 1579 1083; x_wconf 86' lang='lat' dir='ltr'><strong>ejus</strong></span> <span class='ocrx_word' id='word_1_126' title='bbox 1597 1013 1748 1083; x_wconf 89' lang='lat' dir='ltr'><strong>sententia,</strong></span> <span class='ocrx_word' id='word_1_127' title='bbox 1763 1013 1815 1084; x_wconf 91' lang='lat' dir='ltr'><strong>qui</strong></span> 
     </span>
     <span class='ocr_line' id='line_1_10' title="bbox 56 1099 1809 1173; baseline -0.001 -15"><span class='ocrx_word' id='word_1_128' title='bbox 56 1102 151 1158; x_wconf 83' lang='lat' dir='ltr'><strong>saeris</strong></span> <span class='ocrx_word' id='word_1_129' title='bbox 160 1102 283 1156; x_wconf 85' lang='lat' dir='ltr'><strong>libenter</strong></span> <span class='ocrx_word' id='word_1_130' title='bbox 297 1117 418 1155; x_wconf 90' lang='lat' dir='ltr'><strong>sumam.</strong></span> <span class='ocrx_word' id='word_1_131' title='bbox 428 1101 489 1165; x_wconf 88' lang='lat' dir='ltr'><strong>Qua</strong></span> <span class='ocrx_word' id='word_1_132' title='bbox 502 1101 666 1156; x_wconf 89' lang='lat' dir='ltr'><strong>conditione</strong></span> <span class='ocrx_word' id='word_1_133' title='bbox 679 1101 765 1156; x_wconf 92' lang='lat' dir='ltr'><strong>hodie</strong></span> <span class='ocrx_word' id='word_1_134' title='bbox 779 1102 855 1172; x_wconf 89' lang='lat' dir='ltr'><strong>apud</strong></span> <span class='ocrx_word' id='word_1_135' title='bbox 867 1116 912 1156; x_wconf 92' lang='lat' dir='ltr'><strong>me</strong></span> <span class='ocrx_word' id='word_1_136' title='bbox 965 1100 1038 1154; x_wconf 91' lang='lat' dir='ltr'><strong>mihi</strong></span> <span class='ocrx_word' id='word_1_137' title='bbox 1054 1100 1203 1155; x_wconf 88' lang='lat' dir='ltr'><strong>videbatur</strong></span> <span class='ocrx_word' id='word_1_138' title='bbox 1213 1116 1273 1154; x_wconf 92' lang='lat' dir='ltr'><strong>non</strong></span> <span class='ocrx_word' id='word_1_139' title='bbox 1283 1099 1487 1155; x_wconf 85' lang='lat' dir='ltr'><strong>deliberatione</strong></span> <span class='ocrx_word' id='word_1_140' title='bbox 1500 1101 1591 1172; x_wconf 87' lang='lat' dir='ltr'><strong>magis</strong></span> <span class='ocrx_word' id='word_1_141' title='bbox 1601 1118 1688 1173; x_wconf 89' lang='lat' dir='ltr'><strong>quam</strong></span> <span class='ocrx_word' id='word_1_142' title='bbox 1701 1103 1809 1173; x_wconf 91' lang='lat' dir='ltr'><strong>pudore</strong></span> 
     </span>
     <span class='ocr_line' id='line_1_11' title="bbox 58 1187 1545 1263; baseline -0.004 -15"><span class='ocrx_word' id='word_1_143' title='bbox 58 1198 93 1248; x_wconf 91' lang='lat' dir='ltr'><strong>ut</strong></span> <span class='ocrx_word' id='word_1_144' title='bbox 104 1191 227 1263; x_wconf 85' lang='lat' dir='ltr'><strong>epuleris</strong></span> <span class='ocrx_word' id='word_1_145' title='bbox 241 1194 317 1262; x_wconf 87' lang='lat' dir='ltr'><strong>peto,</strong></span> <span class='ocrx_word' id='word_1_146' title='bbox 330 1205 382 1243; x_wconf 84' lang='lat' dir='ltr'><strong>uec</strong></span> <span class='ocrx_word' id='word_1_147' title='bbox 397 1188 509 1259; x_wconf 80' lang='lat' dir='ltr'><strong>flagites</strong></span> <span class='ocrx_word' id='word_1_148' title='bbox 520 1189 597 1260; x_wconf 89' lang='lat' dir='ltr'><strong>qnod</strong></span> <span class='ocrx_word' id='word_1_149' title='bbox 609 1190 726 1245; x_wconf 86' lang='lat' dir='ltr'><strong>fortasse</strong></span> <span class='ocrx_word' id='word_1_150' title='bbox 740 1206 800 1244; x_wconf 92' lang='lat' dir='ltr'><strong>non</strong></span> <span class='ocrx_word' id='word_1_151' title='bbox 815 1192 857 1244; x_wconf 89' lang='lat' dir='ltr'><strong>cst</strong></span> <span class='ocrx_word' id='word_1_152' title='bbox 865 1205 914 1260; x_wconf 90' lang='lat' dir='ltr'><strong>pa·</strong></span> <span class='ocrx_word' id='word_1_153' title='bbox 966 1188 1122 1260; x_wconf 90' lang='lat' dir='ltr'><strong>impeditus</strong></span> <span class='ocrx_word' id='word_1_154' title='bbox 1135 1188 1233 1256; x_wconf 91' lang='lat' dir='ltr'><strong>silere;</strong></span> <span class='ocrx_word' id='word_1_155' title='bbox 1249 1187 1381 1259; x_wconf 79' lang='lat' dir='ltr'><strong>Trygetio</strong></span> <span class='ocrx_word' id='word_1_156' title='bbox 1393 1188 1545 1242; x_wconf 91' lang='lat' dir='ltr'><strong>consensit.</strong></span> 
     </span>
     <span class='ocr_line' id='line_1_12' title="bbox 57 1269 1818 1349; baseline 0.002 -21"><span class='ocrx_word' id='word_1_157' title='bbox 57 1279 166 1328; x_wconf 91' lang='lat' dir='ltr'><strong>ratum.</strong></span> <span class='ocrx_word' id='word_1_158' title='bbox 183 1273 273 1337; x_wconf 83' lang='lat' dir='ltr'><strong>Quem</strong></span> <span class='ocrx_word' id='word_1_159' title='bbox 288 1287 353 1324; x_wconf 89' lang='lat' dir='ltr'><strong>curn</strong></span> <span class='ocrx_word' id='word_1_160' title='bbox 368 1269 507 1325; x_wconf 88' lang='lat' dir='ltr'><strong>modestae</strong></span> <span class='ocrx_word' id='word_1_161' title='bbox 522 1285 554 1323; x_wconf 90' lang='lat' dir='ltr'><strong>ac</strong></span> <span class='ocrx_word' id='word_1_162' title='bbox 567 1270 736 1325; x_wconf 77' lang='lat' dir='ltr'><strong>verecundae</strong></span> <span class='ocrx_word' id='word_1_163' title='bbox 755 1269 912 1325; x_wconf 90' lang='lat' dir='ltr'><strong>commoni·</strong></span> <span class='ocrx_word' id='word_1_164' title='bbox 1004 1280 1046 1332; x_wconf 80' lang='lat'><strong>13.</strong></span> <span class='ocrx_word' id='word_1_165' title='bbox 1063 1278 1134 1331; x_wconf 87' lang='lat' dir='ltr'><strong>Tum</strong></span> <span class='ocrx_word' id='word_1_166' title='bbox 1150 1291 1220 1346; x_wconf 88' lang='lat' dir='ltr'><strong>ego:</strong></span> <span class='ocrx_word' id='word_1_167' title='bbox 1242 1276 1347 1342; x_wconf 89' lang='lat' dir='ltr'><strong>Teneo,</strong></span> <span class='ocrx_word' id='word_1_168' title='bbox 1361 1275 1489 1346; x_wconf 88' lang='lat' dir='ltr'><strong>inquam,</strong></span> <span class='ocrx_word' id='word_1_169' title='bbox 1516 1275 1646 1331; x_wconf 90' lang='lat' dir='ltr'><strong>omnium</strong></span> <span class='ocrx_word' id='word_1_170' title='bbox 1662 1278 1766 1349; x_wconf 89' lang='lat' dir='ltr'><strong>placita</strong></span> <span class='ocrx_word' id='word_1_171' title='bbox 1781 1278 1818 1333; x_wconf 92' lang='lat' dir='ltr'><strong>de</strong></span> 
     </span>
     <span class='ocr_line' id='line_1_13' title="bbox 56 1358 1820 1436; baseline 0.002 -18"><span class='ocrx_word' id='word_1_172' title='bbox 56 1362 147 1418; x_wconf 88' lang='lat' dir='ltr'><strong>tionis</strong></span> <span class='ocrx_word' id='word_1_173' title='bbox 163 1377 221 1416; x_wconf 78' lang='lat' dir='ltr'><strong>snae</strong></span> <span class='ocrx_word' id='word_1_174' title='bbox 235 1359 407 1431; x_wconf 85' lang='lat' dir='ltr'><strong>poeniteret:</strong></span> <span class='ocrx_word' id='word_1_175' title='bbox 425 1360 497 1430; x_wconf 83' lang='lat' dir='ltr'><strong>Ergo</strong></span> <span class='ocrx_word' id='word_1_176' title='bbox 517 1358 599 1425; x_wconf 91' lang='lat' dir='ltr'><strong>illud,</strong></span> <span class='ocrx_word' id='word_1_177' title='bbox 626 1359 756 1430; x_wconf 87' lang='lat' dir='ltr'><strong>inquam,</strong></span> <span class='ocrx_word' id='word_1_178' title='bbox 781 1358 914 1414; x_wconf 84' lang='lat' dir='ltr'><strong>convenit</strong></span> <span class='ocrx_word' id='word_1_179' title='bbox 967 1380 998 1420; x_wconf 90' lang='lat' dir='ltr'><strong>re</strong></span> <span class='ocrx_word' id='word_1_180' title='bbox 1013 1380 1118 1435; x_wconf 89' lang='lat' dir='ltr'><strong>magna</strong></span> <span class='ocrx_word' id='word_1_181' title='bbox 1132 1380 1210 1430; x_wconf 89' lang='lat' dir='ltr'><strong>saue,</strong></span> <span class='ocrx_word' id='word_1_182' title='bbox 1228 1368 1257 1419; x_wconf 89' lang='lat' dir='ltr'><strong>et</strong></span> <span class='ocrx_word' id='word_1_183' title='bbox 1271 1363 1447 1432; x_wconf 88' lang='lat' dir='ltr'><strong>ultraquam</strong></span> <span class='ocrx_word' id='word_1_184' title='bbox 1470 1379 1522 1416; x_wconf 89' lang='lat' dir='ltr'><strong>nec</strong></span> <span class='ocrx_word' id='word_1_185' title='bbox 1546 1364 1636 1434; x_wconf 78' lang='lat' dir='ltr'><strong>quaeri</strong></span> <span class='ocrx_word' id='word_1_186' title='bbox 1658 1365 1820 1436; x_wconf 85' lang='lat' dir='ltr'><strong>quidquam</strong></span> 
     </span>
     <span class='ocr_line' id='line_1_14' title="bbox 57 1446 1821 1527; baseline -0.003 -11"><span class='ocrx_word' id='word_1_187' title='bbox 57 1453 214 1516; x_wconf 90' lang='lat' dir='ltr'><strong>internos,</strong></span> <span class='ocrx_word' id='word_1_188' title='bbox 231 1464 325 1519; x_wconf 73' lang='lat' dir='ltr'><strong>¹¹⁰‘I110</strong></span> <span class='ocrx_word' id='word_1_189' title='bbox 340 1463 515 1519; x_wconf 65' lang='lat' dir='ltr'><strong>quemquam</strong></span> <span class='ocrx_word' id='word_1_190' title='bbox 532 1446 649 1502; x_wconf 57' lang='lat' dir='ltr'><strong>beatum</strong></span> <span class='ocrx_word' id='word_1_191' title='bbox 673 1464 733 1502; x_wconf 72' lang='lat'><strong>0⁹⁵0</strong></span> <span class='ocrx_word' id='word_1_192' title='bbox 754 1463 847 1520; x_wconf 71' lang='lat' dir='ltr'>POSSfl,</span> <span class='ocrx_word' id='word_1_193' title='bbox 864 1446 913 1519; x_wconf 74' lang='lat' dir='ltr'><strong>qui</strong></span> <span class='ocrx_word' id='word_1_194' title='bbox 967 1459 1090 1527; x_wconf 91' lang='lat' dir='ltr'><strong>oportet,</strong></span> <span class='ocrx_word' id='word_1_195' title='bbox 1106 1471 1159 1510; x_wconf 89' lang='lat' dir='ltr'><strong>nec</strong></span> <span class='ocrx_word' id='word_1_196' title='bbox 1181 1453 1304 1509; x_wconf 90' lang='lat' dir='ltr'><strong>inveniri</strong></span> <span class='ocrx_word' id='word_1_197' title='bbox 1318 1457 1422 1525; x_wconf 88' lang='lat' dir='ltr'><strong>potest,</strong></span> <span class='ocrx_word' id='word_1_198' title='bbox 1437 1453 1462 1507; x_wconf 91' lang='lat' dir='ltr'><strong>si</strong></span> <span class='ocrx_word' id='word_1_199' title='bbox 1476 1453 1561 1508; x_wconf 89' lang='lat' dir='ltr'><strong>modo</strong></span> <span class='ocrx_word' id='word_1_200' title='bbox 1576 1470 1650 1520; x_wconf 90' lang='lat' dir='ltr'><strong>eam,</strong></span> <span class='ocrx_word' id='word_1_201' title='bbox 1672 1455 1714 1509; x_wconf 92' lang='lat' dir='ltr'><strong>uti</strong></span> <span class='ocrx_word' id='word_1_202' title='bbox 1729 1456 1821 1526; x_wconf 78' lang='lat' dir='ltr'><strong>crepi-</strong></span> 
     </span>
     <span class='ocr_line' id='line_1_15' title="bbox 58 1536 1821 1614; baseline 0.002 -18"><span class='ocrx_word' id='word_1_203' title='bbox 58 1536 140 1610; x_wconf 88' lang='lat' dir='ltr'><strong>quod</strong></span> <span class='ocrx_word' id='word_1_204' title='bbox 155 1542 205 1593; x_wconf 83' lang='lat' dir='ltr'><strong>vut</strong></span> <span class='ocrx_word' id='word_1_205' title='bbox 215 1553 273 1593; x_wconf 89' lang='lat' dir='ltr'><strong>non</strong></span> <span class='ocrx_word' id='word_1_206' title='bbox 287 1536 373 1591; x_wconf 76' lang='lat' dir='ltr'><strong>habet</strong></span> <span class='ocrx_word' id='word_1_207' title='bbox 385 1556 392 1605; x_wconf 92' lang='grc'><strong>;</strong></span> <span class='ocrx_word' id='word_1_208' title='bbox 406 1552 499 1607; x_wconf 79' lang='lat' dir='ltr'><strong>neque</strong></span> <span class='ocrx_word' id='word_1_209' title='bbox 513 1551 630 1592; x_wconf 75' lang='lat' dir='ltr'><strong>Omnem</strong></span> <span class='ocrx_word' id='word_1_210' title='bbox 644 1536 778 1609; x_wconf 79' lang='lat' dir='ltr'><strong>quiquod</strong></span> <span class='ocrx_word' id='word_1_211' title='bbox 793 1536 854 1591; x_wconf 74' lang='lat' dir='ltr'><strong>lull</strong></span> <span class='ocrx_word' id='word_1_212' title='bbox 863 1536 914 1590; x_wconf 75' lang='lat' dir='ltr'><strong>ha·</strong></span> <span class='ocrx_word' id='word_1_213' title='bbox 968 1560 1043 1611; x_wconf 92' lang='lat' dir='ltr'><strong>mus,</strong></span> <span class='ocrx_word' id='word_1_214' title='bbox 1057 1542 1237 1599; x_wconf 90' lang='lat' dir='ltr'><strong>serenissime</strong></span> <span class='ocrx_word' id='word_1_215' title='bbox 1252 1558 1285 1597; x_wconf 89' lang='lat' dir='ltr'><strong>ac</strong></span> <span class='ocrx_word' id='word_1_216' title='bbox 1299 1541 1490 1597; x_wconf 89' lang='lat' dir='ltr'><strong>sincerissime</strong></span> <span class='ocrx_word' id='word_1_217' title='bbox 1504 1541 1722 1614; x_wconf 78' lang='lat' dir='ltr'><strong>investigemus.</strong></span> <span class='ocrx_word' id='word_1_218' title='bbox 1738 1543 1821 1609; x_wconf 87' lang='lat' dir='ltr'><strong>Quod</strong></span> 
     </span>
     <span class='ocr_line' id='line_1_16' title="bbox 57 1624 1821 1703; baseline 0.002 -19"><span class='ocrx_word' id='word_1_219' title='bbox 57 1629 120 1695; x_wconf 91' lang='lat' dir='ltr'><strong>bet,</strong></span> <span class='ocrx_word' id='word_1_220' title='bbox 135 1626 253 1681; x_wconf 80' lang='lat' dir='ltr'><strong>beatum</strong></span> <span class='ocrx_word' id='word_1_221' title='bbox 268 1627 355 1680; x_wconf 75' lang='lat' dir='ltr'><strong>esse?</strong></span> <span class='ocrx_word' id='word_1_222' title='bbox 370 1624 527 1680; x_wconf 69' lang='lat' dir='ltr'><strong>Dederunt·</strong></span> <span class='ocrx_word' id='word_1_223' title='bbox 967 1632 1053 1688; x_wconf 91' lang='lat' dir='ltr'><strong>hodie</strong></span> <span class='ocrx_word' id='word_1_224' title='bbox 1066 1631 1264 1703; x_wconf 89' lang='lat' dir='ltr'><strong>quialougum</strong></span> <span class='ocrx_word' id='word_1_225' title='bbox 1277 1635 1328 1697; x_wconf 88' lang='lat' dir='ltr'><strong>est,</strong></span> <span class='ocrx_word' id='word_1_226' title='bbox 1345 1635 1374 1686; x_wconf 91' lang='lat' dir='ltr'><strong>et</strong></span> <span class='ocrx_word' id='word_1_227' title='bbox 1388 1631 1531 1685; x_wconf 84' lang='lat' dir='ltr'><strong>habentia</strong></span> <span class='ocrx_word' id='word_1_228' title='bbox 1541 1631 1633 1702; x_wconf 90' lang='lat' dir='ltr'><strong>epulis</strong></span> <span class='ocrx_word' id='word_1_229' title='bbox 1641 1631 1701 1686; x_wconf 92' lang='lat' dir='ltr'><strong>suis</strong></span> <span class='ocrx_word' id='word_1_230' title='bbox 1717 1636 1744 1687; x_wconf 91' lang='lat' dir='ltr'><strong>et</strong></span> <span class='ocrx_word' id='word_1_231' title='bbox 1756 1631 1821 1687; x_wconf 90' lang='lat' dir='ltr'><strong>ani·</strong></span> 
     </span>
     <span class='ocr_line' id='line_1_17' title="bbox 100 1712 1820 1792; baseline 0.002 -20"><span class='ocrx_word' id='word_1_232' title='bbox 100 1720 143 1772; x_wconf 87' lang='lat' dir='ltr'><strong>ll·</strong></span> <span class='ocrx_word' id='word_1_233' title='bbox 159 1715 232 1781; x_wconf 77' lang='lat' dir='ltr'><strong>Quid</strong></span> <span class='ocrx_word' id='word_1_234' title='bbox 244 1713 323 1769; x_wconf 77' lang='lat' dir='ltr'><strong>illud·</strong></span> <span class='ocrx_word' id='word_1_235' title='bbox 340 1713 469 1784; x_wconf 65' lang='lat' dir='ltr'><strong>inquam,</strong></span> <span class='ocrx_word' id='word_1_236' title='bbox 484 1712 646 1780; x_wconf 74' lang='lat' dir='ltr'><strong>00ss00difi³‚</strong></span> <span class='ocrx_word' id='word_1_237' title='bbox 658 1729 773 1769; x_wconf 74' lang='lat' dir='ltr'><strong>⁰11¹11⁰m</strong></span> <span class='ocrx_word' id='word_1_238' title='bbox 787 1713 837 1786; x_wconf 77' lang='lat' dir='ltr'><strong>qui</strong></span> <span class='ocrx_word' id='word_1_239' title='bbox 848 1712 914 1767; x_wconf 66' lang='lat' dir='ltr'><strong>bea·</strong></span> <span class='ocrx_word' id='word_1_240' title='bbox 967 1720 1010 1775; x_wconf 90' lang='lat' dir='ltr'><strong>mi</strong></span> <span class='ocrx_word' id='word_1_241' title='bbox 1022 1718 1339 1792; x_wconf 85' lang='lat' dir='ltr'><strong>quamdamlnxuriem,</strong></span> <span class='ocrx_word' id='word_1_242' title='bbox 1356 1718 1379 1773; x_wconf 92' lang='lat' dir='ltr'><strong>si</strong></span> <span class='ocrx_word' id='word_1_243' title='bbox 1393 1719 1598 1773; x_wconf 89' lang='lat' dir='ltr'><strong>ultramodum</strong></span> <span class='ocrx_word' id='word_1_244' title='bbox 1612 1719 1644 1773; x_wconf 90' lang='lat' dir='ltr'><strong>in</strong></span> <span class='ocrx_word' id='word_1_245' title='bbox 1659 1736 1705 1774; x_wconf 90' lang='lat' dir='ltr'><strong>eas</strong></span> <span class='ocrx_word' id='word_1_246' title='bbox 1720 1725 1750 1776; x_wconf 92' lang='lat' dir='ltr'><strong>et</strong></span> <span class='ocrx_word' id='word_1_247' title='bbox 1769 1737 1820 1775; x_wconf 92' lang='lat' dir='ltr'><strong>vo·</strong></span> 
     </span>
     <span class='ocr_line' id='line_1_18' title="bbox 57 1802 1834 1878; baseline 0.001 -17"><span class='ocrx_word' id='word_1_248' title='bbox 57 1810 108 1861; x_wconf 84' lang='lat' dir='ltr'><strong>tus</strong></span> <span class='ocrx_word' id='word_1_249' title='bbox 123 1821 183 1860; x_wconf 89' lang='lat' dir='ltr'><strong>non</strong></span> <span class='ocrx_word' id='word_1_250' title='bbox 199 1807 249 1871; x_wconf 89' lang='lat' dir='ltr'><strong>est,</strong></span> <span class='ocrx_word' id='word_1_251' title='bbox 263 1803 496 1874; x_wconf 63' lang='lat' dir='ltr'><strong>miserumsesset</strong></span> <span class='ocrx_word' id='word_1_252' title='bbox 510 1802 572 1858; x_wconf 91' lang='lat' dir='ltr'><strong>Non</strong></span> <span class='ocrx_word' id='word_1_253' title='bbox 586 1802 798 1858; x_wconf 89' lang='lat' dir='ltr'><strong>dubitaverunt.</strong></span> <span class='ocrx_word' id='word_1_254' title='bbox 811 1802 915 1872; x_wconf 81' lang='lat' dir='ltr'><strong>¹Omnis</strong></span> <span class='ocrx_word' id='word_1_255' title='bbox 968 1807 1073 1863; x_wconf 77' lang='lat' dir='ltr'><strong>raciter</strong></span> <span class='ocrx_word' id='word_1_256' title='bbox 1081 1807 1194 1863; x_wconf 82' lang='lat' dir='ltr'><strong>irruant</strong></span> <span class='ocrx_word' id='word_1_257' title='bbox 1203 1807 1253 1877; x_wconf 87' lang='lat' dir='ltr'><strong>(ita</strong></span> <span class='ocrx_word' id='word_1_258' title='bbox 1263 1807 1340 1862; x_wconf 89' lang='lat' dir='ltr'><strong>enim</strong></span> <span class='ocrx_word' id='word_1_259' title='bbox 1355 1807 1429 1862; x_wconf 88' lang='lat' dir='ltr'><strong>mala</strong></span> <span class='ocrx_word' id='word_1_260' title='bbox 1444 1807 1656 1878; x_wconf 89' lang='lat' dir='ltr'><strong>quodammodo</strong></span> <span class='ocrx_word' id='word_1_261' title='bbox 1668 1807 1834 1878; x_wconf 79' lang='lat' dir='ltr'><strong>digerunt3·</strong></span> 
     </span>
     <span class='ocr_line' id='line_1_19' title="bbox 58 1890 1819 1968; baseline 0.002 -19"><span class='ocrx_word' id='word_1_262' title='bbox 58 1895 163 1968; x_wconf 89' lang='lat' dir='ltr'><strong>igitur,</strong></span> <span class='ocrx_word' id='word_1_263' title='bbox 179 1894 309 1964; x_wconf 85' lang='lat' dir='ltr'><strong>iuquam,</strong></span> <span class='ocrx_word' id='word_1_264' title='bbox 333 1891 382 1964; x_wconf 91' lang='lat' dir='ltr'><strong>qui</strong></span> <span class='ocrx_word' id='word_1_265' title='bbox 397 1892 474 1964; x_wconf 90' lang='lat' dir='ltr'><strong>quod</strong></span> <span class='ocrx_word' id='word_1_266' title='bbox 500 1892 561 1947; x_wconf 87' lang='lat' dir='ltr'><strong>vult</strong></span> <span class='ocrx_word' id='word_1_267' title='bbox 576 1908 634 1947; x_wconf 89' lang='lat' dir='ltr'><strong>non</strong></span> <span class='ocrx_word' id='word_1_268' title='bbox 649 1892 744 1959; x_wconf 89' lang='lat' dir='ltr'><strong>habet,</strong></span> <span class='ocrx_word' id='word_1_269' title='bbox 761 1890 848 1946; x_wconf 90' lang='lat' dir='ltr'><strong>miser</strong></span> <span class='ocrx_word' id='word_1_270' title='bbox 862 1895 913 1946; x_wconf 90' lang='lat' dir='ltr'><strong>est.</strong></span> <span class='ocrx_word' id='word_1_271' title='bbox 969 1896 1045 1952; x_wconf 92' lang='lat' dir='ltr'><strong>unde</strong></span> <span class='ocrx_word' id='word_1_272' title='bbox 1055 1895 1213 1951; x_wconf 88' lang='lat' dir='ltr'><strong>valetudini</strong></span> <span class='ocrx_word' id='word_1_273' title='bbox 1221 1895 1365 1951; x_wconf 87' lang='lat' dir='ltr'><strong>mentium</strong></span> <span class='ocrx_word' id='word_1_274' title='bbox 1376 1896 1538 1951; x_wconf 91' lang='lat' dir='ltr'><strong>nonminus</strong></span> <span class='ocrx_word' id='word_1_275' title='bbox 1549 1911 1636 1967; x_wconf 91' lang='lat' dir='ltr'><strong>quam</strong></span> <span class='ocrx_word' id='word_1_276' title='bbox 1648 1896 1683 1951; x_wconf 91' lang='lat' dir='ltr'><strong>ab</strong></span> <span class='ocrx_word' id='word_1_277' title='bbox 1695 1896 1819 1967; x_wconf 88' lang='lat' dir='ltr'><strong>illaipsa</strong></span> 
     </span>
     <span class='ocr_line' id='line_1_20' title="bbox 58 1979 1824 2056; baseline -0.001 -15"><span class='ocrx_word' id='word_1_278' title='bbox 58 1983 176 2042; x_wconf 86' lang='lat' dir='ltr'><strong>Placuit</strong></span> <span class='ocrx_word' id='word_1_279' title='bbox 189 1982 334 2037; x_wconf 90' lang='lat' dir='ltr'><strong>omuibus.</strong></span> <span class='ocrx_word' id='word_1_280' title='bbox 353 1980 427 2046; x_wconf 86' lang='lat' dir='ltr'><strong>Quid</strong></span> <span class='ocrx_word' id='word_1_281' title='bbox 440 1997 508 2051; x_wconf 91' lang='lat' dir='ltr'><strong>ergo</strong></span> <span class='ocrx_word' id='word_1_282' title='bbox 522 1980 576 2036; x_wconf 90' lang='lat' dir='ltr'><strong>sibi</strong></span> <span class='ocrx_word' id='word_1_283' title='bbox 590 1980 678 2035; x_wconf 93' lang='lat' dir='ltr'><strong>homo</strong></span> <span class='ocrx_word' id='word_1_284' title='bbox 693 1995 860 2053; x_wconf 89' lang='lat' dir='ltr'><strong>comparare</strong></span> <span class='ocrx_word' id='word_1_285' title='bbox 870 1979 917 2035; x_wconf 91' lang='lat' dir='ltr'><strong>de·</strong></span> <span class='ocrx_word' id='word_1_286' title='bbox 970 1984 1045 2039; x_wconf 85' lang='lat' dir='ltr'><strong>lame</strong></span> <span class='ocrx_word' id='word_1_287' title='bbox 1059 1985 1248 2040; x_wconf 89' lang='lat' dir='ltr'><strong>metuendum</strong></span> <span class='ocrx_word' id='word_1_288' title='bbox 1264 1984 1327 2056; x_wconf 86' lang='lat' dir='ltr'><strong>est),</strong></span> <span class='ocrx_word' id='word_1_289' title='bbox 1347 1985 1450 2039; x_wconf 88' lang='lat' dir='ltr'><strong>melius</strong></span> <span class='ocrx_word' id='word_1_290' title='bbox 1471 2001 1523 2039; x_wconf 89' lang='lat' dir='ltr'><strong>uos</strong></span> <span class='ocrx_word' id='word_1_291' title='bbox 1536 1984 1598 2039; x_wconf 75' lang='lat' dir='ltr'><strong>haec</strong></span> <span class='ocrx_word' id='word_1_292' title='bbox 1615 1984 1736 2054; x_wconf 85' lang='lat' dir='ltr'><strong>quaestio</strong></span> <span class='ocrx_word' id='word_1_293' title='bbox 1760 2000 1824 2040; x_wconf 91' lang='lat' dir='ltr'><strong>cras</strong></span> 
     </span>
     <span class='ocr_line' id='line_1_21' title="bbox 58 2066 1824 2147; baseline 0 -19"><span class='ocrx_word' id='word_1_294' title='bbox 58 2075 122 2140; x_wconf 90' lang='lat' dir='ltr'><strong>bet,</strong></span> <span class='ocrx_word' id='word_1_295' title='bbox 138 2075 174 2127; x_wconf 91' lang='lat' dir='ltr'><strong>ut</strong></span> <span class='ocrx_word' id='word_1_296' title='bbox 186 2070 285 2126; x_wconf 88' lang='lat' dir='ltr'><strong>beatus</strong></span> <span class='ocrx_word' id='word_1_297' title='bbox 300 2069 346 2136; x_wconf 90' lang='lat' dir='ltr'><strong>sit,</strong></span> <span class='ocrx_word' id='word_1_298' title='bbox 362 2069 504 2140; x_wconf 78' lang='lat' dir='ltr'><strong>inquam?</strong></span> <span class='ocrx_word' id='word_1_299' title='bbox 520 2070 602 2123; x_wconf 85' lang='lat' dir='ltr'><strong>Forte</strong></span> <span class='ocrx_word' id='word_1_300' title='bbox 613 2069 689 2138; x_wconf 86' lang='lat' dir='ltr'><strong>enim</strong></span> <span class='ocrx_word' id='word_1_301' title='bbox 706 2068 792 2124; x_wconf 90' lang='lat' dir='ltr'><strong>etiam</strong></span> <span class='ocrx_word' id='word_1_302' title='bbox 805 2069 860 2124; x_wconf 93' lang='lat' dir='ltr'><strong>hoc</strong></span> <span class='ocrx_word' id='word_1_303' title='bbox 870 2066 916 2122; x_wconf 90' lang='lat' dir='ltr'><strong>isti</strong></span> <span class='ocrx_word' id='word_1_304' title='bbox 971 2072 1136 2141; x_wconf 88' lang='lat' dir='ltr'><strong>esurientes,</strong></span> <span class='ocrx_word' id='word_1_305' title='bbox 1145 2073 1169 2127; x_wconf 89' lang='lat' dir='ltr'><strong>si</strong></span> <span class='ocrx_word' id='word_1_306' title='bbox 1180 2072 1304 2142; x_wconf 91' lang='lat' dir='ltr'><strong>videtur,</strong></span> <span class='ocrx_word' id='word_1_307' title='bbox 1318 2073 1448 2147; x_wconf 79' lang='lat' dir='ltr'><strong>accipiet.</strong></span> <span class='ocrx_word' id='word_1_308' title='bbox 1465 2073 1539 2127; x_wconf 91' lang='lat' dir='ltr'><strong>lllud</strong></span> <span class='ocrx_word' id='word_1_309' title='bbox 1552 2073 1639 2128; x_wconf 91' lang='lat' dir='ltr'><strong>modo</strong></span> <span class='ocrx_word' id='word_1_310' title='bbox 1654 2072 1780 2128; x_wconf 90' lang='lat' dir='ltr'><strong>libenter</strong></span> <span class='ocrx_word' id='word_1_311' title='bbox 1789 2073 1824 2128; x_wconf 94' lang='lat' dir='ltr'><strong>li-</strong></span> 
     </span>
     <span class='ocr_line' id='line_1_22' title="bbox 57 2155 1824 2232; baseline 0 -16"><span class='ocrx_word' id='word_1_312' title='bbox 57 2163 161 2217; x_wconf 90' lang='lat' dir='ltr'><strong>nostro</strong></span> <span class='ocrx_word' id='word_1_313' title='bbox 176 2156 303 2212; x_wconf 89' lang='lat' dir='ltr'><strong>convivio</strong></span> <span class='ocrx_word' id='word_1_314' title='bbox 317 2155 591 2223; x_wconf 86' lang='lat' dir='ltr'><strong>subministrabitur,</strong></span> <span class='ocrx_word' id='word_1_315' title='bbox 612 2172 649 2211; x_wconf 92' lang='lat' dir='ltr'><strong>ne</strong></span> <span class='ocrx_word' id='word_1_316' title='bbox 663 2156 781 2212; x_wconf 78' lang='lat' dir='ltr'><strong>licentii</strong></span> <span class='ocrx_word' id='word_1_317' title='bbox 795 2156 915 2212; x_wconf 87' lang='lat' dir='ltr'><strong>aviditas</strong></span> <span class='ocrx_word' id='word_1_318' title='bbox 971 2161 1090 2232; x_wconf 86' lang='lat' dir='ltr'><strong>guriatis</strong></span> <span class='ocrx_word' id='word_1_319' title='bbox 1103 2161 1178 2229; x_wconf 87' lang='lat' dir='ltr'><strong>volo,</strong></span> <span class='ocrx_word' id='word_1_320' title='bbox 1195 2160 1273 2232; x_wconf 90' lang='lat' dir='ltr'><strong>quod</strong></span> <span class='ocrx_word' id='word_1_321' title='bbox 1288 2159 1381 2216; x_wconf 92' lang='lat' dir='ltr'><strong>subito</strong></span> <span class='ocrx_word' id='word_1_322' title='bbox 1398 2160 1469 2214; x_wconf 90' lang='lat' dir='ltr'><strong>mihi</strong></span> <span class='ocrx_word' id='word_1_323' title='bbox 1484 2160 1672 2215; x_wconf 91' lang='lat' dir='ltr'><strong>ministratori</strong></span> <span class='ocrx_word' id='word_1_324' title='bbox 1685 2165 1778 2216; x_wconf 90' lang='lat' dir='ltr'><strong>vestro</strong></span> <span class='ocrx_word' id='word_1_325' title='bbox 1792 2161 1824 2216; x_wconf 89' lang='lat' dir='ltr'><strong>iu</strong></span> 
     </span>
     <span class='ocr_line' id='line_1_23' title="bbox 59 2244 1824 2321; baseline 0 -17"><span class='ocrx_word' id='word_1_326' title='bbox 59 2247 229 2320; x_wconf 88' lang='lat' dir='ltr'><strong>negligatur</strong></span> <span class='ocrx_word' id='word_1_327' title='bbox 240 2244 494 2317; x_wconf 89' lang='lat' dir='ltr'><strong>:namid,opinor,</strong></span> <span class='ocrx_word' id='word_1_328' title='bbox 504 2244 530 2299; x_wconf 89' lang='lat' dir='ltr'><strong>ei</strong></span> <span class='ocrx_word' id='word_1_329' title='bbox 545 2244 918 2316; x_wconf 88' lang='lat' dir='ltr'><strong>comparandumest,quod</strong></span> <span class='ocrx_word' id='word_1_330' title='bbox 971 2255 1099 2306; x_wconf 90' lang='lat' dir='ltr'><strong>mentem</strong></span> <span class='ocrx_word' id='word_1_331' title='bbox 1113 2254 1281 2321; x_wconf 85' lang='lat' dir='ltr'><strong>suggestum</strong></span> <span class='ocrx_word' id='word_1_332' title='bbox 1304 2254 1347 2304; x_wconf 90' lang='lat' dir='ltr'><strong>est</strong></span> <span class='ocrx_word' id='word_1_333' title='bbox 1370 2248 1569 2315; x_wconf 63' lang='lat' dir='ltr'><strong>inferendum</strong></span> <span class='ocrx_word' id='word_1_334' title='bbox 1586 2252 1615 2303; x_wconf 89' lang='lat' dir='ltr'><strong>et</strong></span> <span class='ocrx_word' id='word_1_335' title='bbox 1630 2251 1682 2318; x_wconf 89' lang='lat' dir='ltr'><strong>est,</strong></span> <span class='ocrx_word' id='word_1_336' title='bbox 1703 2248 1757 2303; x_wconf 88' lang='lat' dir='ltr'><strong>nisi</strong></span> <span class='ocrx_word' id='word_1_337' title='bbox 1772 2249 1824 2304; x_wconf 81' lang='lat' dir='ltr'><strong>fal·</strong></span> 
     </span>
     <span class='ocr_line' id='line_1_24' title="bbox 59 2333 1825 2411; baseline 0.001 -19"><span class='ocrx_word' id='word_1_338' title='bbox 59 2353 131 2392; x_wconf 89' lang='lat' dir='ltr'><strong>cum</strong></span> <span class='ocrx_word' id='word_1_339' title='bbox 146 2337 217 2398; x_wconf 89' lang='lat' dir='ltr'><strong>vult,</strong></span> <span class='ocrx_word' id='word_1_340' title='bbox 233 2335 328 2389; x_wconf 91' lang='lat' dir='ltr'><strong>habet.</strong></span> <span class='ocrx_word' id='word_1_341' title='bbox 345 2333 525 2390; x_wconf 81' lang='lat' dir='ltr'><strong>Manifestum</strong></span> <span class='ocrx_word' id='word_1_342' title='bbox 546 2351 607 2389; x_wconf 92' lang='lat' dir='ltr'><strong>esse</strong></span> <span class='ocrx_word' id='word_1_343' title='bbox 622 2333 765 2391; x_wconf 83' lang='lat' dir='ltr'><strong>dixerunt.</strong></span> <span class='ocrx_word' id='word_1_344' title='bbox 781 2335 813 2390; x_wconf 92' lang='lat' dir='ltr'><strong>Id</strong></span> <span class='ocrx_word' id='word_1_345' title='bbox 837 2350 917 2405; x_wconf 90' lang='lat' dir='ltr'><strong>ergo,</strong></span> <span class='ocrx_word' id='word_1_346' title='bbox 972 2340 1028 2409; x_wconf 92' lang='lat' dir='ltr'><strong>lor,</strong></span> <span class='ocrx_word' id='word_1_347' title='bbox 1043 2339 1140 2411; x_wconf 86' lang='lat' dir='ltr'><strong>qualia</strong></span> <span class='ocrx_word' id='word_1_348' title='bbox 1153 2338 1247 2393; x_wconf 89' lang='lat' dir='ltr'><strong>solent</strong></span> <span class='ocrx_word' id='word_1_349' title='bbox 1272 2337 1375 2393; x_wconf 91' lang='lat' dir='ltr'><strong>ultima</strong></span> <span class='ocrx_word' id='word_1_350' title='bbox 1404 2337 1521 2409; x_wconf 89' lang='lat' dir='ltr'><strong>apponi,</strong></span> <span class='ocrx_word' id='word_1_351' title='bbox 1550 2337 1631 2408; x_wconf 89' lang='lat' dir='ltr'><strong>quasi</strong></span> <span class='ocrx_word' id='word_1_352' title='bbox 1657 2336 1825 2393; x_wconf 89' lang='lat' dir='ltr'><strong>scholastico</strong></span> 
     </span>
     <span class='ocr_line' id='line_1_25' title="bbox 60 2423 1826 2497; baseline 0.001 -16"><span class='ocrx_word' id='word_1_353' title='bbox 60 2427 185 2496; x_wconf 89' lang='lat' dir='ltr'><strong>iuquam</strong></span> <span class='ocrx_word' id='word_1_354' title='bbox 201 2439 313 2494; x_wconf 87' lang='lat' dir='ltr'><strong>semper</strong></span> <span class='ocrx_word' id='word_1_355' title='bbox 329 2438 458 2489; x_wconf 88' lang='lat' dir='ltr'><strong>manens,</strong></span> <span class='ocrx_word' id='word_1_356' title='bbox 474 2439 527 2478; x_wconf 90' lang='lat' dir='ltr'><strong>nec</strong></span> <span class='ocrx_word' id='word_1_357' title='bbox 551 2438 584 2477; x_wconf 85' lang='lat' dir='ltr'><strong>ex</strong></span> <span class='ocrx_word' id='word_1_358' title='bbox 608 2423 724 2478; x_wconf 86' lang='lat' dir='ltr'><strong>fortuna</strong></span> <span class='ocrx_word' id='word_1_359' title='bbox 747 2424 917 2495; x_wconf 90' lang='lat' dir='ltr'><strong>pendulum,</strong></span> <span class='ocrx_word' id='word_1_360' title='bbox 973 2427 1058 2482; x_wconf 89' lang='lat' dir='ltr'><strong>melle</strong></span> <span class='ocrx_word' id='word_1_361' title='bbox 1084 2426 1245 2481; x_wconf 87' lang='lat' dir='ltr'><strong>conlectum</strong></span> <span class='ocrx_word' id='word_1_362' title='bbox 1260 2430 1346 2497; x_wconf 89' lang='lat' dir='ltr'><strong>atque</strong></span> <span class='ocrx_word' id='word_1_363' title='bbox 1365 2426 1524 2481; x_wconf 89' lang='lat' dir='ltr'><strong>conditum.</strong></span> <span class='ocrx_word' id='word_1_364' title='bbox 1554 2425 1616 2490; x_wconf 88' lang='lat' dir='ltr'><strong>Quo</strong></span> <span class='ocrx_word' id='word_1_365' title='bbox 1647 2425 1743 2481; x_wconf 90' lang='lat' dir='ltr'><strong>audito</strong></span> <span class='ocrx_word' id='word_1_366' title='bbox 1764 2442 1826 2483; x_wconf 89' lang='lat' dir='ltr'><strong>sese</strong></span> 
     </span>
     <span class='ocr_line' id='line_1_26' title="bbox 60 2510 1825 2588; baseline 0.001 -18"><span class='ocrx_word' id='word_1_367' title='bbox 60 2531 118 2570; x_wconf 93' lang='lat' dir='ltr'><strong>nec</strong></span> <span class='ocrx_word' id='word_1_368' title='bbox 131 2513 198 2569; x_wconf 91' lang='lat' dir='ltr'><strong>ullis</strong></span> <span class='ocrx_word' id='word_1_369' title='bbox 213 2512 374 2584; x_wconf 83' lang='lat' dir='ltr'><strong>subjectum</strong></span> <span class='ocrx_word' id='word_1_370' title='bbox 387 2511 497 2566; x_wconf 88' lang='lat' dir='ltr'><strong>casibus</strong></span> <span class='ocrx_word' id='word_1_371' title='bbox 511 2528 572 2566; x_wconf 92' lang='lat' dir='ltr'><strong>esse</strong></span> <span class='ocrx_word' id='word_1_372' title='bbox 583 2512 680 2569; x_wconf 91' lang='lat' dir='ltr'><strong>debet.</strong></span> <span class='ocrx_word' id='word_1_373' title='bbox 694 2513 766 2568; x_wconf 86' lang='lat' dir='ltr'><strong>Nam</strong></span> <span class='ocrx_word' id='word_1_374' title='bbox 779 2510 920 2585; x_wconf 91' lang='lat' dir='ltr'><strong>quidquid</strong></span> <span class='ocrx_word' id='word_1_375' title='bbox 974 2516 1075 2571; x_wconf 88' lang='lat' dir='ltr'><strong>omnes</strong></span> <span class='ocrx_word' id='word_1_376' title='bbox 1090 2515 1171 2588; x_wconf 87' lang='lat' dir='ltr'><strong>quasi</strong></span> <span class='ocrx_word' id='word_1_377' title='bbox 1186 2515 1217 2570; x_wconf 93' lang='lat' dir='ltr'><strong>iu</strong></span> <span class='ocrx_word' id='word_1_378' title='bbox 1232 2515 1339 2571; x_wconf 89' lang='lat' dir='ltr'><strong>elatum</strong></span> <span class='ocrx_word' id='word_1_379' title='bbox 1355 2515 1495 2570; x_wconf 79' lang='lat' dir='ltr'><strong>ferculum</strong></span> <span class='ocrx_word' id='word_1_380' title='bbox 1513 2514 1707 2584; x_wconf 88' lang='lat' dir='ltr'><strong>tetenderunt,</strong></span> <span class='ocrx_word' id='word_1_381' title='bbox 1721 2531 1825 2587; x_wconf 91' lang='lat' dir='ltr'><strong>coege-</strong></span> 
     </span>
     <span class='ocr_line' id='line_1_27' title="bbox 61 2600 1826 2676; baseline 0 -17"><span class='ocrx_word' id='word_1_382' title='bbox 61 2602 189 2660; x_wconf 86' lang='lat' dir='ltr'><strong>mortale</strong></span> <span class='ocrx_word' id='word_1_383' title='bbox 203 2605 231 2656; x_wconf 91' lang='lat' dir='ltr'><strong>et</strong></span> <span class='ocrx_word' id='word_1_384' title='bbox 245 2600 381 2655; x_wconf 88' lang='lat' dir='ltr'><strong>caducum</strong></span> <span class='ocrx_word' id='word_1_385' title='bbox 397 2604 449 2668; x_wconf 93' lang='lat' dir='ltr'><strong>est,</strong></span> <span class='ocrx_word' id='word_1_386' title='bbox 465 2616 524 2655; x_wconf 88' lang='lat' dir='ltr'><strong>nou</strong></span> <span class='ocrx_word' id='word_1_387' title='bbox 540 2604 635 2671; x_wconf 90' lang='lat' dir='ltr'><strong>potest</strong></span> <span class='ocrx_word' id='word_1_388' title='bbox 655 2618 672 2655; x_wconf 93' lang='lat' dir='ltr'><strong>a</strong></span> <span class='ocrx_word' id='word_1_389' title='bbox 696 2601 778 2656; x_wconf 92' lang='lat' dir='ltr'><strong>nobis</strong></span> <span class='ocrx_word' id='word_1_390' title='bbox 802 2601 919 2673; x_wconf 89' lang='lat' dir='ltr'><strong>quando</strong></span> <span class='ocrx_word' id='word_1_391' title='bbox 973 2610 1099 2676; x_wconf 89' lang='lat' dir='ltr'><strong>runtque</strong></span> <span class='ocrx_word' id='word_1_392' title='bbox 1111 2609 1143 2659; x_wconf 91' lang='lat' dir='ltr'><strong>ut</strong></span> <span class='ocrx_word' id='word_1_393' title='bbox 1151 2604 1244 2659; x_wconf 91' lang='lat' dir='ltr'><strong>dicere</strong></span> <span class='ocrx_word' id='word_1_394' title='bbox 1254 2618 1439 2675; x_wconf 88' lang='lat' dir='ltr'><strong>properarem</strong></span> <span class='ocrx_word' id='word_1_395' title='bbox 1450 2602 1590 2674; x_wconf 90' lang='lat' dir='ltr'><strong>quidnam</strong></span> <span class='ocrx_word' id='word_1_396' title='bbox 1602 2602 1631 2657; x_wconf 91' lang='lat' dir='ltr'><strong>id</strong></span> <span class='ocrx_word' id='word_1_397' title='bbox 1644 2608 1727 2659; x_wconf 89' lang='lat' dir='ltr'><strong>esset.</strong></span> <span class='ocrx_word' id='word_1_398' title='bbox 1740 2604 1826 2671; x_wconf 87' lang='lat' dir='ltr'><strong>Quid,</strong></span> 
     </span>
     <span class='ocr_line' id='line_1_28' title="bbox 61 2688 1827 2765; baseline -0.001 -17"><span class='ocrx_word' id='word_1_399' title='bbox 61 2693 210 2759; x_wconf 84' lang='lat' dir='ltr'><strong>volumus,</strong></span> <span class='ocrx_word' id='word_1_400' title='bbox 228 2694 256 2744; x_wconf 92' lang='lat' dir='ltr'><strong>et</strong></span> <span class='ocrx_word' id='word_1_401' title='bbox 270 2689 408 2761; x_wconf 90' lang='lat' dir='ltr'><strong>quamdiu</strong></span> <span class='ocrx_word' id='word_1_402' title='bbox 418 2689 551 2744; x_wconf 87' lang='lat' dir='ltr'><strong>volumus</strong></span> <span class='ocrx_word' id='word_1_403' title='bbox 563 2688 674 2745; x_wconf 82' lang='lat' dir='ltr'><strong>haberi.</strong></span> <span class='ocrx_word' id='word_1_404' title='bbox 686 2690 922 2745; x_wconf 71' lang='lat' dir='ltr'><strong>assentiebantur</strong></span> <span class='ocrx_word' id='word_1_405' title='bbox 973 2693 1103 2765; x_wconf 88' lang='lat' dir='ltr'><strong>inquam,</strong></span> <span class='ocrx_word' id='word_1_406' title='bbox 1114 2691 1231 2762; x_wconf 92' lang='lat' dir='ltr'><strong>putatis,</strong></span> <span class='ocrx_word' id='word_1_407' title='bbox 1243 2690 1300 2745; x_wconf 93' lang='lat' dir='ltr'><strong>nisi</strong></span> <span class='ocrx_word' id='word_1_408' title='bbox 1313 2706 1379 2745; x_wconf 89' lang='lat' dir='ltr'><strong>cum</strong></span> <span class='ocrx_word' id='word_1_409' title='bbox 1388 2690 1564 2746; x_wconf 85' lang='lat' dir='ltr'><strong>Academicis</strong></span> <span class='ocrx_word' id='word_1_410' title='bbox 1575 2693 1667 2745; x_wconf 92' lang='lat' dir='ltr'><strong>totum</strong></span> <span class='ocrx_word' id='word_1_411' title='bbox 1678 2692 1754 2763; x_wconf 90' lang='lat' dir='ltr'><strong>quod</strong></span> <span class='ocrx_word' id='word_1_412' title='bbox 1767 2708 1827 2746; x_wconf 93' lang='lat' dir='ltr'><strong>sus-</strong></span> 
     </span>
     <span class='ocr_line' id='line_1_29' title="bbox 58 2777 1827 2853; baseline -0.001 -17"><span class='ocrx_word' id='word_1_413' title='bbox 58 2796 179 2853; x_wconf 29' lang='lat' dir='ltr'><strong>,omues</strong></span> <span class='ocrx_word' id='word_1_414' title='bbox 195 2778 249 2834; x_wconf 92' lang='lat' dir='ltr'><strong>Sed</strong></span> <span class='ocrx_word' id='word_1_415' title='bbox 264 2779 436 2850; x_wconf 83' lang='lat' dir='ltr'><strong>Trygetius:</strong></span> <span class='ocrx_word' id='word_1_416' title='bbox 457 2778 537 2844; x_wconf 90' lang='lat' dir='ltr'><strong>Sunt,</strong></span> <span class='ocrx_word' id='word_1_417' title='bbox 555 2777 651 2849; x_wconf 89' lang='lat' dir='ltr'><strong>inquit</strong></span> <span class='ocrx_word' id='word_1_418' title='bbox 665 2778 750 2833; x_wconf 91' lang='lat' dir='ltr'><strong>multi</strong></span> <span class='ocrx_word' id='word_1_419' title='bbox 770 2779 920 2846; x_wconf 86' lang='lat' dir='ltr'><strong>fortunati,</strong></span> <span class='ocrx_word' id='word_1_420' title='bbox 975 2797 1143 2852; x_wconf 89' lang='lat' dir='ltr'><strong>ceperamus</strong></span> <span class='ocrx_word' id='word_1_421' title='bbox 1165 2780 1325 2835; x_wconf 85' lang='lat' dir='ltr'><strong>confectum</strong></span> <span class='ocrx_word' id='word_1_422' title='bbox 1349 2795 1411 2834; x_wconf 91' lang='lat' dir='ltr'><strong>esse</strong></span> <span class='ocrx_word' id='word_1_423' title='bbox 1433 2779 1601 2850; x_wconf 77' lang='lat' dir='ltr'><strong>negotium?</strong></span> <span class='ocrx_word' id='word_1_424' title='bbox 1625 2778 1686 2843; x_wconf 86' lang='lat' dir='ltr'><strong>Quo</strong></span> <span class='ocrx_word' id='word_1_425' title='bbox 1710 2783 1827 2850; x_wconf 90' lang='lat' dir='ltr'><strong>accepto</strong></span> 
     </span>
     <span class='ocr_line' id='line_1_30' title="bbox 60 2853 1825 2941; baseline 0.001 -18"><span class='ocrx_word' id='word_1_426' title='bbox 60 2869 115 2941; x_wconf 91' lang='lat' dir='ltr'><strong>qui</strong></span> <span class='ocrx_word' id='word_1_427' title='bbox 133 2883 180 2922; x_wconf 90' lang='lat' dir='ltr'><strong>eas</strong></span> <span class='ocrx_word' id='word_1_428' title='bbox 194 2867 269 2937; x_wconf 87' lang='lat' dir='ltr'><strong>ipsas</strong></span> <span class='ocrx_word' id='word_1_429' title='bbox 281 2881 327 2920; x_wconf 90' lang='lat' dir='ltr'><strong>res</strong></span> <span class='ocrx_word' id='word_1_430' title='bbox 341 2853 455 2937; x_wconf 83' lang='lat' dir='ltr'><strong>fragiles</strong></span> <span class='ocrx_word' id='word_1_431' title='bbox 473 2864 642 2936; x_wconf 89' lang='lat' dir='ltr'><strong>casibusque</strong></span> <span class='ocrx_word' id='word_1_432' title='bbox 657 2865 808 2936; x_wconf 79' lang='lat' dir='ltr'><strong>subjectas,</strong></span> <span class='ocrx_word' id='word_1_433' title='bbox 824 2869 921 2921; x_wconf 91' lang='lat' dir='ltr'><strong>tamen</strong></span> <span class='ocrx_word' id='word_1_434' title='bbox 975 2869 1103 2938; x_wconf 87' lang='lat' dir='ltr'><strong>nomine,</strong></span> <span class='ocrx_word' id='word_1_435' title='bbox 1118 2873 1177 2923; x_wconf 91' lang='lat' dir='ltr'><strong>tres</strong></span> <span class='ocrx_word' id='word_1_436' title='bbox 1190 2867 1234 2922; x_wconf 91' lang='lat' dir='ltr'><strong>illi</strong></span> <span class='ocrx_word' id='word_1_437' title='bbox 1246 2867 1352 2939; x_wconf 91' lang='lat' dir='ltr'><strong>quibus</strong></span> <span class='ocrx_word' id='word_1_438' title='bbox 1365 2883 1411 2922; x_wconf 88' lang='lat' dir='ltr'><strong>res</strong></span> <span class='ocrx_word' id='word_1_439' title='bbox 1427 2870 1579 2935; x_wconf 81' lang='lat' dir='ltr'><strong>notuerat,</strong></span> <span class='ocrx_word' id='word_1_440' title='bbox 1594 2882 1654 2921; x_wconf 89' lang='lat' dir='ltr'><strong>sese</strong></span> <span class='ocrx_word' id='word_1_441' title='bbox 1669 2872 1825 2924; x_wconf 83' lang='lat' dir='ltr'><strong>erexerunt</strong></span> 
     </span>
     <span class='ocr_line' id='line_1_31' title="bbox 56 2952 1826 3026; baseline -0.002 -14"><span class='ocrx_word' id='word_1_442' title='bbox 56 2956 209 3026; x_wconf 82' lang='lat' dir='ltr'><strong>jucundas</strong></span> <span class='ocrx_word' id='word_1_443' title='bbox 223 2972 275 3026; x_wconf 92' lang='lat' dir='ltr'><strong>pro</strong></span> <span class='ocrx_word' id='word_1_444' title='bbox 289 2954 342 3009; x_wconf 91' lang='lat' dir='ltr'><strong>hac</strong></span> <span class='ocrx_word' id='word_1_445' title='bbox 356 2954 415 3009; x_wconf 86' lang='lat' dir='ltr'><strong>vita</strong></span> <span class='ocrx_word' id='word_1_446' title='bbox 435 2955 579 3009; x_wconf 89' lang='lat' dir='ltr'><strong>cumulate</strong></span> <span class='ocrx_word' id='word_1_447' title='bbox 605 2955 741 3025; x_wconf 88' lang='lat' dir='ltr'><strong>largeque</strong></span> <span class='ocrx_word' id='word_1_448' title='bbox 756 2954 922 3025; x_wconf 85' lang='lat' dir='ltr'><strong>possideant</strong></span> <span class='ocrx_word' id='word_1_449' title='bbox 976 2954 1113 3021; x_wconf 90' lang='lat' dir='ltr'><strong>alacrius;</strong></span> <span class='ocrx_word' id='word_1_450' title='bbox 1124 2957 1153 3008; x_wconf 88' lang='lat' dir='ltr'><strong>et</strong></span> <span class='ocrx_word' id='word_1_451' title='bbox 1168 2953 1246 3008; x_wconf 88' lang='lat' dir='ltr'><strong>velut</strong></span> <span class='ocrx_word' id='word_1_452' title='bbox 1259 2953 1406 3024; x_wconf 90' lang='lat' dir='ltr'><strong>porrectis,</strong></span> <span class='ocrx_word' id='word_1_453' title='bbox 1422 2957 1455 3008; x_wconf 92' lang='lat' dir='ltr'><strong>nt</strong></span> <span class='ocrx_word' id='word_1_454' title='bbox 1480 2952 1523 3021; x_wconf 85' lang='lat' dir='ltr'><strong>tit,</strong></span> <span class='ocrx_word' id='word_1_455' title='bbox 1551 2953 1685 3008; x_wconf 88' lang='lat' dir='ltr'><strong>manibus</strong></span> <span class='ocrx_word' id='word_1_456' title='bbox 1698 2953 1826 3009; x_wconf 86' lang='lat' dir='ltr'><strong>infereu-</strong></span> 
     </span>
     <span class='ocr_line' id='line_1_32' title="bbox 61 3041 1828 3116; baseline -0.003 -14"><span class='ocrx_word' id='word_1_457' title='bbox 61 3062 120 3102; x_wconf 89' lang='lat' dir='ltr'><strong>nec</strong></span> <span class='ocrx_word' id='word_1_458' title='bbox 136 3045 295 3116; x_wconf 86' lang='lat' dir='ltr'><strong>quidquam</strong></span> <span class='ocrx_word' id='word_1_459' title='bbox 309 3043 365 3099; x_wconf 90' lang='lat' dir='ltr'><strong>illis</strong></span> <span class='ocrx_word' id='word_1_460' title='bbox 381 3059 481 3098; x_wconf 89' lang='lat' dir='ltr'><strong>eorum</strong></span> <span class='ocrx_word' id='word_1_461' title='bbox 497 3059 561 3114; x_wconf 83' lang='lat' dir='ltr'><strong>quae</strong></span> <span class='ocrx_word' id='word_1_462' title='bbox 576 3046 679 3098; x_wconf 86' lang='lat' dir='ltr'><strong>vetunt</strong></span> <span class='ocrx_word' id='word_1_463' title='bbox 694 3042 776 3098; x_wconf 88' lang='lat' dir='ltr'><strong>desit.</strong></span> <span class='ocrx_word' id='word_1_464' title='bbox 794 3042 846 3098; x_wconf 89' lang='lat' dir='ltr'><strong>Cui</strong></span> <span class='ocrx_word' id='word_1_465' title='bbox 856 3057 920 3114; x_wconf 89' lang='lat' dir='ltr'><strong>ego:</strong></span> <span class='ocrx_word' id='word_1_466' title='bbox 976 3047 1034 3098; x_wconf 90' lang='lat' dir='ltr'><strong>tem</strong></span> <span class='ocrx_word' id='word_1_467' title='bbox 1053 3042 1216 3098; x_wconf 87' lang='lat' dir='ltr'><strong>ministrum</strong></span> <span class='ocrx_word' id='word_1_468' title='bbox 1236 3042 1415 3113; x_wconf 71' lang='lat' dir='ltr'><strong>adJuverunt¹</strong></span> <span class='ocrx_word' id='word_1_469' title='bbox 1433 3041 1536 3113; x_wconf 89' lang='lat' dir='ltr'><strong>quibus</strong></span> <span class='ocrx_word' id='word_1_470' title='bbox 1551 3047 1709 3113; x_wconf 91' lang='lat' dir='ltr'><strong>potuerunt</strong></span> <span class='ocrx_word' id='word_1_471' title='bbox 1722 3042 1828 3109; x_wconf 90' lang='lat' dir='ltr'><strong>verbis,</strong></span> 
     </span>
     <span class='ocr_line' id='line_1_33' title="bbox 66 3130 1711 3204; baseline -0.001 -16"><span class='ocrx_word' id='word_1_472' title='bbox 66 3133 126 3200; x_wconf 82' lang='lat' dir='ltr'><strong>Qui</strong></span> <span class='ocrx_word' id='word_1_473' title='bbox 139 3133 231 3202; x_wconf 88' lang='lat' dir='ltr'><strong>timet,</strong></span> <span class='ocrx_word' id='word_1_474' title='bbox 249 3132 379 3204; x_wconf 88' lang='lat' dir='ltr'><strong>inquam,</strong></span> <span class='ocrx_word' id='word_1_475' title='bbox 394 3131 544 3186; x_wconf 88' lang='lat' dir='ltr'><strong>videturne</strong></span> <span class='ocrx_word' id='word_1_476' title='bbox 559 3130 612 3185; x_wconf 91' lang='lat' dir='ltr'><strong>tibi</strong></span> <span class='ocrx_word' id='word_1_477' title='bbox 632 3131 734 3186; x_wconf 88' lang='lat' dir='ltr'><strong>beatus</strong></span> <span class='ocrx_word' id='word_1_478' title='bbox 758 3132 845 3187; x_wconf 83' lang='lat' dir='ltr'><strong>esse?</strong></span> <span class='ocrx_word' id='word_1_479' title='bbox 858 3133 922 3186; x_wconf 90' lang='lat' dir='ltr'><strong>Non</strong></span> <span class='ocrx_word' id='word_1_480' title='bbox 976 3132 1049 3187; x_wconf 88' lang='lat' dir='ltr'><strong>nihil</strong></span> <span class='ocrx_word' id='word_1_481' title='bbox 1063 3148 1092 3186; x_wconf 87' lang='lat' dir='ltr'><strong>se</strong></span> <span class='ocrx_word' id='word_1_482' title='bbox 1104 3131 1259 3201; x_wconf 88' lang='lat' dir='ltr'><strong>jucundius</strong></span> <span class='ocrx_word' id='word_1_483' title='bbox 1274 3131 1420 3186; x_wconf 88' lang='lat' dir='ltr'><strong>audituros</strong></span> <span class='ocrx_word' id='word_1_484' title='bbox 1435 3146 1495 3185; x_wconf 91' lang='lat' dir='ltr'><strong>esse</strong></span> <span class='ocrx_word' id='word_1_485' title='bbox 1506 3135 1711 3186; x_wconf 87' lang='lat' dir='ltr'><strong>monstrantes.</strong></span> 
     </span>
     <span class='ocr_line' id='line_1_34' title="bbox 65 3218 1828 3292; baseline -0.002 -15"><span class='ocrx_word' id='word_1_486' title='bbox 65 3223 193 3288; x_wconf 83' lang='lat' dir='ltr'><strong>videtur,</strong></span> <span class='ocrx_word' id='word_1_487' title='bbox 209 3221 311 3292; x_wconf 89' lang='lat' dir='ltr'><strong>iuquit.</strong></span> <span class='ocrx_word' id='word_1_488' title='bbox 328 3221 400 3291; x_wconf 84' lang='lat' dir='ltr'><strong>Ergo</strong></span> <span class='ocrx_word' id='word_1_489' title='bbox 418 3220 493 3290; x_wconf 91' lang='lat' dir='ltr'><strong>quod</strong></span> <span class='ocrx_word' id='word_1_490' title='bbox 519 3224 596 3275; x_wconf 90' lang='lat' dir='ltr'><strong>amat</strong></span> <span class='ocrx_word' id='word_1_491' title='bbox 613 3219 736 3292; x_wconf 86' lang='lat' dir='ltr'><strong>quisque</strong></span> <span class='ocrx_word' id='word_1_492' title='bbox 751 3220 776 3274; x_wconf 91' lang='lat' dir='ltr'><strong>si</strong></span> <span class='ocrx_word' id='word_1_493' title='bbox 790 3220 923 3276; x_wconf 89' lang='lat' dir='ltr'><strong>amittere</strong></span> <span class='ocrx_word' id='word_1_494' title='bbox 1015 3222 1055 3275; x_wconf 77' lang='lat'><strong>14.</strong></span> <span class='ocrx_word' id='word_1_495' title='bbox 1072 3221 1145 3275; x_wconf 92' lang='lat' dir='ltr'><strong>Tum</strong></span> <span class='ocrx_word' id='word_1_496' title='bbox 1160 3235 1213 3291; x_wconf 90' lang='lat' dir='ltr'><strong>ego</strong></span> <span class='ocrx_word' id='word_1_497' title='bbox 1228 3219 1268 3275; x_wconf 86' lang='lat' dir='ltr'><strong>ita</strong></span> <span class='ocrx_word' id='word_1_498' title='bbox 1282 3235 1344 3274; x_wconf 89' lang='lat' dir='ltr'><strong>rem</strong></span> <span class='ocrx_word' id='word_1_499' title='bbox 1361 3219 1511 3290; x_wconf 89' lang='lat' dir='ltr'><strong>proposui.</strong></span> <span class='ocrx_word' id='word_1_500' title='bbox 1530 3218 1559 3274; x_wconf 90' lang='lat' dir='ltr'><strong>Si</strong></span> <span class='ocrx_word' id='word_1_501' title='bbox 1574 3220 1761 3276; x_wconf 86' lang='lat' dir='ltr'><strong>manifestum</strong></span> <span class='ocrx_word' id='word_1_502' title='bbox 1776 3223 1828 3287; x_wconf 89' lang='lat' dir='ltr'><strong>est,</strong></span> 
     </span>
     <span class='ocr_line' id='line_1_35' title="bbox 66 3303 1855 3384; baseline -0.002 -19"><span class='ocrx_word' id='word_1_503' title='bbox 66 3314 175 3384; x_wconf 88' lang='lat' dir='ltr'><strong>potest,</strong></span> <span class='ocrx_word' id='word_1_504' title='bbox 203 3313 333 3381; x_wconf 86' lang='lat' dir='ltr'><strong>potestne</strong></span> <span class='ocrx_word' id='word_1_505' title='bbox 358 3325 416 3364; x_wconf 93' lang='lat' dir='ltr'><strong>non</strong></span> <span class='ocrx_word' id='word_1_506' title='bbox 441 3308 570 3364; x_wconf 79' lang='lat' dir='ltr'><strong>timeret</strong></span> <span class='ocrx_word' id='word_1_507' title='bbox 592 3310 654 3363; x_wconf 89' lang='lat' dir='ltr'><strong>Non</strong></span> <span class='ocrx_word' id='word_1_508' title='bbox 686 3312 788 3380; x_wconf 89' lang='lat' dir='ltr'><strong>potest,</strong></span> <span class='ocrx_word' id='word_1_509' title='bbox 813 3309 920 3381; x_wconf 90' lang='lat' dir='ltr'><strong>inquit.</strong></span> <span class='ocrx_word' id='word_1_510' title='bbox 977 3310 1107 3381; x_wconf 90' lang='lat' dir='ltr'><strong>iuquam,</strong></span> <span class='ocrx_word' id='word_1_511' title='bbox 1126 3309 1243 3364; x_wconf 90' lang='lat' dir='ltr'><strong>beatum</strong></span> <span class='ocrx_word' id='word_1_512' title='bbox 1266 3325 1324 3364; x_wconf 89' lang='lat' dir='ltr'><strong>nou</strong></span> <span class='ocrx_word' id='word_1_513' title='bbox 1339 3325 1401 3365; x_wconf 90' lang='lat' dir='ltr'><strong>esse</strong></span> <span class='ocrx_word' id='word_1_514' title='bbox 1425 3309 1475 3380; x_wconf 92' lang='lat' dir='ltr'><strong>qui</strong></span> <span class='ocrx_word' id='word_1_515' title='bbox 1489 3308 1565 3380; x_wconf 93' lang='lat' dir='ltr'><strong>quod</strong></span> <span class='ocrx_word' id='word_1_516' title='bbox 1580 3309 1642 3364; x_wconf 90' lang='lat' dir='ltr'><strong>vult</strong></span> <span class='ocrx_word' id='word_1_517' title='bbox 1657 3324 1714 3364; x_wconf 92' lang='lat' dir='ltr'><strong>non</strong></span> <span class='ocrx_word' id='word_1_518' title='bbox 1732 3308 1828 3375; x_wconf 86' lang='lat' dir='ltr'><strong>habet,</strong></span> <span class='ocrx_word' id='word_1_519' title='bbox 1852 3303 1855 3309; x_wconf 79' lang='grc'><strong>’</strong></span> 
     </span>
     <span class='ocr_line' id='line_1_36' title="bbox 67 3396 1831 3472; baseline -0.002 -17"><span class='ocrx_word' id='word_1_520' title='bbox 67 3398 172 3456; x_wconf 68' lang='lat' dir='ltr'><strong>amitti</strong></span> <span class='ocrx_word' id='word_1_521' title='bbox 191 3396 613 3469; x_wconf 87' lang='lat' dir='ltr'><strong>autempossuntillalortuita.</strong></span> <span class='ocrx_word' id='word_1_522' title='bbox 631 3399 693 3452; x_wconf 90' lang='lat' dir='ltr'><strong>Non</strong></span> <span class='ocrx_word' id='word_1_523' title='bbox 706 3397 863 3469; x_wconf 76' lang='lat' dir='ltr'><strong>igitnrhaec</strong></span> <span class='ocrx_word' id='word_1_524' title='bbox 873 3398 924 3470; x_wconf 92' lang='lat' dir='ltr'><strong>qni</strong></span> <span class='ocrx_word' id='word_1_525' title='bbox 979 3399 1152 3472; x_wconf 88' lang='lat' dir='ltr'><strong>quodpaulo</strong></span> <span class='ocrx_word' id='word_1_526' title='bbox 1163 3398 1310 3453; x_wconf 70' lang='lat' dir='ltr'><strong>antei-atio</strong></span> <span class='ocrx_word' id='word_1_527' title='bbox 1320 3397 1635 3463; x_wconf 83' lang='lat' dir='ltr'><strong>demonstravit3nemo</strong></span> <span class='ocrx_word' id='word_1_528' title='bbox 1645 3401 1742 3452; x_wconf 87' lang='lat' dir='ltr'><strong>autem</strong></span> <span class='ocrx_word' id='word_1_529' title='bbox 1754 3411 1831 3466; x_wconf 77' lang='lat' dir='ltr'><strong>qure-</strong></span> 
     </span>
     <span class='ocr_line' id='line_1_37' title="bbox 68 3484 1831 3560; baseline -0.003 -16"><span class='ocrx_word' id='word_1_530' title='bbox 68 3493 150 3545; x_wconf 90' lang='lat' dir='ltr'><strong>amat</strong></span> <span class='ocrx_word' id='word_1_531' title='bbox 163 3492 191 3543; x_wconf 90' lang='lat' dir='ltr'><strong>et</strong></span> <span class='ocrx_word' id='word_1_532' title='bbox 205 3487 341 3559; x_wconf 91' lang='lat' dir='ltr'><strong>possidet,</strong></span> <span class='ocrx_word' id='word_1_533' title='bbox 354 3491 449 3559; x_wconf 92' lang='lat' dir='ltr'><strong>potest</strong></span> <span class='ocrx_word' id='word_1_534' title='bbox 462 3488 520 3542; x_wconf 93' lang='lat' dir='ltr'><strong>ullo</strong></span> <span class='ocrx_word' id='word_1_535' title='bbox 536 3486 623 3542; x_wconf 92' lang='lat' dir='ltr'><strong>modo</strong></span> <span class='ocrx_word' id='word_1_536' title='bbox 639 3486 739 3542; x_wconf 89' lang='lat' dir='ltr'><strong>beatus</strong></span> <span class='ocrx_word' id='word_1_537' title='bbox 757 3504 827 3542; x_wconf 90' lang='lat' dir='ltr'><strong>esse.</strong></span> <span class='ocrx_word' id='word_1_538' title='bbox 847 3488 924 3544; x_wconf 90' lang='lat' dir='ltr'><strong>Nihil</strong></span> <span class='ocrx_word' id='word_1_539' title='bbox 978 3489 1017 3543; x_wconf 90' lang='lat' dir='ltr'><strong>rit</strong></span> <span class='ocrx_word' id='word_1_540' title='bbox 1030 3487 1246 3560; x_wconf 90' lang='lat' dir='ltr'><strong>quodinvenire</strong></span> <span class='ocrx_word' id='word_1_541' title='bbox 1259 3503 1318 3542; x_wconf 92' lang='lat' dir='ltr'><strong>non</strong></span> <span class='ocrx_word' id='word_1_542' title='bbox 1329 3488 1400 3554; x_wconf 90' lang='lat' dir='ltr'><strong>vult,</strong></span> <span class='ocrx_word' id='word_1_543' title='bbox 1415 3490 1443 3541; x_wconf 93' lang='lat' dir='ltr'><strong>et</strong></span> <span class='ocrx_word' id='word_1_544' title='bbox 1453 3489 1589 3557; x_wconf 76' lang='lat' dir='ltr'><strong>quaerunt</strong></span> <span class='ocrx_word' id='word_1_545' title='bbox 1601 3484 1644 3539; x_wconf 89' lang='lat' dir='ltr'><strong>illi</strong></span> <span class='ocrx_word' id='word_1_546' title='bbox 1657 3500 1772 3556; x_wconf 90' lang='lat' dir='ltr'><strong>semper</strong></span> <span class='ocrx_word' id='word_1_547' title='bbox 1786 3500 1831 3539; x_wconf 90' lang='lat' dir='ltr'><strong>ve·</strong></span> 
     </span>
     <span class='ocr_line' id='line_1_38' title="bbox 67 3573 1829 3649; baseline -0.002 -16"><span class='ocrx_word' id='word_1_548' title='bbox 67 3575 252 3649; x_wconf 81' lang='lat' dir='ltr'><strong>repugnavit.</strong></span> <span class='ocrx_word' id='word_1_549' title='bbox 266 3576 324 3630; x_wconf 90' lang='lat' dir='ltr'><strong>lloc</strong></span> <span class='ocrx_word' id='word_1_550' title='bbox 344 3576 404 3629; x_wconf 90' lang='lat' dir='ltr'><strong>loeo</strong></span> <span class='ocrx_word' id='word_1_551' title='bbox 423 3579 520 3630; x_wconf 91' lang='lat' dir='ltr'><strong>autem</strong></span> <span class='ocrx_word' id='word_1_552' title='bbox 536 3579 652 3630; x_wconf 88' lang='lat' dir='ltr'><strong>mater:</strong></span> <span class='ocrx_word' id='word_1_553' title='bbox 670 3573 785 3628; x_wconf 85' lang='lat' dir='ltr'><strong>Etiamsi</strong></span> <span class='ocrx_word' id='word_1_554' title='bbox 808 3590 925 3631; x_wconf 90' lang='lat' dir='ltr'><strong>securus</strong></span> <span class='ocrx_word' id='word_1_555' title='bbox 978 3577 1107 3632; x_wconf 86' lang='lat' dir='ltr'><strong>ritatem:</strong></span> <span class='ocrx_word' id='word_1_556' title='bbox 1125 3576 1225 3633; x_wconf 90' lang='lat' dir='ltr'><strong>volunt</strong></span> <span class='ocrx_word' id='word_1_557' title='bbox 1246 3592 1315 3648; x_wconf 86' lang='lat' dir='ltr'><strong>ergo</strong></span> <span class='ocrx_word' id='word_1_558' title='bbox 1340 3575 1485 3643; x_wconf 90' lang='lat' dir='ltr'><strong>invenire;</strong></span> <span class='ocrx_word' id='word_1_559' title='bbox 1500 3574 1600 3629; x_wconf 90' lang='lat' dir='ltr'><strong>volunt</strong></span> <span class='ocrx_word' id='word_1_560' title='bbox 1620 3573 1710 3646; x_wconf 89' lang='lat' dir='ltr'><strong>igitur</strong></span> <span class='ocrx_word' id='word_1_561' title='bbox 1722 3573 1829 3629; x_wconf 89' lang='lat' dir='ltr'><strong>habere</strong></span> 
     </span>
     <span class='ocr_line' id='line_1_39' title="bbox 69 3661 1831 3737; baseline -0.001 -19"><span class='ocrx_word' id='word_1_562' title='bbox 69 3667 109 3721; x_wconf 91' lang='lat' dir='ltr'><strong>sit</strong></span> <span class='ocrx_word' id='word_1_563' title='bbox 123 3664 228 3737; x_wconf 89' lang='lat' dir='ltr'><strong>inquit,</strong></span> <span class='ocrx_word' id='word_1_564' title='bbox 245 3680 277 3718; x_wconf 87' lang='lat' dir='ltr'><strong>ea</strong></span> <span class='ocrx_word' id='word_1_565' title='bbox 291 3680 321 3718; x_wconf 92' lang='lat' dir='ltr'><strong>se</strong></span> <span class='ocrx_word' id='word_1_566' title='bbox 336 3663 433 3718; x_wconf 86' lang='lat' dir='ltr'><strong>omnia</strong></span> <span class='ocrx_word' id='word_1_567' title='bbox 456 3680 514 3718; x_wconf 91' lang='lat' dir='ltr'><strong>uon</strong></span> <span class='ocrx_word' id='word_1_568' title='bbox 539 3678 598 3717; x_wconf 90' lang='lat' dir='ltr'><strong>esse</strong></span> <span class='ocrx_word' id='word_1_569' title='bbox 625 3662 810 3729; x_wconf 89' lang='lat' dir='ltr'><strong>amissurum,</strong></span> <span class='ocrx_word' id='word_1_570' title='bbox 827 3665 925 3717; x_wconf 83' lang='lat' dir='ltr'><strong>tamen</strong></span> <span class='ocrx_word' id='word_1_571' title='bbox 979 3665 1174 3720; x_wconf 91' lang='lat' dir='ltr'><strong>inventionem</strong></span> <span class='ocrx_word' id='word_1_572' title='bbox 1198 3664 1334 3720; x_wconf 87' lang='lat' dir='ltr'><strong>veritatis.</strong></span> <span class='ocrx_word' id='word_1_573' title='bbox 1350 3666 1387 3719; x_wconf 78' lang='lat' dir='ltr'><strong>At</strong></span> <span class='ocrx_word' id='word_1_574' title='bbox 1410 3680 1468 3719; x_wconf 93' lang='lat' dir='ltr'><strong>nou</strong></span> <span class='ocrx_word' id='word_1_575' title='bbox 1482 3663 1634 3718; x_wconf 86' lang='lat' dir='ltr'><strong>inveniunt</strong></span> <span class='ocrx_word' id='word_1_576' title='bbox 1649 3661 1675 3717; x_wconf 86' lang='lat'><strong>¹:</strong></span> <span class='ocrx_word' id='word_1_577' title='bbox 1701 3662 1831 3734; x_wconf 90' lang='lat' dir='ltr'><strong>sequitur</strong></span> 
     </span>
     <span class='ocr_line' id='line_1_40' title="bbox 69 3751 1829 3825; baseline -0.002 -14"><span class='ocrx_word' id='word_1_578' title='bbox 69 3755 176 3811; x_wconf 90' lang='lat' dir='ltr'><strong>talibus</strong></span> <span class='ocrx_word' id='word_1_579' title='bbox 193 3753 289 3809; x_wconf 87' lang='lat' dir='ltr'><strong>satiari</strong></span> <span class='ocrx_word' id='word_1_580' title='bbox 303 3752 480 3824; x_wconf 90' lang='lat' dir='ltr'><strong>nonpoterit.</strong></span> <span class='ocrx_word' id='word_1_581' title='bbox 497 3754 570 3823; x_wconf 85' lang='lat' dir='ltr'><strong>Ergo</strong></span> <span class='ocrx_word' id='word_1_582' title='bbox 585 3755 614 3807; x_wconf 93' lang='lat' dir='ltr'><strong>et</strong></span> <span class='ocrx_word' id='word_1_583' title='bbox 628 3768 661 3806; x_wconf 89' lang='lat' dir='ltr'><strong>eo</strong></span> <span class='ocrx_word' id='word_1_584' title='bbox 674 3751 771 3819; x_wconf 92' lang='lat' dir='ltr'><strong>miser,</strong></span> <span class='ocrx_word' id='word_1_585' title='bbox 786 3767 843 3823; x_wconf 89' lang='lat' dir='ltr'><strong>quo</strong></span> <span class='ocrx_word' id='word_1_586' title='bbox 854 3766 926 3805; x_wconf 89' lang='lat' dir='ltr'><strong>sern-</strong></span> <span class='ocrx_word' id='word_1_587' title='bbox 980 3770 1027 3809; x_wconf 91' lang='lat' dir='ltr'><strong>eos</strong></span> <span class='ocrx_word' id='word_1_588' title='bbox 1042 3770 1101 3809; x_wconf 91' lang='lat' dir='ltr'><strong>non</strong></span> <span class='ocrx_word' id='word_1_589' title='bbox 1116 3753 1222 3808; x_wconf 87' lang='lat' dir='ltr'><strong>habere</strong></span> <span class='ocrx_word' id='word_1_590' title='bbox 1238 3752 1314 3825; x_wconf 91' lang='lat' dir='ltr'><strong>quod</strong></span> <span class='ocrx_word' id='word_1_591' title='bbox 1328 3753 1442 3820; x_wconf 71' lang='lat' dir='ltr'><strong>volunt,</strong></span> <span class='ocrx_word' id='word_1_592' title='bbox 1459 3756 1487 3807; x_wconf 90' lang='lat' dir='ltr'><strong>et</strong></span> <span class='ocrx_word' id='word_1_593' title='bbox 1497 3769 1531 3807; x_wconf 87' lang='lat' dir='ltr'><strong>ex</strong></span> <span class='ocrx_word' id='word_1_594' title='bbox 1547 3768 1581 3807; x_wconf 92' lang='lat' dir='ltr'><strong>eo</strong></span> <span class='ocrx_word' id='word_1_595' title='bbox 1594 3751 1726 3824; x_wconf 89' lang='lat' dir='ltr'><strong>sequitur</strong></span> <span class='ocrx_word' id='word_1_596' title='bbox 1742 3752 1829 3807; x_wconf 89' lang='lat' dir='ltr'><strong>etiam</strong></span> 
     </span>
     <span class='ocr_line' id='line_1_41' title="bbox 69 3840 1833 3916; baseline -0.002 -18"><span class='ocrx_word' id='word_1_597' title='bbox 69 3860 126 3916; x_wconf 88' lang='lat' dir='ltr'><strong>per</strong></span> <span class='ocrx_word' id='word_1_598' title='bbox 140 3846 183 3899; x_wconf 90' lang='lat' dir='ltr'><strong>est</strong></span> <span class='ocrx_word' id='word_1_599' title='bbox 194 3842 322 3913; x_wconf 89' lang='lat' dir='ltr'><strong>indigus.</strong></span> <span class='ocrx_word' id='word_1_600' title='bbox 343 3841 473 3913; x_wconf 86' lang='lat' dir='ltr'><strong>Cuiego:</strong></span> <span class='ocrx_word' id='word_1_601' title='bbox 487 3841 571 3906; x_wconf 86' lang='lat' dir='ltr'><strong>Quid,</strong></span> <span class='ocrx_word' id='word_1_602' title='bbox 587 3841 717 3913; x_wconf 89' lang='lat' dir='ltr'><strong>inquam,</strong></span> <span class='ocrx_word' id='word_1_603' title='bbox 733 3840 779 3896; x_wconf 92' lang='lat' dir='ltr'><strong>his</strong></span> <span class='ocrx_word' id='word_1_604' title='bbox 791 3840 925 3896; x_wconf 89' lang='lat' dir='ltr'><strong>omnibus</strong></span> <span class='ocrx_word' id='word_1_605' title='bbox 980 3843 1077 3898; x_wconf 90' lang='lat' dir='ltr'><strong>beatos</strong></span> <span class='ocrx_word' id='word_1_606' title='bbox 1087 3858 1146 3897; x_wconf 92' lang='lat' dir='ltr'><strong>non</strong></span> <span class='ocrx_word' id='word_1_607' title='bbox 1156 3858 1228 3897; x_wconf 89' lang='lat' dir='ltr'><strong>esse.</strong></span> <span class='ocrx_word' id='word_1_608' title='bbox 1239 3844 1276 3897; x_wconf 79' lang='lat' dir='ltr'><strong>at</strong></span> <span class='ocrx_word' id='word_1_609' title='bbox 1289 3857 1374 3896; x_wconf 91' lang='lat' dir='ltr'><strong>nemo</strong></span> <span class='ocrx_word' id='word_1_610' title='bbox 1383 3841 1507 3913; x_wconf 86' lang='lat' dir='ltr'><strong>sapiens,</strong></span> <span class='ocrx_word' id='word_1_611' title='bbox 1521 3841 1577 3895; x_wconf 92' lang='lat' dir='ltr'><strong>nisi</strong></span> <span class='ocrx_word' id='word_1_612' title='bbox 1588 3842 1702 3897; x_wconf 90' lang='lat' dir='ltr'><strong>beatus:</strong></span> <span class='ocrx_word' id='word_1_613' title='bbox 1718 3841 1833 3912; x_wconf 87' lang='lat' dir='ltr'><strong>sapiens</strong></span> 
     </span>
     <span class='ocr_line' id='line_1_42' title="bbox 72 3928 1833 4003; baseline -0.002 -14"><span class='ocrx_word' id='word_1_614' title='bbox 72 3932 224 3989; x_wconf 88' lang='lat' dir='ltr'><strong>abundans</strong></span> <span class='ocrx_word' id='word_1_615' title='bbox 238 3930 324 3986; x_wconf 89' lang='lat' dir='ltr'><strong>rebus</strong></span> <span class='ocrx_word' id='word_1_616' title='bbox 338 3936 424 4001; x_wconf 87' lang='lat' dir='ltr'><strong>atque</strong></span> <span class='ocrx_word' id='word_1_617' title='bbox 443 3928 656 3996; x_wconf 83' lang='lat' dir='ltr'><strong>circumfluens,</strong></span> <span class='ocrx_word' id='word_1_618' title='bbox 679 3930 703 3985; x_wconf 89' lang='lat' dir='ltr'><strong>si</strong></span> <span class='ocrx_word' id='word_1_619' title='bbox 713 3929 849 4001; x_wconf 90' lang='lat' dir='ltr'><strong>cupiendi</strong></span> <span class='ocrx_word' id='word_1_620' title='bbox 864 3946 926 3985; x_wconf 89' lang='lat' dir='ltr'><strong>mo·</strong></span> <span class='ocrx_word' id='word_1_621' title='bbox 980 3932 1068 4003; x_wconf 89' lang='lat' dir='ltr'><strong>igitur</strong></span> <span class='ocrx_word' id='word_1_622' title='bbox 1077 3930 1263 3987; x_wconf 86' lang='lat' dir='ltr'><strong>Academicus</strong></span> <span class='ocrx_word' id='word_1_623' title='bbox 1270 3946 1328 3986; x_wconf 91' lang='lat' dir='ltr'><strong>non</strong></span> <span class='ocrx_word' id='word_1_624' title='bbox 1336 3935 1387 3987; x_wconf 90' lang='lat' dir='ltr'><strong>est.</strong></span> <span class='ocrx_word' id='word_1_625' title='bbox 1399 3930 1449 3985; x_wconf 85' lang='lat' dir='ltr'><strong>llic</strong></span> <span class='ocrx_word' id='word_1_626' title='bbox 1455 3933 1573 4000; x_wconf 89' lang='lat' dir='ltr'><strong>repente</strong></span> <span class='ocrx_word' id='word_1_627' title='bbox 1583 3929 1635 3994; x_wconf 86' lang='lat' dir='ltr'><strong>illi,</strong></span> <span class='ocrx_word' id='word_1_628' title='bbox 1647 3929 1730 4001; x_wconf 89' lang='lat' dir='ltr'><strong>quasi</strong></span> <span class='ocrx_word' id='word_1_629' title='bbox 1740 3934 1833 3986; x_wconf 91' lang='lat' dir='ltr'><strong>totum</strong></span> 
     </span>
     <span class='ocr_line' id='line_1_43' title="bbox 72 4019 1834 4093; baseline -0.002 -15"><span class='ocrx_word' id='word_1_630' title='bbox 72 4024 143 4079; x_wconf 88' lang='lat' dir='ltr'><strong>duro</strong></span> <span class='ocrx_word' id='word_1_631' title='bbox 157 4021 211 4077; x_wconf 89' lang='lat' dir='ltr'><strong>sibi</strong></span> <span class='ocrx_word' id='word_1_632' title='bbox 222 4024 336 4087; x_wconf 88' lang='lat' dir='ltr'><strong>statuat,</strong></span> <span class='ocrx_word' id='word_1_633' title='bbox 352 4019 448 4092; x_wconf 89' lang='lat' dir='ltr'><strong>eisque</strong></span> <span class='ocrx_word' id='word_1_634' title='bbox 463 4024 613 4074; x_wconf 90' lang='lat' dir='ltr'><strong>contentus</strong></span> <span class='ocrx_word' id='word_1_635' title='bbox 629 4019 765 4075; x_wconf 89' lang='lat' dir='ltr'><strong>decenter</strong></span> <span class='ocrx_word' id='word_1_636' title='bbox 783 4019 927 4086; x_wconf 82' lang='lat' dir='ltr'><strong>jucunde·</strong></span> <span class='ocrx_word' id='word_1_637' title='bbox 981 4020 1370 4093; x_wconf 83' lang='lat' dir='ltr'><strong>rapientesexclamaverunt.</strong></span> <span class='ocrx_word' id='word_1_638' title='bbox 1378 4020 1432 4076; x_wconf 85' lang='lat' dir='ltr'><strong>Sed</strong></span> <span class='ocrx_word' id='word_1_639' title='bbox 1440 4019 1728 4075; x_wconf 87' lang='lat' dir='ltr'><strong>Licentiusattentius</strong></span> <span class='ocrx_word' id='word_1_640' title='bbox 1737 4024 1834 4074; x_wconf 88' lang='lat' dir='ltr'><strong>etcau·</strong></span> 
     </span>
     <span class='ocr_line' id='line_1_44' title="bbox 72 4107 1833 4184; baseline -0.002 -18"><span class='ocrx_word' id='word_1_641' title='bbox 72 4127 131 4184; x_wconf 87' lang='lat' dir='ltr'><strong>que</strong></span> <span class='ocrx_word' id='word_1_642' title='bbox 142 4110 307 4183; x_wconf 80' lang='lat' dir='ltr'><strong>perfruatur</strong></span> <span class='ocrx_word' id='word_1_643' title='bbox 319 4126 326 4177; x_wconf 92' lang='lat'>;</span> <span class='ocrx_word' id='word_1_644' title='bbox 342 4124 438 4164; x_wconf 91' lang='lat' dir='ltr'><strong>nonne</strong></span> <span class='ocrx_word' id='word_1_645' title='bbox 451 4109 503 4164; x_wconf 93' lang='lat' dir='ltr'><strong>tibi</strong></span> <span class='ocrx_word' id='word_1_646' title='bbox 516 4107 629 4163; x_wconf 90' lang='lat' dir='ltr'><strong>videtur</strong></span> <span class='ocrx_word' id='word_1_647' title='bbox 646 4108 832 4163; x_wconf 73' lang='lat' dir='ltr'><strong>beatusiNon</strong></span> <span class='ocrx_word' id='word_1_648' title='bbox 847 4125 927 4180; x_wconf 90' lang='lat' dir='ltr'><strong>ergo,</strong></span> <span class='ocrx_word' id='word_1_649' title='bbox 982 4109 1038 4165; x_wconf 90' lang='lat' dir='ltr'><strong>tius</strong></span> <span class='ocrx_word' id='word_1_650' title='bbox 1048 4109 1197 4166; x_wconf 89' lang='lat' dir='ltr'><strong>advertens</strong></span> <span class='ocrx_word' id='word_1_651' title='bbox 1208 4109 1305 4164; x_wconf 91' lang='lat' dir='ltr'><strong>timuit</strong></span> <span class='ocrx_word' id='word_1_652' title='bbox 1317 4108 1523 4178; x_wconf 88' lang='lat' dir='ltr'><strong>assensionem,</strong></span> <span class='ocrx_word' id='word_1_653' title='bbox 1535 4112 1621 4179; x_wconf 89' lang='lat' dir='ltr'><strong>atque</strong></span> <span class='ocrx_word' id='word_1_654' title='bbox 1632 4107 1769 4178; x_wconf 88' lang='lat' dir='ltr'><strong>subjecit:</strong></span> <span class='ocrx_word' id='word_1_655' title='bbox 1780 4109 1833 4162; x_wconf 81' lang='lat' dir='ltr'><strong>lta-</strong></span> 
     </span>
     <span class='ocr_line' id='line_1_45' title="bbox 73 4194 1835 4272; baseline -0.004 -16"><span class='ocrx_word' id='word_1_656' title='bbox 73 4199 180 4272; x_wconf 88' lang='lat' dir='ltr'><strong>inquit,</strong></span> <span class='ocrx_word' id='word_1_657' title='bbox 195 4198 252 4254; x_wconf 91' lang='lat' dir='ltr'><strong>illis</strong></span> <span class='ocrx_word' id='word_1_658' title='bbox 267 4199 361 4265; x_wconf 87' lang='lat' dir='ltr'><strong>rebus,</strong></span> <span class='ocrx_word' id='word_1_659' title='bbox 378 4196 428 4253; x_wconf 89' lang='lat' dir='ltr'><strong>sed</strong></span> <span class='ocrx_word' id='word_1_660' title='bbox 450 4197 539 4252; x_wconf 91' lang='lat' dir='ltr'><strong>animi</strong></span> <span class='ocrx_word' id='word_1_661' title='bbox 554 4196 598 4251; x_wconf 92' lang='lat' dir='ltr'><strong>sui</strong></span> <span class='ocrx_word' id='word_1_662' title='bbox 612 4196 811 4252; x_wconf 90' lang='lat' dir='ltr'><strong>moderatione</strong></span> <span class='ocrx_word' id='word_1_663' title='bbox 825 4197 928 4252; x_wconf 88' lang='lat' dir='ltr'><strong>heatus</strong></span> <span class='ocrx_word' id='word_1_664' title='bbox 982 4201 1035 4272; x_wconf 86' lang='lat' dir='ltr'><strong>pai</strong></span> <span class='ocrx_word' id='word_1_665' title='bbox 1049 4200 1166 4272; x_wconf 88' lang='lat' dir='ltr'><strong>quidem</strong></span> <span class='ocrx_word' id='word_1_666' title='bbox 1192 4199 1349 4266; x_wconf 90' lang='lat' dir='ltr'><strong>vobiscum,</strong></span> <span class='ocrx_word' id='word_1_667' title='bbox 1371 4197 1514 4269; x_wconf 89' lang='lat' dir='ltr'><strong>siquidem</strong></span> <span class='ocrx_word' id='word_1_668' title='bbox 1529 4194 1686 4250; x_wconf 88' lang='lat' dir='ltr'><strong>exclamavi</strong></span> <span class='ocrx_word' id='word_1_669' title='bbox 1701 4194 1751 4250; x_wconf 90' lang='lat' dir='ltr'><strong>illa</strong></span> <span class='ocrx_word' id='word_1_670' title='bbox 1765 4209 1835 4249; x_wconf 88' lang='lat' dir='ltr'><strong>con-</strong></span> 
     </span>
     <span class='ocr_line' id='line_1_46' title="bbox 73 4281 1834 4360; baseline -0.003 -16"><span class='ocrx_word' id='word_1_671' title='bbox 73 4293 129 4347; x_wconf 91' lang='lat' dir='ltr'><strong>est.</strong></span> <span class='ocrx_word' id='word_1_672' title='bbox 149 4287 272 4360; x_wconf 88' lang='lat' dir='ltr'><strong>Optime,</strong></span> <span class='ocrx_word' id='word_1_673' title='bbox 288 4287 417 4359; x_wconf 89' lang='lat' dir='ltr'><strong>inquam,</strong></span> <span class='ocrx_word' id='word_1_674' title='bbox 441 4303 494 4341; x_wconf 90' lang='lat' dir='ltr'><strong>nec</strong></span> <span class='ocrx_word' id='word_1_675' title='bbox 508 4285 574 4340; x_wconf 91' lang='lat' dir='ltr'><strong>huic</strong></span> <span class='ocrx_word' id='word_1_676' title='bbox 597 4283 816 4355; x_wconf 90' lang='lat' dir='ltr'><strong>interrogationi</strong></span> <span class='ocrx_word' id='word_1_677' title='bbox 840 4284 928 4353; x_wconf 90' lang='lat' dir='ltr'><strong>aliud,</strong></span> <span class='ocrx_word' id='word_1_678' title='bbox 983 4288 1109 4344; x_wconf 89' lang='lat' dir='ltr'><strong>elusione</strong></span> <span class='ocrx_word' id='word_1_679' title='bbox 1125 4291 1296 4342; x_wconf 89' lang='lat' dir='ltr'><strong>commotus.</strong></span> <span class='ocrx_word' id='word_1_680' title='bbox 1312 4285 1366 4341; x_wconf 90' lang='lat' dir='ltr'><strong>Sed</strong></span> <span class='ocrx_word' id='word_1_681' title='bbox 1376 4286 1449 4340; x_wconf 89' lang='lat' dir='ltr'><strong>nibil</strong></span> <span class='ocrx_word' id='word_1_682' title='bbox 1462 4285 1530 4340; x_wconf 92' lang='lat' dir='ltr'><strong>hinc</strong></span> <span class='ocrx_word' id='word_1_683' title='bbox 1544 4283 1695 4338; x_wconf 87' lang='lat' dir='ltr'><strong>admittam</strong></span> <span class='ocrx_word' id='word_1_684' title='bbox 1702 4281 1733 4335; x_wconf 94' lang='lat' dir='ltr'><strong>in</strong></span> <span class='ocrx_word' id='word_1_685' title='bbox 1746 4282 1834 4339; x_wconf 85' lang='lat' dir='ltr'><strong>visce-</strong></span> 
     </span>
     <span class='ocr_line' id='line_1_47' title="bbox 74 4368 1834 4447; baseline -0.006 -15"><span class='ocrx_word' id='word_1_686' title='bbox 74 4394 128 4433; x_wconf 89' lang='lat' dir='ltr'><strong>nee</strong></span> <span class='ocrx_word' id='word_1_687' title='bbox 143 4376 235 4431; x_wconf 90' lang='lat' dir='ltr'><strong>abste</strong></span> <span class='ocrx_word' id='word_1_688' title='bbox 250 4375 327 4431; x_wconf 88' lang='lat' dir='ltr'><strong>aliud</strong></span> <span class='ocrx_word' id='word_1_689' title='bbox 339 4374 438 4430; x_wconf 88' lang='lat' dir='ltr'><strong>debuit</strong></span> <span class='ocrx_word' id='word_1_690' title='bbox 453 4372 630 4444; x_wconf 89' lang='lat' dir='ltr'><strong>responderi.</strong></span> <span class='ocrx_word' id='word_1_691' title='bbox 648 4373 721 4443; x_wconf 85' lang='lat' dir='ltr'><strong>Ergo</strong></span> <span class='ocrx_word' id='word_1_692' title='bbox 738 4371 817 4426; x_wconf 93' lang='lat' dir='ltr'><strong>nullo</strong></span> <span class='ocrx_word' id='word_1_693' title='bbox 842 4372 929 4427; x_wconf 91' lang='lat' dir='ltr'><strong>modo</strong></span> <span class='ocrx_word' id='word_1_694' title='bbox 982 4392 1024 4444; x_wconf 89' lang='lat' dir='ltr'><strong>ra,</strong></span> <span class='ocrx_word' id='word_1_695' title='bbox 1046 4381 1074 4431; x_wconf 89' lang='lat' dir='ltr'><strong>et</strong></span> <span class='ocrx_word' id='word_1_696' title='bbox 1088 4380 1199 4447; x_wconf 86' lang='lat' dir='ltr'><strong>partem</strong></span> <span class='ocrx_word' id='word_1_697' title='bbox 1213 4391 1309 4430; x_wconf 90' lang='lat' dir='ltr'><strong>meam</strong></span> <span class='ocrx_word' id='word_1_698' title='bbox 1323 4376 1442 4429; x_wconf 85' lang='lat' dir='ltr'><strong>servabo</strong></span> <span class='ocrx_word' id='word_1_699' title='bbox 1456 4372 1574 4444; x_wconf 80' lang='lat' dir='ltr'><strong>Alypio:</strong></span> <span class='ocrx_word' id='word_1_700' title='bbox 1591 4385 1658 4426; x_wconf 90' lang='lat' dir='ltr'><strong>narn</strong></span> <span class='ocrx_word' id='word_1_701' title='bbox 1682 4368 1834 4424; x_wconf 86' lang='lat' dir='ltr'><strong>autsimul</strong></span> 
     </span>
     <span class='ocr_line' id='line_1_48' title="bbox 75 4459 1835 4535; baseline -0.012 -14"><span class='ocrx_word' id='word_1_702' title='bbox 75 4464 253 4530; x_wconf 72' lang='lat' dir='ltr'><strong>dubitamus,</strong></span> <span class='ocrx_word' id='word_1_703' title='bbox 269 4464 293 4518; x_wconf 79' lang='lat' dir='ltr'><strong>si</strong></span> <span class='ocrx_word' id='word_1_704' title='bbox 307 4464 371 4535; x_wconf 78' lang='lat' dir='ltr'><strong>quis</strong></span> <span class='ocrx_word' id='word_1_705' title='bbox 386 4463 484 4517; x_wconf 78' lang='lat' dir='ltr'><strong>beatus</strong></span> <span class='ocrx_word' id='word_1_706' title='bbox 508 4478 569 4515; x_wconf 74' lang='lat' dir='ltr'><strong>esse</strong></span> <span class='ocrx_word' id='word_1_707' title='bbox 596 4460 707 4530; x_wconf 70' lang='lat' dir='ltr'><strong>Statuit,</strong></span> <span class='ocrx_word' id='word_1_708' title='bbox 731 4459 761 4516; x_wconf 78' lang='lat' dir='ltr'><strong>ld</strong></span> <span class='ocrx_word' id='word_1_709' title='bbox 784 4475 852 4515; x_wconf 73' lang='lat' dir='ltr'><strong>eum</strong></span> <span class='ocrx_word' id='word_1_710' title='bbox 875 4459 930 4515; x_wconf 77' lang='lat' dir='ltr'><strong>sibi</strong></span> <span class='ocrx_word' id='word_1_711' title='bbox 983 4481 1047 4520; x_wconf 78' lang='lat' dir='ltr'><strong>eam</strong></span> <span class='ocrx_word' id='word_1_712' title='bbox 1061 4480 1174 4520; x_wconf 78' lang='lat' dir='ltr'><strong>mecum</strong></span> <span class='ocrx_word' id='word_1_713' title='bbox 1186 4464 1301 4529; x_wconf 70' lang='lat' dir='ltr'><strong>lambet,</strong></span> <span class='ocrx_word' id='word_1_714' title='bbox 1317 4467 1368 4518; x_wconf 73' lang='lat' dir='ltr'><strong>aut</strong></span> <span class='ocrx_word' id='word_1_715' title='bbox 1381 4478 1427 4518; x_wconf 78' lang='lat' dir='ltr'><strong>me</strong></span> <span class='ocrx_word' id='word_1_716' title='bbox 1437 4459 1604 4516; x_wconf 74' lang='lat' dir='ltr'><strong>admonebit</strong></span> <span class='ocrx_word' id='word_1_717' title='bbox 1614 4474 1666 4513; x_wconf 80' lang='lat' dir='ltr'><strong>cur</strong></span> <span class='ocrx_word' id='word_1_718' title='bbox 1678 4473 1737 4512; x_wconf 82' lang='lat' dir='ltr'><strong>non</strong></span> <span class='ocrx_word' id='word_1_719' title='bbox 1750 4473 1835 4529; x_wconf 76' lang='lat' dir='ltr'><strong>opor.</strong></span> 
     </span>
     <span class='ocr_line' id='line_1_49' title="bbox 75 4545 1830 4626; baseline -0.005 -17"><span class='ocrx_word' id='word_1_720' title='bbox 75 4569 243 4626; x_wconf 89' lang='lat' dir='ltr'><strong>comparare</strong></span> <span class='ocrx_word' id='word_1_721' title='bbox 255 4552 358 4608; x_wconf 87' lang='lat' dir='ltr'><strong>debere</strong></span> <span class='ocrx_word' id='word_1_722' title='bbox 372 4551 449 4623; x_wconf 90' lang='lat' dir='ltr'><strong>quod</strong></span> <span class='ocrx_word' id='word_1_723' title='bbox 465 4566 577 4622; x_wconf 88' lang='lat' dir='ltr'><strong>semper</strong></span> <span class='ocrx_word' id='word_1_724' title='bbox 592 4553 700 4617; x_wconf 89' lang='lat' dir='ltr'><strong>manet,</strong></span> <span class='ocrx_word' id='word_1_725' title='bbox 728 4565 779 4604; x_wconf 90' lang='lat' dir='ltr'><strong>nec</strong></span> <span class='ocrx_word' id='word_1_726' title='bbox 793 4550 853 4605; x_wconf 91' lang='lat' dir='ltr'><strong>ulla</strong></span> <span class='ocrx_word' id='word_1_727' title='bbox 876 4565 930 4604; x_wconf 86' lang='lat' dir='ltr'><strong>sae·</strong></span> <span class='ocrx_word' id='word_1_728' title='bbox 982 4557 1040 4608; x_wconf 91' lang='lat' dir='ltr'><strong>teat</strong></span> <span class='ocrx_word' id='word_1_729' title='bbox 1055 4552 1204 4623; x_wconf 91' lang='lat' dir='ltr'><strong>attingere.</strong></span> <span class='ocrx_word' id='word_1_730' title='bbox 1222 4551 1330 4619; x_wconf 85' lang='lat' dir='ltr'><strong>Dulcia,</strong></span> <span class='ocrx_word' id='word_1_731' title='bbox 1346 4550 1476 4621; x_wconf 86' lang='lat' dir='ltr'><strong>inquam,</strong></span> <span class='ocrx_word' id='word_1_732' title='bbox 1492 4545 1584 4618; x_wconf 90' lang='lat' dir='ltr'><strong>magis</strong></span> <span class='ocrx_word' id='word_1_733' title='bbox 1600 4549 1729 4602; x_wconf 90' lang='lat' dir='ltr'><strong>metuere</strong></span> <span class='ocrx_word' id='word_1_734' title='bbox 1743 4545 1830 4602; x_wconf 86' lang='lat' dir='ltr'><strong>Navi·</strong></span> 
     </span>
     <span class='ocr_line' id='line_1_50' title="bbox 74 4634 1831 4712; baseline -0.004 -15"><span class='ocrx_word' id='word_1_735' title='bbox 74 4643 171 4698; x_wconf 90' lang='lat' dir='ltr'><strong>viente</strong></span> <span class='ocrx_word' id='word_1_736' title='bbox 183 4641 298 4695; x_wconf 83' lang='lat' dir='ltr'><strong>fortuna</strong></span> <span class='ocrx_word' id='word_1_737' title='bbox 317 4640 389 4712; x_wconf 88' lang='lat' dir='ltr'><strong>eripi</strong></span> <span class='ocrx_word' id='word_1_738' title='bbox 413 4643 518 4711; x_wconf 87' lang='lat' dir='ltr'><strong>potest.</strong></span> <span class='ocrx_word' id='word_1_739' title='bbox 544 4638 611 4704; x_wconf 90' lang='lat' dir='ltr'><strong>lloc,</strong></span> <span class='ocrx_word' id='word_1_740' title='bbox 636 4637 740 4709; x_wconf 92' lang='lat' dir='ltr'><strong>inquit,</strong></span> <span class='ocrx_word' id='word_1_741' title='bbox 768 4637 929 4709; x_wconf 81' lang='lat' dir='ltr'><strong>Trygetius,</strong></span> <span class='ocrx_word' id='word_1_742' title='bbox 983 4640 1047 4712; x_wconf 91' lang='lat' dir='ltr'><strong>gius</strong></span> <span class='ocrx_word' id='word_1_743' title='bbox 1058 4639 1183 4704; x_wconf 88' lang='lat' dir='ltr'><strong>deberet,</strong></span> <span class='ocrx_word' id='word_1_744' title='bbox 1199 4639 1298 4710; x_wconf 90' lang='lat' dir='ltr'><strong>splene</strong></span> <span class='ocrx_word' id='word_1_745' title='bbox 1320 4636 1429 4692; x_wconf 88' lang='lat' dir='ltr'><strong>vitioso.</strong></span> <span class='ocrx_word' id='word_1_746' title='bbox 1446 4635 1496 4690; x_wconf 90' lang='lat' dir='ltr'><strong>llic</strong></span> <span class='ocrx_word' id='word_1_747' title='bbox 1508 4634 1558 4689; x_wconf 87' lang='lat' dir='ltr'><strong>ille</strong></span> <span class='ocrx_word' id='word_1_748' title='bbox 1571 4634 1716 4690; x_wconf 85' lang='lat' dir='ltr'><strong>arridens:</strong></span> <span class='ocrx_word' id='word_1_749' title='bbox 1733 4635 1831 4702; x_wconf 89' lang='lat' dir='ltr'><strong>Plane,</strong></span> 
     </span>
     <span class='ocr_line' id='line_1_51' title="bbox 73 4723 1833 4803; baseline -0.005 -16"><span class='ocrx_word' id='word_1_750' title='bbox 73 4728 458 4803; x_wconf 78' lang='lat' dir='ltr'><strong>jamdudumconseusimus,</strong></span> <span class='ocrx_word' id='word_1_751' title='bbox 470 4725 692 4797; x_wconf 84' lang='lat' dir='ltr'><strong>Deus,inquam,</strong></span> <span class='ocrx_word' id='word_1_752' title='bbox 702 4725 781 4781; x_wconf 86' lang='lat' dir='ltr'><strong>vobis</strong></span> <span class='ocrx_word' id='word_1_753' title='bbox 792 4731 929 4795; x_wconf 82' lang='lat' dir='ltr'><strong>aeternus,</strong></span> <span class='ocrx_word' id='word_1_754' title='bbox 983 4728 1088 4801; x_wconf 90' lang='lat' dir='ltr'><strong>inquit,</strong></span> <span class='ocrx_word' id='word_1_755' title='bbox 1104 4743 1150 4784; x_wconf 89' lang='lat' dir='ltr'><strong>me</strong></span> <span class='ocrx_word' id='word_1_756' title='bbox 1164 4727 1234 4784; x_wconf 90' lang='lat' dir='ltr'><strong>talia</strong></span> <span class='ocrx_word' id='word_1_757' title='bbox 1248 4727 1399 4781; x_wconf 87' lang='lat' dir='ltr'><strong>sanabunt.</strong></span> <span class='ocrx_word' id='word_1_758' title='bbox 1415 4725 1486 4778; x_wconf 90' lang='lat' dir='ltr'><strong>Nam</strong></span> <span class='ocrx_word' id='word_1_759' title='bbox 1499 4723 1592 4779; x_wconf 92' lang='lat' dir='ltr'><strong>nescio</strong></span> <span class='ocrx_word' id='word_1_760' title='bbox 1603 4724 1748 4796; x_wconf 88' lang='lat' dir='ltr'><strong>quomodo</strong></span> <span class='ocrx_word' id='word_1_761' title='bbox 1763 4740 1833 4779; x_wconf 90' lang='lat' dir='ltr'><strong>con·</strong></span> 
     </span>
     <span class='ocr_line' id='line_1_52' title="bbox 76 4811 1832 4887; baseline -0.003 -15"><span class='ocrx_word' id='word_1_762' title='bbox 76 4821 106 4872; x_wconf 92' lang='lat' dir='ltr'><strong>et</strong></span> <span class='ocrx_word' id='word_1_763' title='bbox 119 4831 234 4887; x_wconf 89' lang='lat' dir='ltr'><strong>semper</strong></span> <span class='ocrx_word' id='word_1_764' title='bbox 247 4830 365 4869; x_wconf 90' lang='lat' dir='ltr'><strong>manens</strong></span> <span class='ocrx_word' id='word_1_765' title='bbox 376 4813 507 4868; x_wconf 79' lang='lat' dir='ltr'><strong>videtur?</strong></span> <span class='ocrx_word' id='word_1_766' title='bbox 517 4813 574 4866; x_wconf 89' lang='lat' dir='ltr'><strong>lloc</strong></span> <span class='ocrx_word' id='word_1_767' title='bbox 586 4811 713 4883; x_wconf 90' lang='lat' dir='ltr'><strong>quidem,</strong></span> <span class='ocrx_word' id='word_1_768' title='bbox 726 4811 822 4883; x_wconf 87' lang='lat' dir='ltr'><strong>iuquit</strong></span> <span class='ocrx_word' id='word_1_769' title='bbox 833 4812 931 4867; x_wconf 89' lang='lat' dir='ltr'><strong>Liceu·</strong></span> <span class='ocrx_word' id='word_1_770' title='bbox 983 4821 1090 4872; x_wconf 87' lang='lat' dir='ltr'><strong>tortum</strong></span> <span class='ocrx_word' id='word_1_771' title='bbox 1104 4817 1159 4871; x_wconf 90' lang='lat' dir='ltr'><strong>hoc</strong></span> <span class='ocrx_word' id='word_1_772' title='bbox 1173 4821 1202 4872; x_wconf 90' lang='lat' dir='ltr'><strong>et</strong></span> <span class='ocrx_word' id='word_1_773' title='bbox 1217 4815 1389 4877; x_wconf 86' lang='lat' dir='ltr'><strong>aculeatum,</strong></span> <span class='ocrx_word' id='word_1_774' title='bbox 1401 4812 1478 4884; x_wconf 89' lang='lat' dir='ltr'><strong>quod</strong></span> <span class='ocrx_word' id='word_1_775' title='bbox 1490 4812 1621 4884; x_wconf 88' lang='lat' dir='ltr'><strong>posuisti,</strong></span> <span class='ocrx_word' id='word_1_776' title='bbox 1634 4816 1666 4867; x_wconf 92' lang='lat' dir='ltr'><strong>ot</strong></span> <span class='ocrx_word' id='word_1_777' title='bbox 1677 4811 1716 4867; x_wconf 89' lang='lat' dir='ltr'><strong>ait</strong></span> <span class='ocrx_word' id='word_1_778' title='bbox 1725 4811 1785 4882; x_wconf 90' lang='lat' dir='ltr'><strong>ille,</strong></span> <span class='ocrx_word' id='word_1_779' title='bbox 1797 4811 1832 4867; x_wconf 93' lang='lat' dir='ltr'><strong>de</strong></span> 
     </span>
     <span class='ocr_line' id='line_1_53' title="bbox 76 4900 1835 4976; baseline -0.003 -16"><span class='ocrx_word' id='word_1_780' title='bbox 76 4905 146 4973; x_wconf 90' lang='lat' dir='ltr'><strong>tius,</strong></span> <span class='ocrx_word' id='word_1_781' title='bbox 162 4903 203 4959; x_wconf 87' lang='lat' dir='ltr'><strong>ite</strong></span> <span class='ocrx_word' id='word_1_782' title='bbox 215 4907 324 4958; x_wconf 89' lang='lat' dir='ltr'><strong>certum</strong></span> <span class='ocrx_word' id='word_1_783' title='bbox 339 4907 391 4970; x_wconf 88' lang='lat' dir='ltr'><strong>est,</strong></span> <span class='ocrx_word' id='word_1_784' title='bbox 407 4905 439 4956; x_wconf 93' lang='lat' dir='ltr'><strong>ut</strong></span> <span class='ocrx_word' id='word_1_785' title='bbox 453 4900 679 4971; x_wconf 88' lang='lat' dir='ltr'><strong>interrogatione</strong></span> <span class='ocrx_word' id='word_1_786' title='bbox 694 4917 753 4956; x_wconf 90' lang='lat' dir='ltr'><strong>uon</strong></span> <span class='ocrx_word' id='word_1_787' title='bbox 769 4904 852 4972; x_wconf 89' lang='lat' dir='ltr'><strong>egeat</strong></span> <span class='ocrx_word' id='word_1_788' title='bbox 862 4920 870 4969; x_wconf 82' lang='lat'><em>3</em></span> <span class='ocrx_word' id='word_1_789' title='bbox 880 4917 932 4956; x_wconf 81' lang='lat' dir='ltr'><strong>cae-</strong></span> <span class='ocrx_word' id='word_1_790' title='bbox 984 4907 1069 4962; x_wconf 88' lang='lat' dir='ltr'><strong>melle</strong></span> <span class='ocrx_word' id='word_1_791' title='bbox 1083 4904 1225 4976; x_wconf 80' lang='lat' dir='ltr'><strong>Hymetio,</strong></span> <span class='ocrx_word' id='word_1_792' title='bbox 1251 4901 1352 4957; x_wconf 89' lang='lat' dir='ltr'><strong>acriter</strong></span> <span class='ocrx_word' id='word_1_793' title='bbox 1366 4901 1448 4956; x_wconf 90' lang='lat' dir='ltr'><strong>dulce</strong></span> <span class='ocrx_word' id='word_1_794' title='bbox 1463 4905 1515 4970; x_wconf 88' lang='lat' dir='ltr'><strong>est,</strong></span> <span class='ocrx_word' id='word_1_795' title='bbox 1539 4901 1670 4974; x_wconf 91' lang='lat' dir='ltr'><strong>nihilque</strong></span> <span class='ocrx_word' id='word_1_796' title='bbox 1692 4901 1774 4956; x_wconf 84' lang='lat' dir='ltr'><strong>inllat</strong></span> <span class='ocrx_word' id='word_1_797' title='bbox 1793 4900 1835 4955; x_wconf 88' lang='lat' dir='ltr'><strong>vi·</strong></span> 
     </span>
     <span class='ocr_line' id='line_1_54' title="bbox 75 4989 1830 5066; baseline -0.004 -17"><span class='ocrx_word' id='word_1_798' title='bbox 75 4994 191 5066; x_wconf 87' lang='lat' dir='ltr'><strong>terique</strong></span> <span class='ocrx_word' id='word_1_799' title='bbox 201 5008 300 5047; x_wconf 91' lang='lat' dir='ltr'><strong>omnes</strong></span> <span class='ocrx_word' id='word_1_800' title='bbox 315 4991 364 5063; x_wconf 91' lang='lat' dir='ltr'><strong>pia</strong></span> <span class='ocrx_word' id='word_1_801' title='bbox 375 4989 527 5046; x_wconf 88' lang='lat' dir='ltr'><strong>devutione</strong></span> <span class='ocrx_word' id='word_1_802' title='bbox 542 4989 759 5046; x_wconf 88' lang='lat' dir='ltr'><strong>concinuerunt.</strong></span> <span class='ocrx_word' id='word_1_803' title='bbox 774 4990 866 5045; x_wconf 86' lang='lat' dir='ltr'><strong>Deum</strong></span> <span class='ocrx_word' id='word_1_804' title='bbox 879 4989 933 5062; x_wconf 88' lang='lat' dir='ltr'><strong>igi-</strong></span> <span class='ocrx_word' id='word_1_805' title='bbox 985 5011 1073 5050; x_wconf 90' lang='lat' dir='ltr'><strong>scera.</strong></span> <span class='ocrx_word' id='word_1_806' title='bbox 1083 4994 1176 5059; x_wconf 88' lang='lat' dir='ltr'><strong>Quare</strong></span> <span class='ocrx_word' id='word_1_807' title='bbox 1186 4997 1278 5047; x_wconf 92' lang='lat' dir='ltr'><strong>totum</strong></span> <span class='ocrx_word' id='word_1_808' title='bbox 1286 4989 1382 5054; x_wconf 85' lang='lat' dir='ltr'><strong>etiam,</strong></span> <span class='ocrx_word' id='word_1_809' title='bbox 1395 4989 1491 5060; x_wconf 88' lang='lat' dir='ltr'><strong>palato</strong></span> <span class='ocrx_word' id='word_1_810' title='bbox 1500 4989 1830 5061; x_wconf 89' lang='lat' dir='ltr'><strong>aliquantumremorso,</strong></span> 
     </span>
     <span class='ocr_line' id='line_1_55' title="bbox 75 5074 1832 5155; baseline -0.005 -16"><span class='ocrx_word' id='word_1_811' title='bbox 75 5090 136 5150; x_wconf 91' lang='lat' dir='ltr'><strong>tur,</strong></span> <span class='ocrx_word' id='word_1_812' title='bbox 149 5083 279 5155; x_wconf 88' lang='lat' dir='ltr'><strong>inquam,</strong></span> <span class='ocrx_word' id='word_1_813' title='bbox 300 5081 350 5153; x_wconf 91' lang='lat' dir='ltr'><strong>qui</strong></span> <span class='ocrx_word' id='word_1_814' title='bbox 368 5081 465 5148; x_wconf 90' lang='lat' dir='ltr'><strong>habel,</strong></span> <span class='ocrx_word' id='word_1_815' title='bbox 482 5074 649 5135; x_wconf 64' lang='lat' dir='ltr'><strong>beatus&#39;est.</strong></span> <span class='ocrx_word' id='word_1_816' title='bbox 985 5087 1083 5138; x_wconf 89' lang='lat' dir='ltr'><strong>tamen</strong></span> <span class='ocrx_word' id='word_1_817' title='bbox 1106 5085 1136 5136; x_wconf 91' lang='lat' dir='ltr'><strong>ut</strong></span> <span class='ocrx_word' id='word_1_818' title='bbox 1149 5096 1265 5152; x_wconf 88' lang='lat' dir='ltr'><strong>possum</strong></span> <span class='ocrx_word' id='word_1_819' title='bbox 1293 5077 1480 5134; x_wconf 90' lang='lat' dir='ltr'><strong>libentissime</strong></span> <span class='ocrx_word' id='word_1_820' title='bbox 1493 5079 1525 5133; x_wconf 93' lang='lat' dir='ltr'><strong>in</strong></span> <span class='ocrx_word' id='word_1_821' title='bbox 1543 5079 1683 5134; x_wconf 91' lang='lat' dir='ltr'><strong>medullas</strong></span> <span class='ocrx_word' id='word_1_822' title='bbox 1706 5075 1832 5147; x_wconf 86' lang='lat' dir='ltr'><strong>trajicio.</strong></span> 
     </span>
     <span class='ocr_line' id='line_1_56' title="bbox 116 5163 1838 5241; baseline -0.004 -16"><span class='ocrx_word' id='word_1_823' title='bbox 116 5174 160 5227; x_wconf 71' lang='lat' dir='ltr'><strong>tt.</strong></span> <span class='ocrx_word' id='word_1_824' title='bbox 174 5170 257 5236; x_wconf 84' lang='lat' dir='ltr'><strong>Quod</strong></span> <span class='ocrx_word' id='word_1_825' title='bbox 272 5186 337 5225; x_wconf 92' lang='lat' dir='ltr'><strong>cum</strong></span> <span class='ocrx_word' id='word_1_826' title='bbox 353 5170 508 5241; x_wconf 88' lang='lat' dir='ltr'><strong>gaudentes</strong></span> <span class='ocrx_word' id='word_1_827' title='bbox 532 5167 720 5223; x_wconf 90' lang='lat' dir='ltr'><strong>libentissime</strong></span> <span class='ocrx_word' id='word_1_828' title='bbox 744 5165 906 5238; x_wconf 88' lang='lat' dir='ltr'><strong>acciperent</strong></span> <span class='ocrx_word' id='word_1_829' title='bbox 922 5179 929 5224; x_wconf 73' lang='grc' dir='ltr'><em>τ</em></span> <span class='ocrx_word' id='word_1_830' title='bbox 987 5173 1051 5226; x_wconf 77' lang='lat' dir='ltr'><strong>lton</strong></span> <span class='ocrx_word' id='word_1_831' title='bbox 1063 5169 1141 5226; x_wconf 89' lang='lat' dir='ltr'><strong>enim</strong></span> <span class='ocrx_word' id='word_1_832' title='bbox 1150 5168 1233 5224; x_wconf 91' lang='lat' dir='ltr'><strong>video</strong></span> <span class='ocrx_word' id='word_1_833' title='bbox 1248 5168 1393 5239; x_wconf 88' lang='lat' dir='ltr'><strong>quomodo</strong></span> <span class='ocrx_word' id='word_1_834' title='bbox 1406 5166 1542 5240; x_wconf 89' lang='lat' dir='ltr'><strong>redargui</strong></span> <span class='ocrx_word' id='word_1_835' title='bbox 1555 5168 1644 5238; x_wconf 89' lang='lat' dir='ltr'><strong>possit</strong></span> <span class='ocrx_word' id='word_1_836' title='bbox 1657 5167 1710 5220; x_wconf 89' lang='lat' dir='ltr'><strong>ista</strong></span> <span class='ocrx_word' id='word_1_837' title='bbox 1724 5163 1838 5219; x_wconf 89' lang='lat' dir='ltr'><strong>conclu·</strong></span> 
     </span>
     <span class='ocr_line' id='line_1_57' title="bbox 75 5254 1835 5331; baseline -0.003 -14"><span class='ocrx_word' id='word_1_838' title='bbox 75 5259 157 5317; x_wconf 90' lang='lat' dir='ltr'><strong>Nihil</strong></span> <span class='ocrx_word' id='word_1_839' title='bbox 171 5275 251 5331; x_wconf 90' lang='lat' dir='ltr'><strong>ergo,</strong></span> <span class='ocrx_word' id='word_1_840' title='bbox 267 5258 398 5331; x_wconf 89' lang='lat' dir='ltr'><strong>inquam,</strong></span> <span class='ocrx_word' id='word_1_841' title='bbox 414 5257 838 5329; x_wconf 82' lang='lat' dir='ltr'><strong>nobisjamqumrendumesse</strong></span> <span class='ocrx_word' id='word_1_842' title='bbox 853 5255 930 5311; x_wconf 91' lang='lat' dir='ltr'><strong>arbi·</strong></span> <span class='ocrx_word' id='word_1_843' title='bbox 986 5259 1038 5315; x_wconf 90' lang='lat' dir='ltr'><strong>sio.</strong></span> <span class='ocrx_word' id='word_1_844' title='bbox 1062 5260 1181 5313; x_wconf 89' lang='lat' dir='ltr'><strong>Prorsus</strong></span> <span class='ocrx_word' id='word_1_845' title='bbox 1203 5257 1284 5311; x_wconf 91' lang='lat' dir='ltr'><strong>nullo</strong></span> <span class='ocrx_word' id='word_1_846' title='bbox 1305 5257 1392 5312; x_wconf 90' lang='lat' dir='ltr'><strong>modo</strong></span> <span class='ocrx_word' id='word_1_847' title='bbox 1413 5260 1518 5329; x_wconf 89' lang='lat' dir='ltr'><strong>potest,</strong></span> <span class='ocrx_word' id='word_1_848' title='bbox 1555 5255 1651 5327; x_wconf 90' lang='lat' dir='ltr'><strong>inquit</strong></span> <span class='ocrx_word' id='word_1_849' title='bbox 1684 5254 1835 5324; x_wconf 74' lang='lat' dir='ltr'><strong>trygetos.</strong></span> 
     </span>
     <span class='ocr_line' id='line_1_58' title="bbox 74 5341 1836 5419; baseline -0.006 -13"><span class='ocrx_word' id='word_1_850' title='bbox 74 5357 150 5417; x_wconf 91' lang='lat' dir='ltr'><strong>tror,</strong></span> <span class='ocrx_word' id='word_1_851' title='bbox 171 5347 228 5403; x_wconf 89' lang='lat' dir='ltr'><strong>nisi</strong></span> <span class='ocrx_word' id='word_1_852' title='bbox 240 5347 305 5419; x_wconf 89' lang='lat' dir='ltr'><strong>quis</strong></span> <span class='ocrx_word' id='word_1_853' title='bbox 319 5348 469 5403; x_wconf 89' lang='lat' dir='ltr'><strong>hominum</strong></span> <span class='ocrx_word' id='word_1_854' title='bbox 484 5346 588 5401; x_wconf 90' lang='lat' dir='ltr'><strong>habeat</strong></span> <span class='ocrx_word' id='word_1_855' title='bbox 608 5347 717 5413; x_wconf 83' lang='lat' dir='ltr'><strong>Deum3</strong></span> <span class='ocrx_word' id='word_1_856' title='bbox 736 5345 836 5401; x_wconf 86' lang='lat' dir='ltr'><strong>beatus</strong></span> <span class='ocrx_word' id='word_1_857' title='bbox 856 5344 934 5400; x_wconf 90' lang='lat' dir='ltr'><strong>enim</strong></span> <span class='ocrx_word' id='word_1_858' title='bbox 986 5348 1079 5413; x_wconf 86' lang='lat' dir='ltr'><strong>Quare</strong></span> <span class='ocrx_word' id='word_1_859' title='bbox 1093 5347 1204 5419; x_wconf 90' lang='lat' dir='ltr'><strong>gaudeo</strong></span> <span class='ocrx_word' id='word_1_860' title='bbox 1216 5346 1329 5418; x_wconf 88' lang='lat' dir='ltr'><strong>jamdiu</strong></span> <span class='ocrx_word' id='word_1_861' title='bbox 1343 5362 1409 5403; x_wconf 90' lang='lat' dir='ltr'><strong>cum</strong></span> <span class='ocrx_word' id='word_1_862' title='bbox 1425 5346 1484 5403; x_wconf 87' lang='lat' dir='ltr'><strong>illis</strong></span> <span class='ocrx_word' id='word_1_863' title='bbox 1496 5361 1543 5402; x_wconf 91' lang='lat' dir='ltr'><strong>me</strong></span> <span class='ocrx_word' id='word_1_864' title='bbox 1557 5341 1724 5400; x_wconf 89' lang='lat' dir='ltr'><strong>inimicitias</strong></span> <span class='ocrx_word' id='word_1_865' title='bbox 1739 5356 1836 5397; x_wconf 89' lang='lat' dir='ltr'><strong>susce·</strong></span> 
     </span>
     <span class='ocr_line' id='line_1_59' title="bbox 74 5432 931 5512; baseline 0 -19"><span class='ocrx_word' id='word_1_866' title='bbox 74 5438 206 5512; x_wconf 83' lang='lat' dir='ltr'><strong>proiecto</strong></span> <span class='ocrx_word' id='word_1_867' title='bbox 222 5437 246 5492; x_wconf 87' lang='lat' dir='ltr'><strong>is</strong></span> <span class='ocrx_word' id='word_1_868' title='bbox 260 5436 324 5492; x_wconf 90' lang='lat' dir='ltr'><strong>erit.</strong></span> <span class='ocrx_word' id='word_1_869' title='bbox 341 5438 381 5492; x_wconf 87' lang='lat' dir='ltr'><strong>lle</strong></span> <span class='ocrx_word' id='word_1_870' title='bbox 404 5451 461 5507; x_wconf 90' lang='lat' dir='ltr'><strong>quo</strong></span> <span class='ocrx_word' id='word_1_871' title='bbox 490 5450 589 5506; x_wconf 84' lang='lat' dir='ltr'><strong>quaero</strong></span> <span class='ocrx_word' id='word_1_872' title='bbox 612 5432 683 5506; x_wconf 92' lang='lat' dir='ltr'><strong>quid</strong></span> <span class='ocrx_word' id='word_1_873' title='bbox 696 5433 776 5489; x_wconf 90' lang='lat' dir='ltr'><strong>vobis</strong></span> <span class='ocrx_word' id='word_1_874' title='bbox 791 5433 931 5493; x_wconf 84' lang='lat' dir='ltr'><strong>videatur.</strong></span> 
     </span>
    </p>
   </div>
   <div class='ocr_carea' id='block_1_4' title="bbox 74 5522 1713 5596">
    <p class='ocr_par' dir='ltr' id='par_1_4' title="bbox 74 5522 1713 5596">
     <span class='ocr_line' id='line_1_60' title="bbox 74 5522 1713 5596; baseline -0.005 -10"><span class='ocrx_word' id='word_1_875' title='bbox 74 5528 130 5586; x_wconf 86' lang='lat' dir='ltr'><strong>llic</strong></span> <span class='ocrx_word' id='word_1_876' title='bbox 143 5525 285 5582; x_wconf 88' lang='lat' dir='ltr'><strong>Licentius</strong></span> <span class='ocrx_word' id='word_1_877' title='bbox 299 5526 408 5583; x_wconf 85' lang='lat' dir='ltr'><strong>:Deum</strong></span> <span class='ocrx_word' id='word_1_878' title='bbox 422 5523 519 5594; x_wconf 87' lang='lat' dir='ltr'><strong>habet,</strong></span> <span class='ocrx_word' id='word_1_879' title='bbox 535 5523 586 5595; x_wconf 87' lang='lat' dir='ltr'><strong>qui</strong></span> <span class='ocrx_word' id='word_1_880' title='bbox 594 5523 667 5580; x_wconf 91' lang='lat' dir='ltr'><strong>bene</strong></span> <span class='ocrx_word' id='word_1_881' title='bbox 674 5522 751 5580; x_wconf 89' lang='lat' dir='ltr'><strong>vivit.</strong></span> <span class='ocrx_word' id='word_1_882' title='bbox 767 5522 929 5596; x_wconf 75' lang='lat' dir='ltr'><strong>rrygetius:</strong></span> <span class='ocrx_word' id='word_1_883' title='bbox 1021 5533 1029 5567; x_wconf 86' lang='lat'><strong>¹</strong></span> <span class='ocrx_word' id='word_1_884' title='bbox 1043 5531 1089 5582; x_wconf 80' lang='lat' dir='ltr'><strong>Er.</strong></span> <span class='ocrx_word' id='word_1_885' title='bbox 1109 5531 1175 5583; x_wconf 75' lang='lat' dir='ltr'><strong>l&#39;eu.</strong></span> <span class='ocrx_word' id='word_1_886' title='bbox 1189 5531 1393 5593; x_wconf 68' lang='lat' dir='ltr'><strong>temeritatis,</strong></span> <span class='ocrx_word' id='word_1_887' title='bbox 1409 5534 1503 5584; x_wconf 80' lang='lat' dir='ltr'><strong>etuoa</strong></span> <span class='ocrx_word' id='word_1_888' title='bbox 1512 5527 1662 5580; x_wconf 73' lang='lat' dir='ltr'><strong>tuccetum.</strong></span> <span class='ocrx_word' id='word_1_889' title='bbox 1677 5527 1713 5578; x_wconf 82' lang='lat' dir='ltr'><strong>lt.</strong></span> 
     </span>
    </p>
   </div>
   <div class='ocr_carea' id='block_1_5' title="bbox 0 0 1973 6112">
    <p class='ocr_par' dir='ltr' id='par_1_5' title="bbox 0 0 1973 6112">
     <span class='ocr_line' id='line_1_61' title="bbox 0 0 1973 6112; baseline 0 0"><span class='ocrx_word' id='word_1_890' title='bbox 0 0 1973 6112; x_wconf 95' lang='lat' dir='ltr'><strong> </strong></span> 
     </span>
    </p>
   </div>
  </div>
 </body>
</html>
