3884 6112
86 218 137 271 ’255
688 211 775 271 Vl'l'A
800 211 829 270 S·
850 206 1050 271 Autusrtltl
1068 207 1239 267 EPlSCOPl.
1788 208 1840 261 256

85 352 163 408 nem,
178 338 212 394 ad
228 353 314 411 quam
327 337 357 394 id
371 337 501 411 responsi
524 336 586 393 dari
598 335 743 409 jusserat:
764 337 795 394 St
806 337 937 392 ctrtsttu·
993 331 1157 400 tlominicm,
1174 335 1203 388 et
1223 334 1287 387 octo
1306 327 1421 386 Pascbae
1435 328 1503 395 dies,
1520 327 1624 401 impias
1637 325 1674 384 ab
1689 342 1723 384 ea
1736 342 1842 384 manus

85 443 136 484 arus
152 442 188 496 ea,
204 442 282 482 smus
297 428 345 483 bor
355 427 461 498 (sueto
475 428 523 482 llei
533 426 632 498 (Eptst.
646 429 690 493 35,
705 442 733 481 ιι.
749 428 786 494 ι).
805 426 872 480 Ulnt
883 429 936 493 est,
992 421 1163 478 contineret.
1179 419 1228 476 Sui
1243 435 1309 475 eum
1324 418 1452 474 criminis
1474 417 1569 491 arguit
1586 416 1773 491 Augustinus.
1788 419 1842 471 lle·

86 533 138 590 per
151 516 252 572 urbem
272 514 486 588 Hipponensem
509 515 631 571 subinde
654 513 818 588 pervulgari
841 512 936 586 coepit,
992 527 1056 566 rum
1070 510 1194 566 rumille
1212 510 1302 565 scelus
1317 525 1401 565 situm
1416 508 1451 563 ah
1467 507 1588 563 Ecclesia
1603 506 1751 580 prohiberi
1763 505 1842 562 ride-

87 621 144 662 ιιι
159 604 214 661 boe
228 604 448 660 Proculeianum
463 605 623 672 mendasse,
640 602 874 676 quodpublieum
890 618 937 656 re·
992 605 1047 668 ret,
1063 600 1160 656 furore
1174 602 1320 672 correptus
1335 597 1421 653 matri
1433 613 1492 652 suae
1514 595 1556 652 ita
1573 595 1765 652 comminatus
1779 597 1842 651 est:

86 694 247 751 nuntiasset
261 693 392 750 Otttcium
407 693 506 766 (Epist.
530 694 575 761 aa,
589 709 617 748 o.
635 693 673 765 5).
692 692 847 749 Ferebatur
861 695 890 746 et
902 690 936 745 il·
994 693 1170 760 Transferam
1183 706 1224 746 me
1238 692 1268 745 ia
1284 692 1392 760 portem
1412 688 1521 756 Durati,
1540 691 1566 743 ct
1580 685 1671 742 bibam
1684 687 1844 755 sauprduem

87 784 136 841 lud
145 782 259 851 dixisse,
271 782 294 838 si
307 787 386 839 tauta
395 782 589 854 Augustinum
600 779 765 853 disputandi
778 779 881 852 cupido
896 778 938 833 in·
993 784 1077 836 tuum.
1095 779 1233 834 Videntur
1245 776 1389 850 ipsissima
1402 774 1490 831 tuisse
1508 774 1585 831 illius
1599 775 1695 831 rerba.
1716 774 1843 830 Priorem

87 876 217 940 cresenci,
232 870 447 929 Constantinam
462 872 503 927 ire
519 869 659 939 debuisse,
673 886 730 941 quo
743 868 797 943 ipsi
807 869 938 941 trequen-
992 869 1137 925 minarum
1152 883 1270 924 suarum
1281 871 1392 938 partem
1403 864 1541 937 perticere
1552 880 1610 919 non
1624 861 1745 920 distulit.
1760 864 1842 919 Allo

87 966 130 1018 tes
143 965 343 1030 couvenerant,
359 961 403 1016 rel
418 960 460 1016 illi
476 961 602 1016 eundum
622 958 755 1027 Eilerim,
771 958 821 1014 ubi
843 956 936 1013 conci·
993 957 1104 1013 natistis
1118 957 1267 1030 recipitur,
1281 954 1476 1027 rebaptizatur
1484 953 1593 1024 furens,
1605 957 1634 1010 et
1647 949 1773 1010 materni
1780 968 1843 1008 san·

87 1051 158 1108 lium
172 1050 251 1106 brari
267 1054 361 1106 essent
373 1049 508 1106 habituri.
526 1051 591 1105 Erat
602 1052 665 1104 tum
675 1049 751 1120 apud
768 1047 938 1120 llipponem·
993 1046 1087 1120 guinis
1100 1045 1200 1102 aridus
1214 1045 1286 1101 albis
1300 1044 1425 1100 restibus
1439 1041 1617 1099 candidatur.
1638 1043 1717 1097 lutra
1732 1040 1843 1098 cancel·

89 1140 210 1214 Regium
221 1137 584 1210 Eusebiusrirprimarius‚
597 1136 807 1193 Donatistarum
821 1135 938 1209 quidem
993 1137 1036 1191 los
1050 1133 1240 1190 eminentiore
1254 1133 1317 1189 loco
1334 1131 1518 1190 constituitur
1538 1131 1710 1203 spectandus
1729 1130 1765 1186 ab
1787 1146 1846 1186 om·

88 1233 209 1284 sectator
230 1232 258 1284 ct
280 1226 460 1284 Proculeiani
475 1225 594 1291 amicus,
609 1239 710 1280 rerum
733 1221 870 1296 singulari
894 1239 938 1277 sa·
993 1224 1088 1290 nibus,
1103 1224 1181 1278 relut
1194 1223 1270 1279 douo
1284 1221 1408 1294 Spiritus
1423 1219 1513 1276 sancti
1536 1219 1660 1293 perlecta
1679 1222 1844 1287 renouatus,

88 1316 207 1390 pientia,
223 1316 361 1389 gravitate
378 1320 407 1371 et
420 1313 617 1371 moderatione
635 1313 782 1387 prenditur.
798 1314 869 1369 Cum
883 1311 937 1385 igi·
994 1313 1044 1386 qui
1058 1312 1134 1369 aliud
1149 1311 1221 1369 nihil
1238 1327 1324 1384 quam
1338 1309 1534 1366 matricidium
1547 1308 1695 1381 cogitaret.
1710 1308 1846 1365 Idunum

88 1410 136 1461 tur
149 1405 239 1461 nollet
251 1404 427 1476 Augustinus
450 1403 486 1460 ad
510 1401 729 1459 Proculeianum
749 1402 856 1457 litteras
869 1400 937 1456 scri·
993 1406 1151 1474 supererat,
1166 1405 1199 1457 ut
1212 1402 1262 1474 qui
1276 1416 1343 1457 eum
1356 1399 1395 1456 sic
1408 1398 1542 1456 allectum
1556 1398 1783 1472 baptizaverant,
1797 1414 1845 1453 ur-

89 1495 167 1562 bere,
183 1493 259 1567 quod
273 1510 320 1549 eas
334 1491 382 1549 ille
400 1496 556 1565 respueret,
578 1493 655 1548 huuc
677 1491 830 1548 Eusebium
849 1491 938 1546 iuter·
994 1495 1095 1564 gerent
1109 1491 1144 1548 ad
1157 1490 1312 1563 reliquum,
1326 1489 1404 1562 quod
1417 1493 1546 1559 noverat,
1557 1487 1707 1544 intresuas
1721 1492 1845 1556 octavas,

90 1583 218 1656 pellarit,
234 1587 336 1656 petens
350 1583 385 1639 ab
399 1599 432 1638 eo
448 1598 499 1655 per
511 1582 601 1638 bonos
615 1586 644 1639 et
661 1582 797 1637 honestos
810 1581 896 1650 riros,
906 1583 939 1636 ut
994 1584 1208 1639 exsolvendum.
1229 1582 1273 1637 Ad
1286 1581 1341 1637 hoc
1355 1581 1560 1654 spectaculum,
1575 1581 1621 1636 rel
1641 1578 1719 1635 iuter
1731 1578 1847 1635 Donati·

89 1688 106 1726 a
122 1671 307 1727 Proculeiano
323 1674 475 1744 quaereret,
490 1686 560 1725 num
575 1671 629 1726 hoe
648 1669 817 1726 mandatum
835 1666 939 1723 Victori
995 1675 1062 1740 stas,
1077 1688 1161 1727 nemo
1178 1687 1236 1726 nou
1247 1669 1368 1743 gemuit,
1382 1674 1415 1724 ut
1429 1669 1551 1724 innuere
1575 1667 1688 1723 ridetur
1711 1666 1845 1739 Augusti·

90 1760 210 1829 dederit,
227 1760 303 1833 quod
319 1760 411 1815 Victor
423 1759 513 1832 ipsius
526 1759 619 1815 sorbis
643 1759 744 1815 Oilicio
757 1758 872 1831 publico
892 1773 937 1812 ro·
993 1777 1059 1830 nus,
1074 1761 1123 1834 qui
1140 1765 1199 1817 tam
1212 1759 1384 1815 exsecrando
1397 1757 1523 1814 facinore
1537 1756 1723 1812 vehementer
1735 1756 1846 1830 percul-

89 1849 263 1918 nuutiessot;
280 1866 316 1904 au
329 1848 371 1905 illi
384 1849 500 1922 publico
511 1848 624 1904 muneri
635 1847 762 1921 praelecti
772 1865 805 1904 ox
818 1845 938 1903 Victoris
994 1866 1042 1905 sus
1057 1854 1108 1906 est.
1125 1850 1206 1913 ilinc,
1220 1853 1470 1921 quantuscumque
1485 1847 1559 1902 foret
1573 1845 1790 1902 Donatistarum
1799 1846 1843 1902 iu·

88 1937 182 1994 vorbis
192 1939 277 1994 falsas
290 1940 402 1994 tabulas
416 1938 611 1995 coniecissent.
634 1937 676 1993 Ad
692 1938 824 1992 eumdem
839 1940 938 2009 postea
994 1955 1050 2003 ror,
1068 1955 1097 1992 se
1110 1938 1210 1993 saltem
1225 1938 1259 1993 ad
1274 1937 1450 2009 loquendum
1465 1935 1528 2008 cogi
1544 1933 1701 1991 arbitratus
1721 1939 1775 1991 est.
1794 1936 1866 1990 Pu·'

89 2028 125 2083 de
140 2028 195 2084 hoc
209 2032 378 2100 argumento
393 2027 516 2100 scripsit,
531 2043 637 2101 rogans
648 2031 680 2082 ut
697 2025 855 2099 generatim
870 2041 938 2096 per·
993 2025 1074 2083 blicis
1088 2026 1186 2100 itaque
1198 2026 1304 2083 tabulis
1318 2025 1481 2099 consignari
1495 2024 1584 2080 voluit
1598 2029 1656 2080 tam
1674 2024 1844 2097 sacrilegum

89 2121 281 2185 cunctaretur,
296 2133 429 2188 quaenam
445 2117 624 2172 Proculeiani
635 2132 717 2172 meus
736 2118 809 2171 esset
829 2115 864 2169 de
879 2117 939 2168 tota
994 2116 1083 2184 netas,
1100 2121 1141 2183 ιι,
1157 2114 1331 2187 ubicumque
1346 2118 1541 2187 opportunum
1555 2117 1686 2169 censeret
1707 2113 1744 2170 de
1766 2117 1843 2169 tauto

89 2204 247 2261 schismatis
256 2204 416 2276 quastione
432 2204 620 2260 discutienda.
639 2204 803 2267 Profitetur,
819 2201 855 2258 ed
865 2202 939 2257 hauc
993 2204 1102 2277 tlagitio
1115 2205 1262 2278 conqueri,
1278 2204 1337 2259 sive
1357 2203 1433 2259 intra
1455 2203 1672 2275 llipponeusem
1688 2202 1843 2271 ciuitatem,

89 2292 199 2365 placide
212 2308 278 2349 eum
291 2293 341 2349 illo
355 2294 583 2365 pertractandam
603 2309 632 2348 se
653 2292 774 2348 libenter
787 2292 938 2347 descensu·
994 2292 1052 2348 sire
1066 2297 1155 2362 extra,
1171 2293 1199 2349 id
1214 2293 1285 2349 citra
1299 2292 1439 2350 mendacii
1454 2291 1646 2364 suspicionem
1660 2296 1772 2364 posset.
1790 2292 1842 2348 Eu·

88 2399 165 2452 rum,
179 2383 203 2438 si
218 2382 419 2438 Proculeianus
434 2385 588 2451 annueret,
605 2382 682 2454 quod
706 2397 740 2436 ex
760 2380 939 2436 sermonibus
994 2382 1059 2438 dem
1071 2383 1209 2455 temporis
1223 2381 1354 2455 vestigio,
1368 2382 1536 2455 priusquam
1549 2370 1672 2436 infelicis
1679 2380 1768 2453 hujus
1780 2397 1843 2437 neo·

89 2471 124 2527 ad
139 2488 169 2527 se
184 2471 280 2526 relatis
299 2471 429 2526 futurum
443 2470 584 2543 sperabat.
600 2472 754 2543 Acceperat
772 2468 849 2525 euim
872 2484 939 2523 eum
993 2471 1076 2544 phyti
1091 2477 1196 2527 octavae
1205 2473 1428 2544 complerentur,
1444 2471 1478 2525 ad
1496 2469 1650 2525 Prusebium
1661 2468 1779 2541 scripsit
1787 2485 1843 2543 ape·

90 2558 205 2626 dhis-te,
221 2559 302 2614 denis
316 2558 463 2631 utrimque
475 2557 608 2630 gravibus
622 2562 651 2612 el
665 2556 792 2613 honestis
807 2554 885 2618 titis,
899 2556 938 2610 ei·
994 2577 1060 2616 rans
1074 2560 1146 2628 iore,
1162 2565 1193 2615 ut
1206 2560 1266 2633 ipse
1277 2560 1386 2616 facinus
1404 2559 1475 2616 illud
1488 2559 1663 2632 improbaret
1679 2575 1687 2614 :
1704 2559 1842 2632 simulque

89 2652 132 2703 tra
144 2648 313 2721 popularem
325 2648 482 2703 tumultum
498 2647 643 2715 adhibitis,
658 2646 713 2703 sibi
732 2646 870 2702 ambobus
891 2660 938 2700 re·
995 2650 1021 2704 ei
1037 2650 1125 2705 tleurn
1136 2653 1308 2705 contestatus
1321 2649 1500 2705 denuntiarit
1511 2665 1552 2718 se,
1562 2652 1706 2722 quantum
1719 2648 1842 2705 christia·

4 2786 7 2791 .
88 2736 203 2793 ritatem
218 2753 251 2793 ex
266 2736 420 2809 Scriptura
435 2736 602 2792 auctoritate
624 2752 685 2792 esse
707 2735 934 2808 disquirendum.
996 2756 1061 2795 nam
1076 2756 1175 2812 pacem
1186 2739 1327 2812 diligeret,
1340 2743 1453 2795 tautum
1464 2738 1608 2810 sacrilegis
1620 2736 1679 2792 illis
1691 2735 1841 2806 iactisjqua

88 2825 241 2899 subjungit
256 2832 369 2882 sanctus
387 2828 503 2894 Ductor,
520 2826 543 2882 si
558 2826 760 2883 Proculeianus
783 2842 879 2881 secum
903 2824 939 2879 ed
995 2828 1164 2885 schismatici
1180 2829 1209 2885 in
1224 2828 1461 2884 suadissensione
1476 2827 1637 2899 patrabant,
1654 2820 1838 2888 commoreri;

89 2915 264 2988 colloquium
278 2932 355 2989 aegre
365 2915 642 2985 descensurusesset,
653 2915 730 2988 quod
739 2914 938 2972 huumauiori·
995 2924 1129 2974 caeterum
1140 2920 1217 2974 bunc
1228 2918 1316 2974 animi
1327 2916 1371 2972 sui
1379 2921 1492 2973 motum
1503 2931 1564 2971 esse
1574 2912 1744 2987 pacilieum3
1754 2924 1840 2983 neque

88 3002 141 3058 bus
155 3003 325 3076 disciplinis,
339 3005 535 3070 atterebatur,
548 3004 728 3060 minusforet
740 3002 940 3077 expolitus31i-
995 3024 1056 3063 sese
1070 3008 1099 3062 id
1111 3024 1207 3079 agere,
1224 3013 1255 3063 ut
1269 3007 1305 3064 ad
1319 3006 1551 3062 communionem
1571 3002 1743 3060 catholicam
1768 2999 1839 3074 quis·

89 3091 230 3148 beralIum
244 3092 402 3148 litterarum
414 3093 572 3148 doctrinam
589 3092 659 3147 nihil
675 3092 710 3148 ad
723 3093 795 3147 benc
809 3091 940 3164 quaestio-
995 3112 1081 3170 quam
1094 3102 1212 3170 eogutur
1221 3096 1336 3164 inritus,
1347 3096 1397 3152 sed
1408 3099 1439 3151 ut
1449 3094 1581 3151 omuibus
1591 3091 1758 3149 errantibus
1767 3104 1840 3163 aper·

90 3195 157 3234 uem
171 3180 326 3253 pertinere,
343 3197 408 3252 quse
423 3182 466 3236 rel
481 3181 516 3236 de
527 3181 631 3236 sanctis
646 3179 809 3253 seripturis.
823 3181 867 3236 rel
886 3180 939 3236 do-
995 3185 1142 3242 reveritus
1161 3185 1330 3253 declaretur,
1353 3201 1385 3240 ιι
1406 3183 1446 3239 sie
1467 3199 1498 3239 sa
1523 3180 1755 3254 amplectendam
1778 3177 1839 3233 satis

90 3267 231 3324 cumentis
245 3267 439 3323 ecclesiasticis
452 3273 501 3324 aut
515 3268 634 3340 publicis
648 3273 721 3325 esset
737 3269 915 3325 discutienda
931 3285 939 3324 ε
994 3272 1057 3344 ipsa
1070 3273 1243 3346 persuadeat
1255 3274 1352 3346 (Epist.
1367 3273 1424 3344 at).

89 3372 172 3428 posse
186 3359 282 3412 tamen
294 3373 371 3425 eum,
387 3373 473 3430 quem
489 3374 504 3412 e
519 3357 578 3412 suis
598 3358 721 3413 voluerit
734 3358 872 3430 collegam
887 3357 940 3413 ed-
1029 3366 1055 3419 t.
1083 3362 1240 3434 Augustino
1269 3361 1415 3433 rescripsit
1443 3358 1596 3427 Eusebius,
1624 3356 1766 3414 confitens
1790 3353 1839 3410 sibi

90 3445 224 3515 sciscere;
238 3451 287 3502 aut
299 3462 329 3502 se
344 3445 489 3502 Samsucio
506 3446 634 3502 Ecclesiae
644 3446 794 3503 Turrensis
806 3445 939 3520 episcopo
994 3469 1052 3508 nou
1063 3452 1190 3523 probari,
1206 3451 1283 3524 quod
1295 3449 1371 3507 tilius
1380 3465 1530 3523 percussor
1540 3446 1639 3503 matris
1649 3445 1837 3519 reciperetur:

90 3534 239 3604 catholico,
256 3535 382 3609 quitum
397 3536 526 3609 Hippone
549 3537 726 3605 versabatur,
741 3536 816 3593 rices
831 3552 896 3593 sues
909 3535 940 3592 iu
995 3537 1225 3606 Proculeianum,
1247 3536 1272 3592 si
1293 3537 1385 3602 sciret,
1411 3535 1628 3610 prohibiturum
1653 3532 1743 3588 luisse
1756 3548 1775 3586 a
1793 3545 1839 3586 sua

90 3623 140 3681 illo
154 3625 296 3699 colloquio
312 3626 550 3683 demandaturum
567 3628 666 3699 (Epist.
689 3630 734 3689 35,
754 3643 782 3682 ιι.
806 3627 843 3698 6).
859 3626 939 3682 Sem·
994 3627 1282 3696 commemoratam
1304 3625 1447 3683 netarium
1467 3625 1692 3691 adolescentem;
1709 3625 1839 3678 catarum

91 3711 185 3770 sacius
198 3714 250 3770 iste
265 3713 351 3771 simut
364 3731 429 3770 cum
445 3715 547 3789 Alypio
571 3719 600 3771 et
619 3717 780 3787 Augustino
801 3716 838 3772 ed
860 3715 941 3773 Sere-
994 3717 1095 3773 mirari
1109 3733 1149 3784 se,
1164 3716 1240 3788 quod
1249 3716 1340 3787 judex
1358 3719 1387 3770 et
1401 3713 1509 3770 arbiter
1523 3712 1599 3768 iuter
1612 3711 1764 3784 episcopos
1777 3708 1840 3766 iuis·

90 3818 155 3858 rum
181 3802 293 3874 scripsit
310 3804 408 3874 (Epist.
435 3806 490 3871 ιι),
515 3803 600 3860 tertio
621 3805 683 3860 loco
706 3804 737 3860 iu
756 3804 818 3876 ipsa
839 3803 940 3860 inscri-
996 3806 1084 3862 setab
1098 3805 1161 3878 ipso
1179 3805 1358 3860 constitutus.
1381 3802 1558 3876 Augustinus
1576 3801 1650 3857 datis
1664 3800 1701 3856 ad
1716 3797 1840 3856 eumde-

91 3890 190 3963 ptioue
201 3890 373 3946 nominatus.
390 3893 471 3947 Eune
482 3891 541 3947 suis
556 3893 587 3948 in
596 3893 693 3957 dubiis
701 3893 878 3965 Augustinus
891 3893 941 3948 ali·
996 3912 1053 3951 nuo
1068 3894 1169 3951 litteris
1182 3893 1337 3965 rescripsit,
1352 3908 1468 3966 rogasse
1494 3907 1524 3947 se
1548 3889 1750 3946 tautummodo
1770 3887 1841 3946 illius

92 3980 209 4053 quando
223 3980 400 4049 consulebat,
416 3996 540 4053 eumque
553 3981 588 4037 de
601 3997 632 4036 re
647 3981 753 4054 aliqua,
772 3981 804 4037 in
818 3998 875 4054 qua
891 3981 940 4038 du·
995 3983 1212 4055 benignitatem,
1227 3987 1257 4039 ot
1270 3983 1362 4038 adhuc
1374 3998 1485 4054 rogare,
1502 3986 1534 4037 ut
1545 3996 1562 4034 a
1575 3976 1763 4036 Proculeiano
1772 3991 1841 4050 qua.

91 4069 155 4127 bius
169 4069 230 4144 ipse
249 4074 278 4126 et
299 4086 402 4143 auceps
424 4070 556 4138 hereret,
579 4074 655 4127 recte
674 4070 780 4127 sentire
802 4070 943 4144 comperit
995 4077 1081 4141 reret,
1094 4077 1192 4128 utrum
1208 4072 1263 4127 hoc
1277 4071 1338 4144 ipse
1354 4073 1516 4127 mandasset
1529 4067 1645 4136 Victori,
1661 4068 1741 4140 quod
1755 4067 1791 4123 eb
1811 4081 1841 4121 eo

92 4160 192 4233 (Epist.
207 4164 252 4229 83,
267 4176 295 4218 ιι.
309 4160 345 4232 ι).
362 4160 497 4226 Quamvis
511 4160 589 4216 euim
603 4176 736 4217 sermone
758 4162 834 4218 toret
846 4161 940 4234 impo·
996 4161 1162 4218 sibidietnm
1172 4161 1318 4233 publicum
1328 4156 1842 4230 Olllciumreuunliarerat3simulque

92 4250 170 4319 litus,
186 4267 252 4307 rora
267 4255 364 4306 tamen
383 4249 440 4305 tide
464 4249 594 4322 apprime
614 4255 676 4307 erat
695 4251 824 4307 eruditus
840 4251 939 4324 (Epist.
996 4255 1239 4324 percunctaretur,
1251 4250 1321 4323 quid
1333 4251 1380 4306 ille
1391 4250 1426 4306 de
1434 4248 1575 4322 colloquio
1582 4243 1842 4320 sentiret:quodad

93 4341 138 4408 at,
152 4356 180 4395 u.
196 4341 234 4411 6).
250 4341 429 4414 Quapropter
443 4356 508 4396 eum
528 4356 594 4396 cum
607 4342 793 4398 Proculeiauo
807 4342 941 4399 commit·
993 4341 1128 4411 juvenem
1154 4339 1236 4394 illum
1259 4343 1412 4411 spectaret;
1439 4336 1670 4405 Proculeianum,
1688 4334 1713 4390 si
1732 4338 1843 4406 paratus

91 4433 151 4484 tere
174 4444 231 4485 ιοι
254 4430 405 4487 verebatur
426 4430 613 4502 Augustinus,
633 4431 783 4489 confidens
795 4449 861 4489 eum
887 4449 941 4504 pro
997 4433 1071 4484 esset
1085 4444 1150 4484 eum
1165 4446 1181 4484 a
1198 4445 1248 4483 sua
1262 4426 1463 4483 cummunione
1477 4425 1630 4499 prohibere
1651 4439 1719 4480 cum
1739 4421 1843 4479 lacinus

92 4515 212 4572 raritate
231 4522 388 4575 certantem
399 4518 534 4576 diuinitus
554 4520 755 4592 adjuvandum.
779 4523 819 4578 tte
840 4521 944 4578 ltilcvi·
997 4517 1051 4590 ipsi
1064 4517 1139 4574 toret
1153 4518 1342 4591 exploratum,
1358 4532 1418 4572 rem
1436 4520 1545 4589 gestam
1567 4513 1651 4570 modo
1664 4526 1843 4586 cognoscere,

93 4608 161 4660 tana
174 4619 242 4661 varo
265 4608 335 4663 urbe
356 4608 481 4681 petenda
504 4609 660 4681 respondet
678 4610 865 4683 Augustinus,
889 4609 944 4666 sibi
998 4606 1082 4663 modo
1100 4605 1273 4678 prohibendi
1291 4621 1403 4663 moram
1427 4620 1561 4661 excusare
1575 4603 1742 4659 nullatenus
1755 4616 1841 4675 posse.

93 4696 183 4749 totana
198 4694 366 4766 questionis
380 4696 467 4769 hrajus
481 4697 624 4754 rationem
645 4698 770 4755 maxime
784 4716 850 4755 eum
873 4702 942 4756 Pro·
998 4697 1068 4752 Eum
1078 4695 1188 4768 pariter
1197 4695 1232 4751 de
1244 4694 1298 4750 alio
1309 4694 1432 4763 monuit,
1445 4710 1530 4767 quem
1542 4691 1747 4750 Proculeianus
1756 4691 1844 4749 adhue

93 4781 224 4839 auleiauo
239 4799 308 4849 esse,
325 4784 437 4857 sibique
455 4785 487 4842 in
509 4787 573 4843 aliis
595 4786 757 4844 civitatibus
780 4804 839 4844 nou
858 4789 943 4845 licere
998 4803 1075 4842 esua
1086 4785 1289 4849 commuuione
1302 4787 1448 4841 teneretur
1463 4783 1623 4840 excludere.
1636 4781 1751 4839 Primus
1764 4782 1788 4838 is
1802 4796 1844 4853 ap

94 4869 254 4944 quidquam
268 4888 364 4945 agere,
377 4890 443 4930 enm
456 4877 575 4949 propria
589 4893 658 4934 cura
676 4877 763 4934 unius
777 4877 943 4950 llipponeu-
998 4878 1172 4950 pellabatur,
1188 4875 1353 4949 Spaniensis
1370 4874 1500 4932 Ecclesia
1518 4875 1549 4930 in
1564 4871 1689 4941 dioecesi,
1709 4878 1743 4929 ut
1765 4888 1844 4947 appa·

93 4958 132 5016 sis
146 4960 275 5017 Ειιιιιιιι
289 4961 326 5018 ιι
341 4979 371 5019 se
381 4963 530 5036 pertineat.
999 4970 1053 5037 ret,
1067 4965 1242 5039 llipponeusi
1261 4966 1407 5038 quondam
1428 4963 1618 5020 subdiaconus
1635 4978 1643 5018 r
1664 4961 1798 5034 quicum
1814 4960 1844 5017 ab

130 5053 157 5109 3.
172 5050 236 5108 Alia
250 5051 336 5108 simul
350 5069 396 5109 res
410 5055 600 5126 Augustiuum
620 5058 656 5113 ιιι
676 5056 796 5113 Eusebio
818 5056 943 5113 scriben-
1000 5071 1114 5112 accessu
1128 5054 1341 5127 indisciplinato
1361 5051 1621 5109 sanctimonialium
1637 5051 1843 5123 prohiberetur,

94 5140 165 5197 dum
178 5142 366 5214 compulerat.
391 5144 506 5200 tarenis
525 5144 641 5217 quidam
664 5146 818 5202 catbolicus
840 5145 943 5219 llippo
999 5149 1084 5216 etque
1098 5144 1230 5201 ordinata
1243 5147 1271 5198 et
1285 5159 1355 5200 seue
1368 5146 1512 5216 precepta
1533 5144 1742 5209 contemneret,
1766 5139 1846 5196 acte·

95 5231 192 5288 nausis
214 5232 315 5288 solitus
338 5237 400 5288 erat
416 5237 538 5289 matrem
562 5250 642 5290 suam
667 5235 792 5305 uiduam,
817 5236 944 5309 inopem,
999 5233 1090 5289 rioatu
1103 5236 1228 5289 remotus
1243 5236 1295 5288 est.
1312 5230 1394 5297 Quod
1409 5230 1457 5287 ille
1471 5229 1590 5301 indigne
1604 5229 1711 5295 ferens,
1725 5228 1763 5284 ad
1783 5242 1845 5300 par-

95 5322 221 5377 retulam
241 5325 270 5376 et
287 5320 367 5377 omui
385 5320 490 5377 auxilio
518 5322 684 5379 destitutum
708 5326 832 5393 credere;
853 5341 945 5398 eoque
999 5325 1042 5378 tes
1055 5324 1268 5378 Donatistarum
1288 5320 1413 5388 transiit,
1429 5336 1446 5373 a
1465 5318 1569 5391 quibus
1583 5332 1643 5373 uua
1657 5333 1724 5372 cum
1739 5315 1846 5373 duabus

96 5407 199 5463 luroris
213 5426 379 5484 progressus
393 5411 497 5478 iuerat,
514 5415 546 5466 ιι
559 5427 611 5467 ιιι
633 5411 689 5467 illis
710 5413 819 5482 diebus,
840 5413 945 5487 quibus
1000 5411 1263 5468 sanctimonialibus
1278 5427 1312 5466 ex
1331 5409 1434 5466 codem
1455 5425 1539 5481 pago,
1562 5422 1627 5479 quar
1639 5406 1722 5462 illum
1747 5408 1846 5462 secuta

97 5496 195 5574 legunt
219 5500 353 5562 severitas
381 5499 608 5562 sceleratissimis
630 5501 731 5578 parcit,
758 5505 856 5579 quales
878 5508 946 5559 sunt
1001 5503 1126 5573 fueraut,
1138 5500 1328 5574 rebaptizatus
1346 5504 1397 5558 est.
1419 5500 1458 5556 Ex
1473 5513 1507 5555 eo
1522 5501 1652 5569 tempore
1665 5495 1743 5553 iuter
1756 5491 1846 5568 perdi·
