3884 6112
690 264 779 322 Vll'A
798 263 825 320 S.
851 259 1044 320 AUGUSTlNl
1071 259 1239 318 EPlSCOPl.
1797 262 1849 318 {32

52 295 62 307 ·
87 272 138 327 lut

86 395 178 452 cuisse
189 391 403 465 testatur‚quod
416 390 526 447 bantini
539 389 659 445 nimium
669 389 801 446 tribuerit
812 390 941 461 (llctract.
997 383 1110 440 sumus?
1134 388 1272 462 Demersus
1304 385 1413 456 quidem
1441 400 1496 441 esse
1515 368 1620 440 animos
1643 385 1763 441 omnium
1786 386 1853 440 strel-

89 485 137 541 lib.
155 487 182 552 t,
198 500 260 555 cap.
285 484 324 555 i).
340 481 533 553 Philosophiae
552 479 704 536 Platonica
721 476 944 535 studiosissimus
998 479 1085 530 lorum
1099 475 1319 545 indoctorumque
1339 491 1474 531 commune
1488 480 1544 542 est;
1568 474 1683 530 sednon
1697 488 1750 529 uno
1773 479 1853 546 atque

88 578 150 629 erat
159 573 334 638 Theodorus,
348 575 377 627 et
386 587 438 626 suo
451 586 519 642 erga
534 569 662 624 eruditos
676 568 771 623 lurore
785 567 815 622 id
829 565 942 637 agebat,
997 563 1087 618 eodem
1097 563 1174 619 mocio
1189 564 1400 635 demersisopem
1409 566 1546 634 sapientia
1560 567 1585 619 et
1599 577 1710 618 manum
1723 564 1851 633 porrigit.

87 666 119 719 ut
134 680 186 718 nec
200 663 290 734 ipsius
304 678 376 729 nvo,
399 676 452 715 nee
472 658 546 730 apud
562 662 692 730 posteros
714 655 859 729 quispiam
874 670 941 710 con·
998 652 1137 720 Aliisunt,
1149 654 1259 722 credite,
1271 655 1322 709 alii
1335 652 1798 723 suntquisursumoocantur,allii
1806 655 1854 721 qni

87 752 170 824 queri
180 750 462 823 posset,'pauciorem
473 747 620 801 doctorum
632 744 781 800 bominum
790 759 943 799 numerum
997 745 1028 797 in
1039 743 1181 813 profunda
1191 745 1331 799 tonantur.
1343 744 1442 812 Nolite,
1450 743 1555 798 obsecro
1567 758 1624 810 uos,
1637 744 1776 810 geminare
1784 743 1855 797 milii

88 842 149 912 ejus
164 838 351 911 temporibus,
368 852 454 908 qciam
470 834 533 890 aliis
543 833 694 889 exstitisse.
997 836 1132 890 uranias.
1143 835 1217 890 Satis
1229 834 1299 889 mini
1311 836 1367 890 sint
1379 835 1492 889 vulnera
1504 850 1572 894 mea.
1590 849 1650 904 qua
1664 839 1694 888 ut
1709 837 1853 899 sonentur,

122 930 150 985 8.
165 930 231 983 Post
250 927 357 982 librum
375 925 410 980 de
434 927 518 979 Beata
533 922 597 978 Vita
618 923 747 978 collocat‘
766 919 943 993 Augustinus
997 938 1064 992 pene
1083 922 1251 992 quotidianis
1266 922 1372 992 (letibus
1387 924 1468 977 Deum
1482 937 1591 990 roqans,
1607 921 1792 991 indigniorem
1808 925 1850 975 ta·

85 1015 291 1088 disputationes
307 1014 341 1069 de
358 1013 462 1068 Ordine
487 1010 611 1095 digestas
629 1011 659 1066 in
674 1011 745 1066 duos
760 1009 847 1066 libros
859 1010 943 1078 (lbid.

85 1120 146 1173 cap.
168 1103 215 1175 il:
231 1118 356 1175 quorum
382 1101 509 1174 primum
537 1105 692 1172 autequam
710 1099 870 1156 Mediolano
898 1114 943 1152 re-

84 1191 184 1247 diisset
197 1191 315 1263 Alypius
332 1192 379 1263 (be
391 1189 501 1246 Ordine.
519 1190 566 1244 lib.
585 1193 610 1244 l.
625 1206 652 1244 n.
667 1194 695 1255 7,
712 1193 738 1245 et
753 1189 800 1244 lib.
817 1191 843 1255 2,
857 1205 886 1244 n.
907 1188 942 1258 l),

91 1283 178 1350 elque
193 1278 263 1334 adeo
281 1284 346 1334 unte
361 1279 518 1333 secundum
540 1282 639 1332 contra
661 1276 854 1342 Academicos,
879 1292 945 1331 eon·

87 1368 209 1440 scripsit.
225 1367 371 1437 Navigius,
391 1366 441 1438 qui
461 1366 555 1421 adhuc
570 1365 600 1420 in
615 1365 682 1420 ailla
697 1363 856 1420 cassiciaco
871 1378 946 1419 com-

86 1456 253 1511 morabatur
268 1455 379 1511 decime
402 1455 525 1527 septimo
548 1454 687 1509 kalendas
708 1452 878 1518 decembris,
895 1458 955 1516 urit,

86 1546 186 1601 saltem
212 1545 324 1601 decimo
349 1549 456 1610 oemio,
482 1543 675 1599 Mediolanum
697 1542 843 1614 protectus
871 1545 943 1607 erat,

87 1650 151 1690 eum
168 1634 243 1690 liber
256 1634 304 1688 ille
317 1634 351 1689 de
367 1633 472 1689 Ordine
487 1632 598 1703 primus
612 1631 793 1686 inchoaretur
804 1632 848 1701 (ile
864 1633 946 1685 Beata

89 1724 164 1793 l'ita,
184 1739 213 1781 n.
224 1724 281 1793 20),
304 1727 332 1778 et
356 1721 510 1778 cassiciaco
523 1721 597 1776 bene
612 1736 698 1776 mane
718 1719 885 1776 discesserat
900 1719 946 1789 (tle

87 1812 198 1876 Ordine,
215 1813 262 1867 tib.
290 1816 314 1878 t,
330 1828 358 1866 n.
379 1810 420 1882 7),
435 1816 533 1882 atquc,
558 1813 590 1864 ut
601 1809 725 1876 videtur,
742 1807 945 1864 decimosexto

86 1900 224 1956 kalendas
233 1899 402 1954 decembris.
420 1901 454 1953 In
469 1898 594 1953 secundo
608 1897 682 1953 libre
703 1897 738 1953 de
760 1897 867 1952 Ordine
888 1913 946 1951 non

87 1990 174 2045 mmet
189 1988 292 2044 citatur
307 1988 379 2042 liber
393 1988 427 2043 de
444 1989 528 2042 Beata
544 1985 615 2054 Vita,
633 1991 663 2042 ut
678 1991 707 2041 et
719 1987 755 2042 de
767 1985 945 2042 Academicis

85 2078 199 2144 tertius,
214 2077 265 2149 qui
279 2076 401 2147 proinde
424 2075 499 2130 inter
521 2075 591 2129 duos
606 2074 640 2129 de
654 2075 758 2130 Ordine
775 2074 861 2129 libros
876 2090 944 2128 eon·

86 2167 208 2239 scriptus
220 2170 272 2220 est.
287 2165 320 2220 lli
336 2164 394 2220 dno
411 2164 476 2219 libri
492 2163 635 2234 colloquia
649 2168 716 2218 scint
738 2178 803 2218 cum
820 2162 945 2217 Licentia

86 2261 114 2312 el
129 2255 262 2326 Trygetio
288 2253 396 2321 habita,
412 2253 516 2324 quibus
538 2251 667 2307 ltonnica
681 2267 888 2322 nonnunquam
904 2251 946 2304 in·

86 2344 195 2401 tertull.
220 2341 343 2398 Secundi
368 2345 466 2397 alitem
492 2339 558 2396 libri
583 2338 823 2410 disputationibus
852 2340 944 2394 adiicit

86 2432 174 2488 etiam
188 2430 316 2503 Alypius.
333 2430 365 2484 In
380 2429 425 2500 nis
439 2445 524 2500 porro
544 2428 624 2483 libris
638 2428 764 2500 agitatur
778 2428 874 2499 gravis
896 2429 945 2483 illa

90 2521 220 2594 quoestio,
235 2517 441 2574 utrumemnia
455 2518 531 2572 bona
545 2521 575 2572 et
589 2517 664 2572 niata
678 2517 784 2572 divinoe
794 2517 945 2589 providen-

87 2617 135 2672 tiae
151 2616 223 2671 ordo
242 2613 385 2669 contineat
400 2613 527 2684 (ltetract.
544 2611 591 2666 tib.
608 2614 631 2676 l,
649 2625 709 2680 cap.
734 2611 761 2676 3,
784 2625 812 2663 n.
831 2608 866 2675 tl.
889 2609 943 2662 Ve-

91 2722 156 2761 rum
183 2720 248 2759 ciem
268 2701 447 2758 difficillimae
468 2717 512 2756 res
534 2704 723 2762 occurrerent,
749 2703 778 2752 et
797 2697 942 2751 auditores

999 1027 1058 1067 men
1071 1026 1126 1066 csse
1135 1028 1186 1080 me,
1200 1012 1313 1081 quitum
1323 1013 1375 1067 cito
1388 1026 1478 1078 saner,
1495 1027 1577 1080 quam
1590 1011 1737 1080 aulaeaque
1749 1017 1853 1065 mernet-

999 1102 1057 1171 ipse
1074 1103 1209 1156 corcoiaco.
1229 1102 1326 1166 Nolite,
1342 1101 1446 1156 obsecro
1458 1119 1466 1166 ς
1480 1103 1506 1155 si
1520 1100 1588 1171 qnid
1608 1101 1677 1154 mibi
1699 1101 1851 1166 emerissi

999 1189 1068 1258 qnid
1081 1189 1284 1245 necessitudinis
1310 1189 1421 1256 demtis,
1445 1191 1470 1243 si
1492 1190 1646 1257 intelligitis
1658 1192 1791 1257 quantum
1805 1202 1852 1243 cos

1000 1279 1125 1349 diligam,
1142 1281 1240 1348 quanti
1251 1280 1364 1347 sociam,
1381 1283 1513 1348 quantum
1524 1294 1565 1332 me
1580 1293 1646 1332 cura
1660 1279 1779 1345 enoqitet
1794 1292 1853 1332 mo·

999 1385 1060 1424 rum
1072 1375 1220 1424 uestrorum
1232 1385 1239 1436 ;
1253 1372 1279 1424 si
1292 1370 1390 1438 dianus
1404 1384 1463 1424 seem
1486 1385 1564 1439 quem
1577 1384 1631 1423 non
1650 1368 1810 1438 neqtiqatis,
1827 1370 1854 1423 si

1000 1458 1115 1528 dariique
1125 1462 1176 1514 Deo
1191 1463 1318 1514 testenen
1331 1461 1455 1528 mentior,
1466 1459 1585 1513 nibilme
1598 1457 1660 1527 plus
1676 1458 1747 1512 mibi
1756 1461 1852 1527 optare

1000 1563 1083 1617 quom
1102 1548 1187 1615 cobis,
1212 1548 1351 1618 rependite
1372 1548 1441 1602 mibi
1462 1546 1625 1615 beneficium.
1642 1548 1677 1601 m
1691 1548 1772 1602 sime
1790 1562 1853 1602 ma-
1881 1534 1884 1539 ’

1000 1638 1116 1705 pisinum
1137 1636 1249 1691 libenter
1269 1639 1382 1698 uocatis,
1403 1636 1509 1691 reddite
1523 1636 1593 1690 milii
1607 1634 1753 1689 mercedem
1767 1650 1775 1689 ε
1789 1634 1854 1689 boni

1000 1730 1089 1780 estote.
1107 1727 1157 1780 llio
1172 1726 1220 1779 nti
1231 1726 1356 1796 neplnra
1370 1725 1495 1785 dicerem,
1515 1725 1641 1793 lacryma
1660 1725 1731 1778 milii
1743 1723 1853 1778 modum

999 1818 1194 1884 imposuerunt.
1210 1816 1346 1870 Licentiae
1360 1814 1546 1869 molestissime
1556 1814 1657 1883 serens,
1672 1812 1746 1883 quod
1762 1813 1853 1868 munia

1000 1902 1209 1960 scribebantur:
1226 1902 1299 1974 Quid
1313 1905 1391 1969 enim,
1408 1904 1459 1969 ait,
1478 1904 1601 1969 fecimus,
1614 1916 1660 1956 oro
1674 1900 1725 1958 tei
1742 1902 1850 1970 Adbuc,

1000 1996 1123 2063 inquam,
1140 2008 1187 2048 neo
1206 1994 1303 2060 fateris
1323 1992 1419 2047 saltem
1435 1995 1574 2061 peccatum
1590 1989 1690 2046 tunm?
1713 1992 1753 2045 Tu
1766 1992 1853 2047 nescis

1000 2086 1029 2138 in
1044 2083 1190 2138 ittasobola
1198 2082 1320 2150 qraviter
1330 2096 1370 2135 me
1379 2079 1543 2135 stomachari
1553 2079 1672 2145 solitum,
1686 2080 1759 2149 quod
1769 2095 1853 2150 nsque

1000 2172 1066 2227 adeo
1079 2173 1160 2242 pueri
1171 2185 1224 2224 non
1235 2171 1353 2224 utilitate
1367 2173 1448 2239 atque
1461 2168 1552 2224 decore
1570 2168 1793 2239 disciplinarum,
1806 2169 1854 2225 sed

1000 2263 1165 2316 inanissima
1180 2259 1270 2314 modis
1285 2274 1374 2313 amore
1387 2258 1558 2325 ducerentur,
1574 2264 1604 2313 ut
1620 2258 1753 2327 quosdam
1768 2259 1852 2314 ctiam

999 2348 1090 2402 alienia
1103 2349 1185 2403 uerba
1199 2350 1312 2403 recitare
1321 2363 1374 2403 non
1387 2346 1509 2418 puderet,
1526 2348 1732 2417 acciperentque
1737 2348 1852 2418 placares

1000 2437 1024 2505 (o
1039 2436 1266 2505 trrqmiscendum
1289 2437 1422 2506 mataml)
1451 2436 1485 2490 ab
1508 2435 1608 2491 eisdem
1629 2438 1710 2505 ipsis,
1738 2451 1852 2506 quorum

999 2526 1133 2579 coarctilla
1143 2541 1202 2595 qna
1212 2524 1365 2579 recitabant
1375 2524 1389 2580 i
1401 2526 1443 2579 lta
1452 2539 1498 2578 eos
1508 2525 1708 2595 quamuisnibil
1720 2540 1851 2596 unquam,

999 2617 1029 2668 ut
1039 2615 1145 2683 opinor,
1161 2613 1214 2667 tale
1227 2615 1366 2680 feceritis3
1383 2616 1472 2667 tamen
1481 2617 1507 2666 et
1520 2615 1549 2667 iu
1556 2613 1773 2684 philosophiam,
1788 2619 1813 2669 et
1823 2618 1851 2668 in

999 2704 1159 2770 enmuitam,
1166 2717 1248 2770 qnam
1256 2718 1297 2756 mc
1305 2701 1413 2756 tandem
1424 2717 1566 2772 occupasse
1576 2702 1661 2770 letor,
1671 2704 1851 2760 aemulationis

92 2811 158 2850 suos
176 2794 212 2849 ed
231 2808 331 2849 carum
351 2790 564 2863 perceptionem
586 2804 704 2860 operose
724 2785 843 2858 perduci
858 2801 941 2856 posse
999 2791 1202 2860 tobificaatque
1214 2791 1656 2859 inanisjactantinultimam,sed
1669 2796 1848 2848 rancentiorem

91 2882 265 2955 intelligeret
287 2879 476 2953 Augustinus,
502 2879 533 2933 in
557 2882 703 2949 postrema
729 2874 795 2930 libri
826 2873 944 2929 secundi
999 2881 1102 2934 catoris
1110 2878 1232 2934 omnibns
1243 2882 1345 2948 pestem
1357 2878 1527 2933 introducere
1537 2895 1568 2933 ar:
1577 2882 1764 2949 proseminare
1775 2898 1852 2937 cone·

90 2978 170 3046 parte
184 2973 220 3028 de
243 2970 341 3026 ordine
363 2968 497 3024 studendi
516 2967 596 3039 loqui
621 2964 733 3033 mutarit,
754 2980 813 3035 quo
828 2980 845 3019 a
859 2963 944 3017 rebus
999 2969 1068 3021 mini
1083 2984 1090 3023 :
1106 2971 1131 3022 et
1144 2969 1261 3035 sortasse
1271 2969 1337 3036 quin
1350 2982 1396 3022 cos
1406 2967 1500 3022 abista
1510 2971 1631 3023 oarritate
1644 2970 1790 3040 nimboque
1803 2971 1851 3026 dc-

96 3059 239 3132 curporeis
251 3058 286 3113 ad
299 3056 491 3129 spiritualium
506 3055 638 3110 notitiam
653 3056 767 3124 oportet
785 3068 942 3123 assurgere.
1000 3061 1093 3124 terreo,
1109 3058 1243 3126 pigriores
1259 3055 1336 3110 eritis
1348 3055 1387 3109 ad
1399 3055 1493 3110 studia
1508 3056 1652 3124 doctrinam
1666 3063 1691 3113 et
1706 3059 1741 3114 ab
1757 3059 1851 3115 ardore

123 3152 149 3205 9.
167 3148 257 3218 liujus
271 3144 407 3217 colloquii
423 3143 572 3200 occasione
586 3147 673 3214 atque
695 3141 817 3214 origine,
834 3158 898 3213 quac
913 3141 943 3195 in
988 3147 1407 3215 ·ccntosusamarepereussi‚tn
1418 3147 1848 3215 turpareminmtiamnaetnbitis.

87 3237 233 3311 prioribus
247 3234 311 3290 libri
328 3233 415 3305 primi
436 3232 577 3303 capitibus
593 3231 725 3298 retertur,
741 3229 813 3284 nihil
829 3231 943 3301 excogi·
998 3236 1322 3300 lllcmiserum,sinecessa
1333 3236 1385 3288 erit
1395 3234 1461 3289 tales
1471 3237 1753 3306 etiamnuncperpeti‚
1765 3241 1849 3308 aqui·

88 3323 144 3380 tari
156 3326 251 3394 polest
269 3320 434 3392 jucundius,
449 3318 522 3374 nihil
536 3318 644 3389 gratius
659 3317 708 3371 illa
729 3318 872 3388 gallorum
887 3317 945 3387 gul·
999 3321 1047 3375 bers
1062 3322 1132 3376 sitia
1146 3322 1270 3376 decedere
1285 3324 1343 3377 sine
1352 3323 1468 3377 aliorum
1480 3325 1608 3379 uitiorum
1622 3329 1788 3383 successione
1800 3344 1850 3384 non

89 3413 269 3469 linaceorum
284 3424 391 3482 pugna,
406 3424 492 3480 qnam
505 3405 799 3479 ibidemAugustinus
809 3405 944 3477 graphice
996 3412 1117 3479 possint!
1127 3410 1260 3474 Probatis,
1271 3413 1312 3466 nit
1325 3411 1472 3474 Licerrtius,
1484 3428 1566 3481 qnam
1579 3417 1753 3483 purqntiores
1761 3419 1850 3485 lutari

87 3499 223 3557 describit
236 3498 405 3569 (Deeratne,
430 3497 478 3552 tib.
507 3500 532 3564 t,
556 3512 583 3551 n.
601 3495 658 3568 25).
683 3496 869 3567 Verumquae
891 3494 943 3549 sub
997 3499 1092 3553 simus.
1109 3498 1187 3553 llodo
1198 3499 1268 3553 illud
1280 3499 1448 3555 obsecramus
1460 3516 1510 3570 per
1523 3504 1615 3557 omnia
1629 3518 1689 3572 qua
1703 3503 1810 3574 diligis,
1821 3511 1850 3561 at

89 3590 151 3662 ejus
177 3587 243 3644 libri
265 3588 354 3642 linem
377 3587 523 3658 leguntur,
552 3583 670 3656 majoris
697 3586 764 3638 sunt
792 3583 943 3652 momenti,
997 3588 1118 3654 iqnotrcm
1145 3588 1221 3642 nobis
1248 3590 1325 3655 uelis,
1352 3593 1433 3659 atque
1459 3590 1509 3643 illo
1533 3593 1624 3645 amnia
1641 3591 1726 3647 deleri
1743 3595 1848 3664 jutius.

88 3694 176 3752 quam
191 3682 223 3732 ut
237 3677 358 3732 debeant
372 3673 565 3747 praetermitti.
591 3673 641 3729 llic
656 3672 734 3728 enirn
746 3671 871 3743 optimus
886 3689 942 3726 non
998 3675 1121 3739 Prorsus,
1139 3676 1230 3743 inquit
1254 3678 1408 3746 Tryqetins,
1424 3682 1532 3731 moneat
1552 3683 1645 3733 nostra
1670 3696 1763 3749 poena,
1777 3687 1850 3737 ntea

88 3767 195 3838 lingum
206 3765 311 3833 solum,
326 3763 523 3819 verumetiam
536 3762 625 3818 animi
639 3778 671 3817 ac
680 3762 795 3817 virtutis
808 3760 944 3831 magister
998 3764 1069 3831 ipsu,
1087 3778 1147 3831 qtae
1159 3778 1207 3817 nos
1222 3764 1302 3818 illicit
1315 3767 1403 3832 fama,
1418 3766 1522 3834 ttaqello
1542 3769 1656 3836 proprio
1670 3785 1688 3822 a
1702 3784 1751 3825 suo
1764 3786 1851 3826 amore

87 3855 168 3927 gravi
195 3853 326 3924 seriaque
354 3851 561 3922 discipulerum
596 3865 714 3905 suorum
743 3848 943 3920 objurgatione
998 3851 1850 3921 deterreat.Utcnimsotisamicisetfamiliaribasnostrislitte

88 3941 223 4008 ostendit,
240 3940 386 4014 quomedo
396 3937 546 3995 coercendi
556 3943 623 3993 sunt
636 3937 832 3993 emulationis
847 3937 945 3991 ctiua·
997 3955 1035 3995 ree
1050 3943 1109 3995 istae
1123 3943 1300 4007 innotescant,
1315 3958 1369 3997 noia
1381 3958 1482 4013 parum
1496 3943 1697 4001 desudabimus.
1718 3948 1850 4005 Asseriates

88 4030 289 4103 uisjactantiae
299 4025 670 4084 motusinedelesccntibus
684 4025 733 4097 qui
748 4026 943 4096 dautoperam
997 4034 1036 4084 est
1062 4030 1108 4084 ille
1131 4029 1223 4099 (ruta,
1248 4030 1295 4086 lib.
1323 4035 1348 4098 l,
1372 4047 1418 4086 nra.
1440 4035 1486 4096 aa,
1503 4032 1556 4089 sel.
1581 4033 1665 4088 lubet
1679 4035 1851 4108 Augustinus

88 4121 198 4178 litteris.
215 4118 365 4192 trygetius
384 4117 534 4190 quidpiam
547 4117 716 4188 protulerat,
732 4118 849 4185 propter
867 4113 944 4185 quod
999 4117 1157 4173 Licentinm
1171 4134 1276 4190 poema
1290 4119 1413 4176 seribere
1427 4124 1527 4174 contra
1538 4120 1706 4178 libidinosos
1728 4141 1849 4193 amores,

87 4226 155 4268 eum
169 4225 289 4282 arguere
310 4213 424 4263 coactus
448 4206 542 4261 iuerat
566 4202 753 4275 Augustinus.
779 4203 828 4257 llle
847 4207 943 4256 alitent
998 4206 1070 4261 etin
1085 4206 1202 4261 lacedem
1227 4207 1292 4279 puri
1320 4208 1437 4275 amoris,
1463 4225 1520 4280 quo
1539 4210 1635 4265 anima
1661 4227 1713 4282 per
1728 4214 1851 4285 pbiloso-

89 4315 239 4372 perperam
255 4315 284 4353 se
299 4299 427 4353 locutum
439 4295 525 4350 luisse
540 4293 781 4359 animadvertens,
794 4291 879 4347 rerba
893 4307 945 4346 sua
998 4295 1097 4368 pliiam
1108 4295 1265 4350 intellectui
1279 4297 1637 4370 copulatur(1bt‹t.,n.nt).
1654 4301 1737 4357 llaud
1748 4303 1851 4358 scimus

88 4387 357 4459 deleripostulabat.
373 4384 490 4453 Urqebat
502 4379 943 4452 licentiusutmanerent,inquit,
999 4401 1034 4441 an
1049 4384 1121 4441 illud
1136 4384 1174 4441 sit
1185 4385 1302 4441 Licentii
1314 4387 1350 4441 de
1364 4386 1548 4459 philosophia
1559 4405 1686 4459 carmen,
1700 4393 1780 4463 quod
1790 4409 1850 4448 san·

87 4491 232 4547 puerorum
246 4476 349 4531 scit-icet
362 4489 443 4543 more,
455 4473 497 4528 ael
507 4474 599 4543 potius
612 4472 760 4536 bominum,
775 4470 844 4540 prob
853 4471 944 4536 nefas!
999 4478 1061 4530 ctus
1077 4475 1180 4528 Ductor
1198 4474 1378 4529 Romaniano
1392 4476 1552 4546 pollicetur,

87 4581 155 4638 perte
164 4568 303 4631 omnium;
319 4566 401 4634 qnasi
413 4577 475 4619 uero
485 4559 625 4630 gloriandi
635 4575 719 4615 causa
732 4560 802 4614 inter
814 4572 861 4614 nos
874 4558 945 4613 illud
1036 4564 1077 4618 tO.
1091 4561 1149 4618 Suo
1176 4561 1219 4618 de
1231 4563 1336 4617 Ordine
1355 4563 1444 4618 libros
1454 4564 1576 4620 Zenobio
1591 4565 1732 4624 inscribit.
1751 4567 1798 4623 eui
1818 4568 1851 4624 de

89 4658 226 4723 ageretur.
242 4653 326 4722 Cujus
339 4657 440 4707 motum
451 4651 539 4706 animi
548 4664 608 4704 cum
622 4648 795 4718 objurgarem
804 4649 944 4717 praviori—
999 4650 1126 4706 Licentia
1140 4665 1216 4706 curae
1227 4654 1297 4714 arat,
1312 4652 1388 4722 quod
1399 4652 1476 4706 illius
1491 4653 1565 4725 patri
1584 4654 1658 4710 toret
1673 4655 1850 4728 conjunclis·

89 4742 139 4799 bue
151 4742 250 4807 uerbis,
267 4741 452 4810 erubuit:qua
466 4741 525 4810 ejus
536 4737 742 4810 perturbatione
760 4736 945 4791 animaduerti
999 4739 1100 4796 simus.
1124 4738 1174 4794 Hic
1201 4755 1400 4812 sepenumero
1421 4741 1455 4796 de
1479 4757 1576 4798 rerum
1591 4742 1691 4798 ordino
1705 4759 1852 4800 sermones

86 4832 219 4888 ridentem
243 4831 429 4900 latentemque
455 4830 623 4897 Trqqetium.
644 4828 679 4883 lit
695 4825 823 4880 ambobus
842 4841 848 4882 :
867 4827 944 4881 Itane
999 4843 1063 4882 cum
1085 4828 1246 4899 Augustino
1271 4829 1448 4884 eontcrlecat:
1472 4845 1573 4885 rerum
1588 4831 1615 4886 ei
1628 4832 1764 4889 sublimia
1786 4849 1852 4905 per·

88 4922 184 4991 agitis,
201 4918 339 4989 iuquam?
352 4919 448 4975 Nonne
460 4920 603 4972 uosmooet
615 4915 714 4984 quibas
727 4915 857 4969 uitiorum
869 4914 946 4969 moli·
999 4915 1143 4972 cunctanti
1170 4932 1318 4988 nunquam
1344 4918 1429 4989 plene
1456 4919 1616 4975 satisfacere
1639 4925 1772 4993 potuerat
1795 4925 1854 4979 Au·

90 5010 139 5067 bus
149 5003 232 5079 atque
243 5008 388 5078 imperitiae
401 5005 517 5061 tenebris
530 5019 687 5075 premamur
699 5006 725 5059 et
738 5003 945 5072 cooperiamur?
998 5004 1137 5077 gustinus,
1148 5021 1199 5060 eeu
1210 5010 1327 5078 propter
1337 5022 1433 5062 rerum
1442 5007 1660 5078 sublimitatem,
1670 5027 1720 5066 seu
1730 5015 1849 5085 propter

89 5100 211 5156 Haecine
228 5101 267 5152 est
282 5096 332 5151 illa
343 5095 427 5166 paulo
438 5097 500 5149 ante
513 5097 614 5159 uestra,
628 5091 660 5146 de
674 5107 730 5161 qao
747 5092 854 5161 ineptus
868 5092 944 5146 laeta·
998 5098 1164 5166 temporum
1183 5095 1348 5167 angustias,
1366 5100 1395 5152 et
1414 5112 1530 5169 semper
1544 5099 1717 5154 solutionem
1729 5100 1854 5156 inalind

91 5189 150 5257 bar,
166 5188 290 5247 attentio,
311 5190 337 5240 et
361 5183 392 5239 ia
410 5185 494 5239 Deum
514 5184 707 5251 veritatemque
720 5182 875 5237 surrectio?
887 5180 908 5237 0
920 5182 945 5235 si
997 5185 1111 5254 tempus
1126 5182 1282 5241 distulerat.
1308 5184 1401 5250 Quare
1427 5186 1566 5243 Zenobius
1589 5188 1643 5243 hac
1657 5189 1853 5259 procrastina-

94 5277 233 5346 ommia,
248 5275 290 5332 uel
299 5279 355 5330 tam
363 5271 540 5344 lippientibus
549 5271 632 5326 oculis
643 5286 725 5340 quam
738 5285 785 5340 eqo
799 5272 830 5325 in
846 5270 944 5340 quibus
998 5269 1078 5326 tione
1102 5269 1283 5343 defatigatus,
1305 5273 1500 5346 Augustinum
1528 5277 1652 5347 eleganti
1670 5277 1799 5333 carmine
1818 5278 1854 5334 ad

89 5367 219 5435 perieulis
229 5367 379 5436 jaceamus,
395 5360 569 5431 oujusmorbi
582 5358 744 5414 dementiam
758 5361 830 5415 risus
841 5362 891 5415 istc
906 5362 944 5414 in·
998 5358 1089 5414 fusius
1103 5365 1132 5415 et
1155 5362 1315 5416 accuratius
1341 5364 1575 5434 respondendum
1597 5367 1774 5436 provocarit.
1801 5367 1855 5423 Sed

91 5453 182 5508 dicet!
198 5455 254 5509 Osi
262 5454 405 5510 videritis!
419 5451 571 5520 quamcito,
584 5464 666 5519 qnam
677 5450 779 5517 statim,
791 5453 945 5519 quantoque
998 5462 1064 5502 cunt
1080 5448 1237 5505 llediolano
1251 5451 1432 5524 repentinum
1447 5454 1484 5509 ob
1495 5454 1664 5525 tumultum,
1676 5456 1757 5528 cujus
1770 5472 1856 5512 causa

90 5541 250 5614 productius
271 5557 331 5598 eum
349 5542 487 5599 animetis
498 5541 529 5594 in
540 5539 637 5608 neem!
652 5539 754 5607 ttiseri,
775 5538 883 5593 nesciis
898 5535 945 5591 nbi
999 5552 1058 5592 non
1071 5536 1223 5603 indicatur,
1238 5540 1443 5611 exinproviso
1467 5542 1608 5614 proticisci
1627 5548 1743 5601 coaetus
1756 5545 1856 5601 tuissat
