3884 6112
72 235 138 288 itta

70 362 116 422 ἕξιν
138 364 179 410 acl
200 359 305 409 aaaron
319 351 397 418 dixit,
414 363 517 425 φυσικὴν
535 360 645 424 δύναμιν,
669 360 801 425 rainerii<
823 361 918 422 ποίὀτη-

68 449 111 488 τας
138 432 264 493 aclnddn,
279 432 396 497 σχήματα
417 433 570 497 καῖμορφάς.
598 425 714 479 Habitus
738 426 849 481 affectio
876 430 918 481 est

68 497 159 551 animi
169 497 255 566 longo
270 502 398 566 tempore
413 511 614 565 perseverans:
631 500 663 550 ut
675 500 717 550 est
728 497 816 551 virtus
831 502 859 551 et
874 497 917 553 di·

68 567 187 638 sciplina
197 581 262 638 quae
272 567 500 638 perseveratione
509 567 552 620 sui
562 570 590 621 et
599 567 789 637 perpetuitate
805 572 916 639 tempo·

68 639 107 693 ris
122 638 310 705 aestimantur,
327 637 382 691 nisi
394 638 466 691 sorte
477 638 787 709 easlanguorcorporis
802 639 915 710 aliquis,

69 714 173 764 etcasu
193 709 298 780 injecta
312 708 443 763 debilitas
456 709 647 780 amputaverit
662 709 779 764 Affectio
794 725 861 764 vero
875 714 918 765 est

68 779 214 835 mutabilis
222 779 475 850 mentisimpulsio,
486 780 528 834 vel
540 779 680 851 cupiditas
691 780 770 843 levis,
784 781 918 851 quabre-

68 850 96 905 vi
110 856 240 922 tempore
252 851 388 905 deleatur.
402 851 519 905 Habitus
529 866 597 922 ergo
607 855 637 905 et
646 851 757 906 allectio
767 851 856 906 videri
866 869 917 923 po·

67 926 132 989 test:
146 923 181 977 ab
204 922 256 976 hac
279 937 403 994 namque
426 921 534 993 incipit,
552 928 580 976 et
592 922 617 975 si
631 921 692 993 ipsa
715 923 913 994 permanserit,

68 993 181 1047 habitus
204 993 339 1047 nascitur.
365 993 482 1047 Affectio
498 998 593 1048 autem
610 993 724 1048 habitus
746 994 834 1047 rideri
857 1010 916 1048 non

66 1068 177 1135 potest3
203 1063 318 1118 sienim
341 1064 375 1118 ad
395 1064 524 1118 habitum
548 1065 719 1135 pervenerit,
746 1065 915 1120 vocabulum

65 1135 215 1207 proprium
232 1151 290 1189 non
305 1134 423 1189 tenebit.
441 1136 499 1189 Hoc
513 1136 575 1189 loco
592 1151 649 1189 non
661 1140 704 1190 est
715 1136 914 1204 incongruum,

36 1243 45 1258 ,
66 1206 143 1331 quod
165 1222 240 1277 saepe
250 1206 404 1278 quaesitum
419 1210 471 1275 est,
486 1206 566 1260 brevi
579 1211 700 1261 tractatu
715 1207 867 1262 dissolvere
883 1224 915 1262 ac

60 1324 65 1332 .
86 1292 178 1344 ocare,
194 1277 263 1348 quid
280 1278 412 1331 virtutem
429 1277 666 1348 disciplinamque
691 1278 842 1333 discernat.
858 1280 915 1333 lloc

67 1347 194 1419 proiecto
209 1348 284 1429 quod
300 1348 451 1418 disciplina
466 1348 495 1402 in
509 1364 542 1402 ea
556 1355 636 1418 parte
657 1349 762 1403 animas
784 1365 848 1419 quae
870 1366 915 1403 ra-

66 1418 182 1473 tionalis
196 1419 309 1483 dicitur,
331 1419 527 1474 tantummodo
549 1419 721 1485 diversatur;
736 1419 824 1473 virtus
849 1436 914 1475 vero

65 1505 165 1543 omnes
181 1491 388 1560 animaepartes
399 1489 587 1560 amplectitur,
600 1506 774 1561 omnemque
788 1490 915 1545 animam

65 1576 117 1614 suo
128 1561 249 1632 imperio
263 1562 405 1632 gubernat
419 1577 451 1614 ac
466 1561 557 1631 regit:
583 1566 613 1614 ut
627 1567 656 1615 et
668 1561 845 1615 iracundiam
862 1562 914 1615 do·

65 1636 133 1698 met,
149 1639 178 1686 et
201 1633 369 1702 cupiditates
396 1632 492 1686 auimo
511 1636 639 1686 amoveat
663 1632 740 1703 quod
764 1632 916 1703 disciplina

64 1702 158 1756 facere
183 1703 405 1775 haudquaquam
437 1702 519 1757 valet.
543 1701 673 1757 Potentia
703 1703 842 1756 naturalis
861 1709 912 1767 est,

64 1773 178 1843 quoties
192 1774 257 1843 quis
271 1774 382 1828 videtur
399 1774 441 1827 vel
458 1788 552 1844 posse,
569 1773 611 1826 vel
635 1788 694 1826 non
709 1788 791 1841 posse
806 1772 915 1843 aliquid

64 1858 117 1913 par
130 1849 263 1897 naturam
278 1844 383 1896 iacere:
406 1849 438 1896 ut
452 1842 532 1897 verbi
544 1842 646 1911 gratia,
662 1844 833 1923 plerumque
848 1843 914 1897 visis

63 1913 232 1984 corporibus
257 1928 425 1984 puerorum,
442 1917 469 1967 et
487 1913 687 1983 contemplatis
701 1914 819 1968 artubus
842 1929 912 1985 pro·

64 1983 233 2051 nuntiamus
247 1983 357 2056 aliquid
367 1984 402 2038 de
417 1983 524 2049 laturo,
543 1999 647 2055 eosque
663 1983 783 2039 dicimus
803 1986 847 2039 vel
862 2001 914 2056 pu·

63 2055 210 2125 gillatores
224 2056 294 2120 fore,
312 2056 355 2109 vel
370 2070 514 2109 cursores:
532 2070 589 2108 non
614 2055 690 2126 quod
706 2055 767 2125 jam
784 2055 836 2109 hac
853 2061 913 2110 arte

63 2124 108 2179 vel
132 2118 224 2189 studio
240 2131 401 2189 teneantur,
426 2125 474 2179 sed
497 2125 574 2196 (quod
598 2125 750 2179 videantur
773 2126 913 2196 positione

62 2196 191 2266 corporis
206 2197 267 2251 haec
281 2196 392 2250 facilius
406 2196 562 2267 impleturi.
579 2196 716 2250 Similiter
727 2196 855 2251 salubres
869 2199 913 2252 vel

62 2261 219 2407 imbeciffies
237 2268 367 2333 dicimus,
385 2266 434 2337 qui
449 2271 497 2321 aut
511 2267 592 2321 facile
609 2271 729 2321 autnon
745 2267 825 2322 facile
839 2268 912 2322 reci·

63 2337 144 2409 piant
156 2354 181 2391 aa
202 2337 367 2393 ritudiuem.
381 2337 490 2394 Eodem
501 2339 587 2392 modo
598 2354 722 2409 namque
733 2345 761 2392 at
770 2339 798 2393 in
807 2338 850 2393 his
860 2355 912 2409 po-

63 2408 153 2463 tentia
167 2409 305 2463 naturalis
321 2409 486 2474 advertitur,
501 2425 566 2480 quae
583 2425 630 2463 eos
643 2409 710 2463 iacit
724 2409 767 2463 vel
782 2410 913 2480 languori

62 2478 190 2534 crebrius
205 2481 361 2551 subjacere,
373 2480 416 2534 vel
427 2480 550 2534 retinere
561 2483 729 2550 perpetuam
737 2481 911 2551 sospitatem.

63 2552 172 2605 Durum
188 2567 302 2622 quoque
317 2557 345 2606 et
358 2551 444 2604 molle
458 2566 522 2604 eum
536 2550 648 2616 dicitnr,
667 2551 793 2604 ostendit
811 2557 912 2620 poten-

61 2621 131 2675 tiam
147 2623 317 2676 naturalem.
336 2623 443 2676 [lurum
459 2620 600 2692 siqnidem
615 2626 666 2684 est,
684 2622 760 2692 quod
778 2621 913 2677 firmitate

62 2697 173 2747 naturae
193 2693 406 2763 corruptionem
428 2692 472 2746 sui
487 2708 545 2745 non
560 2691 642 2745 lacile
658 2692 801 2758 admittat3
827 2692 912 2747 molle

61 2779 140 2830 vero,
157 2763 186 2816 in
202 2780 259 2835 quo
275 2769 317 2818 est
330 2770 433 2818 natura
448 2763 548 2828 laxior,
561 2778 613 2816 nec
621 2763 656 2816 ad
670 2763 809 2816 contraria
822 2763 913 2833 repel-

62 2834 147 2888 lenda
162 2834 314 2889 sulliciens.
327 2834 453 2888 Tertium
465 2849 556 2913 genus
567 2832 712 2904 qualitatis
724 2833 781 2886 sive
792 2834 912 2903 species,

62 2904 181 2976 passivae
193 2906 345 2977 qualitates
360 2910 387 2959 et
399 2919 557 2975 passiones,
573 2919 638 2975 quae
655 2908 721 2957 sunt
736 2903 910 2973 hujusmodi,

61 2976 221 3042 austeritas,
236 2977 368 3031 calidatio
389 2980 418 3029 et
438 2974 604 3046 frigidatio:
621 2974 661 3028 sic
680 2973 756 3028 enim
773 2982 910 3046 deppae-qr:

61 3051 90 3102 et
103 3056 155 3128 ψυχ
172 3055 247 3115 ότητα
262 3050 353 3118 placet
366 3046 468 3110 dicere,
486 3050 514 3100 et
529 3044 631 3099 albedo
648 3049 676 3099 et
686 3045 821 3115 nigredo:
847 3062 911 3127 quia

63 3134 120 3172 non
135 3073 240 3174 riciaco
256 3118 373 3189 passivae
415 3117 537 3171 talitates
552 3117 695 3180 dicuutur,
711 3118 787 3188 quod
803 3122 912 3187 patran-

61 3190 234 3261 turaliquid,
250 3190 296 3244 sed
305 3134 670 3262 quodiiciuntpassionem.
684 3189 734 3242 idel
746 3203 871 3258 namque
882 3191 912 3242 ut

62 3260 144 3315 dulce
165 3261 210 3328 sit,
238 3277 295 3315 non
311 3277 327 3313 a
345 3259 496 3314 dulcedine
521 3259 631 3329 aliquid
646 3274 761 3330 passum
785 3264 837 3327 est,
862 3258 912 3312 sed

63 3331 174 3386 dulcem
196 3332 376 3402 gustantibus
403 3331 489 3385 allicit
516 3330 687 3400 passionem.
716 3330 834 3385 Passivae
860 3346 910 3384 au-

62 3407 120 3457 tem
137 3404 287 3474 qualitales
305 3402 408 3457 rectius
435 3402 578 3465 dicuntur,
594 3401 695 3455 albedo
726 3405 753 3456 et
782 3401 917 3473 nigredo,-

61 3479 90 3527 et
112 3475 216 3528 horum
241 3473 346 3535 media,
367 3473 393 3526 id
410 3476 452 3525 est
465 3472 553 3526 rubor
567 3477 596 3525 et
615 3473 724 3543 pallor:
748 3472 810 3526 baec
833 3473 909 3527 enim
930 3513 935 3519 .

61 3546 177 3599 nonnisi
203 3545 307 3599 animae
330 3544 373 3597 vel
388 3543 515 3614 corporis
538 3541 670 3613 passione
685 3549 851 3597 nascuntur.
877 3545 912 3598 Ut

61 3616 138 3670 enim
155 3616 295 3687 nigrescat
310 3613 423 3685 aliquis,
440 3613 567 3684 corporis
581 3614 675 3681 passio
691 3617 752 3680 est:
775 3619 807 3667 ut
821 3615 911 3694 palle-

60 3691 120 3740 scat
133 3687 175 3741 vel
191 3688 330 3751 rubescat,
346 3685 462 3751 animae,
488 3700 552 3755 quas
568 3699 633 3738 cum
656 3684 843 3809 turpitudinis
863 3701 910 3738 ve·

60 3759 227 3813 recundiam
250 3759 324 3812 ferre
340 3755 510 3828 nequiverit,
530 3755 612 3826 quasi
632 3755 666 3809 ad
683 3771 699 3808 o
720 3760 831 3809 tentum
855 3755 909 3819 sui,

60 3828 207 3899 sanguinis
228 3829 338 3900 copiam
359 3828 390 3881 in
409 3827 563 3882 exteriores
582 3826 709 3898 corporis
730 3831 824 3897 partes
844 3826 910 3881 fun-

59 3899 110 3965 dit,
136 3916 226 3972 eoque
242 3901 275 3955 lit
296 3905 329 3955 ut
344 3898 453 3980 pudore
480 3898 570 3953 nimio
596 3901 790 3952 rubescamus.
816 3898 911 3953 Pallor

59 3985 174 4042 quoque
197 3971 284 4025 simili
307 3987 410 4025 ammae
430 3969 563 4042 passione
586 3969 723 4034 consistit,
753 3985 818 4023 cum
843 3984 909 4040 per·

59 4042 135 4095 cnlsa
151 4048 228 4096 metu
246 4041 337 4095 nimio
354 4042 388 4095 ad
403 4040 498 4094 cordis
519 4040 655 4094 ulteriora
674 4039 813 4111 coniugii,
831 4056 909 4095 eam·

59 4128 116 4183 que
132 4113 248 4183 sanguis
264 4112 433 4184 insequitur,
456 4110 529 4164 adeo
549 4114 580 4164 ut
596 4111 740 4164 desertum
759 4110 908 4181 sanguine,

58 4184 135 4255 quod
155 4189 197 4238 est
213 4183 243 4238 in
259 4187 421 4255 conspectu,
444 4197 547 4253 corpus
566 4181 699 4235 albescat.
722 4182 786 4235 llaec
805 4181 909 4236 animae

58 4255 151 4326 passio
167 4255 206 4309 ita
220 4271 237 4309 a
250 4253 425 4328 pbilosophis
438 4269 504 4307 vera
519 4267 580 4306 esse
592 4251 734 4312 firmatur,
751 4256 783 4306 ut
797 4252 909 4307 etiamsi

57 4325 149 4397 pallor
163 4327 206 4381 vel
225 4327 313 4381 rubor
327 4325 356 4379 in
372 4339 490 4405 corpore
501 4323 611 4393 jugiter
626 4325 798 4393 perseveret,
821 4322 909 4378 simili

58 4396 190 4467 passione
206 4400 333 4451 asserant
352 4411 489 4450 evenisse.
506 4396 554 4449 llm
569 4393 577 4447 i
601 4393 659 4447 ‘tur
677 4393 829 4462 qualitates
839 4394 863 4448 si
877 4395 908 4450 iu

57 4483 176 4537 corpore
193 4472 385 4538 perseverent,
406 4466 473 4539 quia
488 4481 574 4519 secun
617 4480 644 4517 m
661 4480 708 4518 eas
724 4466 823 4536 quales¹
837 4465 908 4520 dici·

57 4553 133 4603 mur,
149 4538 157 4591 i
181 4555 218 4592 sae
237 4554 351 4610 qnoque
371 4538 521 4609 qualitates
540 4536 660 4607 passive
675 4542 846 4590 censentur:
864 4537 908 4592 sin

57 4623 124 4660 vero
136 4555 178 4661 avi
179 4610 264 4663 breve
274 4614 388 4679 tempus
399 4606 568 4675 exstiterint,
584 4607 622 4660 ita
634 4610 666 4659 ut
678 4606 733 4660 cito
744 4606 906 4673 discedant:

56 4677 202 4750 passiones
212 4695 259 4733 eas
273 4680 367 4750 potius
379 4678 572 4732 nominamus.
587 4679 648 4732 Non
664 4676 741 4731 enim
755 4677 819 4748 quis
833 4677 856 4732 si
871 4679 908 4733 ad

56 4754 170 4819 tempus
188 4749 275 4804 iratus
297 4755 350 4818 est,
371 4753 421 4804 aut
441 4748 566 4815 erubuit,
585 4753 635 4802 aut
649 4748 777 4815 incaluit,
795 4754 845 4803 aut
859 4765 907 4804 re·

55 4820 134 4876 frixit
149 4820 168 4886 ¹,
190 4837 254 4875 mox
273 4821 307 4874 ad
327 4824 432 4874 statum
446 4825 556 4873 naturae
569 4819 675 4873 iterum
689 4819 842 4886 rediturus,
859 4824 908 4876 aut

55 4891 231 4945 rubicundus
240 4893 280 4945 vel
292 4891 445 4945 iracundus
455 4891 498 4944 vel
509 4890 617 4945 calidus
628 4891 670 4944 vel
681 4890 800 4962 frigidus
811 4892 907 4961 appel·

55 4963 107 5016 lari
122 4967 226 5033 potest,
243 4962 266 5015 si
281 4962 315 5016 ad
331 4967 443 5032 tempus
454 4961 563 5033 aliquid
577 4977 676 5032 passus
691 4968 741 5016 est.
760 4961 818 5015 Erit
836 4977 905 5033 ergo

53 5033 129 5088 inter
154 5033 280 5104 passivas
299 5032 450 5105 qualitates
469 5037 497 5088 et
519 5032 665 5104 passiones
688 5033 742 5086 ista
761 5031 904 5101 discretio,

54 5103 131 5175 quod
154 5105 300 5175 passiones
315 5104 350 5158 ad
364 5108 477 5173 tempus
497 5109 602 5159 exortoe
620 5103 702 5157 facile
722 5109 906 5158 commutau-

54 5179 116 5241 tur3
137 5175 255 5247 passivae
278 5191 345 5229 vero
360 5176 513 5247 qualitates
536 5174 694 5229 secundum
716 5190 787 5245 quas
806 5177 906 5246 quales

52 5245 186 5315 dicimur,
202 5252 341 5318 perpetuo
361 5251 554 5317 perseverant.
570 5246 706 5310 Quartam
722 5260 798 5299 nunc
813 5246 906 5316 quall-

53 5317 119 5371 tatis
141 5317 264 5389 speciem
292 5322 488 5384 retractemus,
519 5317 548 5370 in
575 5333 632 5388 qua
661 5321 727 5371 sunt
754 5317 853 5371 lormae
877 5321 906 5372 et

51 5388 171 5471 ligure:
197 5393 226 5442 et
246 5389 347 5471 ligurus
371 5388 585 5454 inanimalibus,
610 5388 711 5442 lormae
732 5387 905 5443 animalibus

50 5460 229 5515 tribuuntur.
248 5462 366 5532 Figurae
385 5458 463 5513 euim
478 5465 546 5513 tuuc
561 5459 756 5529 designamus,
772 5475 838 5513 cum
859 5460 904 5515 vel

51 5531 208 5601 trigonum,
233 5533 278 5587 vel
302 5534 496 5601 tetragonum,
526 5530 569 5585 vel
597 5545 713 5598 conum,
742 5531 786 5584 rel
814 5531 904 5603 cylin-

50 5601 146 5670 dmm,
161 5604 202 5658 vel
218 5603 362 5676 spheram
377 5601 514 5673 dicimus3
530 5601 636 5658 iormas
651 5605 747 5659 autem
761 5617 827 5658 cnm
840 5602 902 5658 lor·

85 5753 89 5785 ¹
108 5752 146 5802 m
161 5752 221 5805 uss.
237 5716 508 5819 electrannum.

846 230 1041 288 areanum.

1754 238 1823 295 ilat

971 370 1068 410 moses
1095 354 1249 410 asserimus
1283 356 1394 428 aliquos
1417 358 1461 412 vel
1490 357 1640 415 deformes.
1662 360 1694 415 ln
1721 360 1821 418 eodem

973 427 1118 508 qualitatis
1131 442 1235 497 genere
1263 431 1338 490 sunt,
1367 428 1490 482 curvitas
1503 434 1533 485 et
1561 430 1710 485 rectitudo.
1726 433 1821 488 Aude-
1912 478 1918 483 .

972 514 1036 551 mus
1063 514 1138 552 emm
1164 497 1284 555 ευθύτθτα
1297 498 1527 560 coimplicitam
1553 502 1607 555 hoc
1636 506 1717 572 pacto
1751 518 1821 558 cou-

971 574 1090 624 vertere.
1108 570 1149 623 Ab
1163 569 1197 622 iis
1211 584 1336 640 namque
1350 575 1461 625 rectum
1475 572 1519 625 vel
1538 587 1656 625 curvum
1672 572 1821 645 quidpiam

972 640 1094 694 dicitur:
1120 639 1247 695 lenitudo
1275 656 1389 711 quoque
1415 647 1444 696 et
1458 642 1594 713 asperitas
1622 648 1651 697 et
1676 645 1776 698 raritas
1789 660 1821 699 ac

972 710 1107 777 densitas,
1123 727 1138 765 θ
1154 711 1257 782 quibus
1277 727 1384 774 rarum,
1411 712 1542 779 densum,
1565 713 1629 767 lene
1644 717 1672 767 et
1686 730 1821 785 asperum

971 780 1165 851 designamus,
1194 782 1365 854 qualitatum
1385 782 1501 853 quidem
1527 798 1648 838 numero
1664 790 1819 854 sociantur,

971 853 1020 907 sed
1035 852 1141 907 habent
1167 853 1285 907 alteram
1314 853 1579 923 interpretationem
1595 855 1649 909 sui.
1672 855 1820 927 Siquidem

971 924 1091 978 densum
1107 925 1325 979 coarctationem
1340 925 1682 997 nimiamconjunctarum
1692 927 1819 996 partium

970 994 1081 1048 videtur
1102 995 1264 1062 ostendere;
1286 1011 1383 1049 rarum
1408 1002 1516 1060 contra,
1534 997 1636 1066 inquo
1662 996 1820 1052 intervallis

969 1065 1168 1137 frequentibus
1184 1066 1272 1120 laxior
1307 1067 1411 1121 artium
1425 1068 1537 1121 videtur
1561 1084 1620 1121 esse
1635 1068 1817 1138 conjunctio:

970 1136 1127 1208 quinetiam
1148 1137 1211 1191 lene
1230 1083 1304 1191 illuri
1327 1139 1444 1209 proprie
1468 1139 1581 1193 videtur
1606 1140 1766 1206 ostendere,
1790 1138 1819 1193 in

970 1224 1026 1279 quo
1041 1209 1132 1278 posito
1145 1208 1270 1278 partium
1285 1209 1324 1263 ita
1339 1215 1403 1280 apte
1427 1210 1611 1280 pariliterque
1631 1209 1739 1280 digesta
1765 1214 1816 1276 est,

969 1284 1001 1332 ut
1020 1280 1098 1332 nulla
1112 1295 1211 1332 earum
1227 1295 1368 1334 mensura
1394 1281 1511 1334 alterius
1529 1281 1688 1346 emineret;
1709 1285 1818 1348 contra,

970 1365 1103 1420 asperum
1127 1348 1317 1419 discrepantia
1343 1352 1560 1420 conjunctarum
1588 1350 1712 1423 partium
1731 1351 1817 1407 facit:

969 1421 1150 1491 asperitatem
1176 1436 1301 1491 namque
1328 1421 1422 1491 gignit
1450 1421 1505 1475 nisi
1540 1422 1721 1493 inequalitas
1749 1438 1816 1494 par·

969 1490 1053 1557 tium,
1067 1495 1099 1544 ut
1111 1491 1148 1544 sit
1162 1491 1274 1562 longior
1288 1507 1356 1558 una,
1381 1493 1470 1545 altera
1485 1491 1612 1545 interior.
1634 1495 1673 1546 nc
1688 1498 1818 1564 propter-

969 1577 1002 1614 ea
1016 1562 1076 1616 haec
1088 1561 1205 1632 qnidam
1222 1565 1320 1616 volunt
1339 1563 1490 1632 categoria
1514 1561 1595 1616 alteri
1609 1563 1728 1630 sociare,
1754 1579 1819 1634 quaa

969 1631 1046 1703 apud
1065 1633 1175 1686 Graecos
1189 1632 1290 1693 κεῖσθαι,
1304 1633 1378 1703 apud
1410 1649 1464 1687 nos
1487 1633 1593 1702 jacere,
1624 1633 1681 1687 sive
1707 1636 1738 1687 nt
1763 1637 1820 1689 An·

969 1701 1098 1773 gorius¹,
1115 1718 1201 1773 quem
1225 1718 1278 1772 ego
1298 1703 1374 1757 inter
1397 1703 1575 1757 doctissimos
1596 1704 1698 1769 habeo,
1718 1704 1819 1770 voluit,

968 1773 1039 1826 situs
1053 1772 1165 1827 dicitur.
1183 1773 1364 1828 Claretenim
1379 1775 1605 1856 unumquodque
1628 1789 1727 1828 earum
1749 1791 1819 1847 par·

959 1836 1050 1905 tium,
1067 1860 1132 1915 quae
1148 1859 1251 1915 corpus
1271 1844 1409 1908 efficiunt,
1426 1851 1568 1915 positione
1596 1850 1744 1899 constare:
1775 1861 1820 1901 va·
1918 1869 1920 1874 ⁴

969 1919 1131 1968 rumtamen
1147 1931 1212 1969 cum
1229 1916 1293 1969 lene
1304 1916 1347 1969 vel
1361 1931 1494 1986 asperum
1509 1916 1552 1969 vel
1572 1915 1692 1969 densum
1711 1915 1754 1970 vel
1770 1931 1818 1970 ra·

968 2000 1032 2039 rum
1049 1985 1180 2050 dicimus,
1205 1986 1301 2057 qualia
1330 1986 1569 2050 demonstramus,
1593 2001 1684 2057 eaque
1709 1987 1818 2057 omnia,

968 2072 1033 2127 quaa
1049 2056 1085 2110 de
1100 2057 1144 2110 his
1159 2057 1290 2182 superius
1306 2057 1445 2127 explicata
1460 2063 1536 2124 siant,
1553 2057 1589 2112 ad
1603 2056 1819 2127 interpretatio-

968 2143 1034 2181 nem
1049 2143 1107 2181 non
1122 2143 1190 2182 voca
1212 2128 1260 2194 oli,
1276 2128 1324 2182 sed
1341 2134 1450 2182 naturae
1467 2129 1599 2183 videntur
1611 2126 1707 2198 potius
1731 2129 1820 2200 perti·

968 2214 1055 2252 uero:
1072 2199 1176 2269 quade
1191 2215 1276 2253 causa
1289 2200 1364 2269 cogit
1378 2199 1462 2264 ratio,
1478 2204 1510 2253 ut
1526 2200 1587 2255 haec
1602 2214 1717 2270 quoque
1742 2199 1820 2254 inter

968 2268 1064 2338 qualia
1079 2285 1272 2325 numeremus.
1289 2270 1330 2323 Ab
1355 2269 1400 2323 his
1414 2270 1513 2339 igitur,
1542 2286 1613 2341 quas
1641 2269 1819 2325 enumeravi·

967 2355 1042 2407 mus,
1090 2339 1254 2394 ualitatibus
1268 2339 1420 2403 παρωνύμως
1456 2341 1532 2394 ualia
1557 2337 1753 2407 nominantur,
1787 2343 1819 2396 ut

967 2410 1032 2463 lene
1047 2357 1205 2476 aienitate,
1231 2426 1248 2464 a
1272 2409 1412 2464 densitate
1435 2356 1570 2477 iensum,
1598 2415 1757 2482 caeteraque
1772 2411 1818 2466 his

968 2480 1081 2534 similia.
1099 2481 1152 2536 Sed
1178 2481 1349 2551 plerumque
1364 2480 1475 2547 accidit,
1502 2481 1567 2535 licet
1586 2496 1659 2545 raro,
1676 2488 1709 2537 ut
1723 2482 1820 2564 qualia

968 2567 1026 2605 non
1043 2551 1187 2614 παρωνύμος
1203 2568 1218 2605 a
1233 2568 1284 2604 sua
1298 2551 1434 2621 qualitate
1447 2552 1630 2618 descendant,
1642 2555 1699 2608 uta
1714 2558 1819 2608 virtute

968 2637 1025 2675 non
1050 2627 1143 2693 potest
1166 2622 1221 2676 dici
1236 2623 1388 2688 virtuosus,
1418 2622 1468 2676 sed
1495 2624 1659 2676 moderatus
1683 2628 1712 2677 et
1734 2623 1819 2679 indu-

968 2693 1062 2746 strius,
1081 2694 1136 2746 Nec
1152 2692 1282 2761 ingraeco
1298 2691 1413 2762 quidem
1428 2690 1476 2740 ἀπὸ
1492 2695 1535 2751 τῆς
1551 2691 1648 2757 ἀρετῆς,
1663 2694 1760 2756 aperte
1776 2694 1819 2748 di·

967 2763 1051 2827 citur,
1082 2764 1130 2817 sed
1158 2761 1285 2817 σπουδαῖος
1320 2763 1397 2817 Unde
1431 2768 1551 2833 apparet
1587 2765 1692 2834 qualia,
1731 2764 1818 2818 etiam

966 2835 1097 2904 neglecta
1120 2833 1290 2904 plerumque
1308 2848 1536 2903 paronymorum
1562 2833 1737 2890 derivatione
1752 2849 1818 2889 cou-

967 2909 1050 2957 stare.
1067 2905 1132 2958 Hac
1152 2904 1311 2959 hactenus:
1333 2919 1409 2958 nunc
1431 2904 1577 2975 qualitatis
1597 2905 1683 2977 hujus
1699 2909 1818 2975 propter

966 2991 1052 3046 qnam
1068 2974 1193 3030 diversas
1207 2975 1315 3046 species
1343 2975 1567 3045 explanavimus,
1583 2977 1814 3048 consequentias,

966 3052 994 3099 et
1008 3047 1156 3117 proprium
1170 3047 1316 3101 videamus
1340 3048 1372 3101 Et
1383 3046 1508 3116 primum
1519 3046 1635 3117 quidem
1649 3046 1816 3102 contratrie-

966 3121 1053 3171 tatem
1068 3117 1196 3186 recipere
1221 3117 1381 3188 qualitates,
1399 3118 1478 3171 nulla
1501 3117 1641 3172 dubitatio
1666 3123 1717 3173 est.
1749 3118 1818 3182 Quis

966 3188 1043 3242 enim
1058 3188 1169 3243 dubitat
1183 3187 1269 3242 saluti
1283 3188 1458 3243 contrarium
1474 3189 1719 3261 esselanguorem,
1730 3189 1816 3260 justi·

965 3258 1013 3313 tim
1031 3259 1213 3329 injustitiam,
1233 3261 1357 3314 calorem
1373 3259 1483 3330 frigori,
1506 3260 1583 3314 malo
1611 3262 1729 3322 bonum,
1757 3275 1817 3314 non

966 3330 1080 3384 erudito
1093 3330 1196 3385 litteris
1206 3331 1374 3385 eruditum?
1388 3330 1442 3386 Sed
1457 3332 1510 3386 hoc
1524 3348 1582 3385 non
1597 3331 1626 3385 in
1651 3331 1730 3386 omui
1745 3346 1815 3402 qua·

965 3401 1044 3455 litate
1058 3401 1183 3472 reperies
1198 3418 1204 3456 :
1219 3418 1285 3456 nam
1302 3402 1468 3471 pallido,vel
1481 3402 1571 3470 fusco,
1593 3403 1637 3456 vel
1684 3401 1814 3466 uadrato,

965 3473 1008 3525 vel
1024 3472 1148 3543 trigono,
1166 3473 1236 3527 nihil
1251 3477 1344 3544 potest
1366 3488 1427 3527 esse
1453 3472 1639 3527 contrarium.
1692 3489 1730 3527 on
1744 3488 1814 3544 ergo

965 3543 1019 3597 erit
1032 3543 1246 3599 incommodum
1260 3544 1389 3613 regulam
1406 3544 1561 3615 quamdam
1575 3544 1654 3611 dare,
1669 3561 1725 3616 qua
1749 3560 1814 3616 quae

965 3614 1116 3685 qualitates
1131 3614 1360 3669 contrarietatem
1389 3630 1448 3669 non
1477 3613 1626 3685 recipiant,
1655 3614 1745 3684 possit
1771 3614 1817 3669 ad·

964 3685 1045 3739 verti.
1063 3685 1120 3739 Erit
1140 3685 1229 3756 igitur
1253 3691 1351 3740 uotum
1375 3684 1475 3750 doctis,
1500 3701 1547 3739 eas
1568 3686 1730 3757 qualitates,
1750 3701 1815 3758 qum

964 3756 1116 3809 contrariis
1131 3756 1233 3811 mediae
1249 3761 1324 3823 sunt,
1341 3759 1370 3810 et
1392 3773 1439 3810 aas
1458 3772 1522 3828 quae
1537 3771 1572 3812 ex
1582 3757 1682 3812 formis
1697 3757 1813 3829 figuris·

964 3842 1020 3951 que
1044 3832 1209 3894 nascuntur,
1234 3827 1465 3882 contrarietatem
1493 3828 1608 3898 penitus
1633 3844 1768 3883 excusare
1791 3826 1813 3883 ².

986 3898 1120 3952 ontrariis
1135 3902 1231 3953 autem
1247 3898 1353 3953 medias
1369 3898 1437 3960 dixi,
1453 3903 1486 3954 ut
1500 3903 1542 3953 est
1562 3899 1674 3955 luscum
1689 3904 1718 3954 et
1731 3897 1813 3970 palli·

965 3967 1034 4022 dum
1047 3984 1053 4022 ε
1070 3969 1131 4023 haec
1145 3970 1222 4024 euim
1250 3970 1308 4025 duo
1322 3971 1357 4024 de
1382 3969 1514 4025 albedine
1541 3970 1748 4043 nigredineque
1762 3987 1813 4025 na·

963 4045 1091 4109 scantur,
1103 4056 1135 4095 ac
1158 4044 1225 4095 sunt
1249 4041 1293 4095 bis
1307 4041 1421 4108 media3
1446 4041 1508 4112 ipsa
1521 4057 1588 4095 vero
1614 4042 1715 4097 albedo
1730 4044 1759 4095 et
1774 4041 1816 4096 ui·

963 4111 1053 4180 gredo
1068 4111 1121 4165 sibi
1141 4116 1208 4165 sunt
1230 4113 1390 4179 contraria;
1419 4113 1498 4167 lusco
1526 4117 1621 4166 autem
1648 4112 1814 4184 pallidaque

963 4181 1137 4236 contrarium
1154 4181 1225 4236 nihil
1241 4186 1292 4236 est.
1311 4182 1403 4238 Claret
1418 4199 1485 4254 ergo
1513 4181 1721 4237 contrariorum
1748 4198 1812 4237 me-

963 4252 1020 4318 dia,
1041 4253 1215 4306 contrarium
1244 4268 1301 4307 uon
1326 4253 1442 4309 habere.
1472 4251 1546 4317 Quin
1569 4252 1656 4308 etiam
1679 4252 1812 4324 qualitas,

963 4339 1028 4393 qum
1059 4339 1092 4377 ex
1118 4324 1211 4377 forma
1247 4324 1289 4377 vel
1318 4322 1412 4395 figura
1440 4322 1577 4388 consistit,
1603 4323 1813 4379 contrarietatis

963 4393 1063 4465 ignara
1075 4398 1125 4449 est.
1143 4394 1217 4459 Quid
1228 4395 1305 4449 euim
1342 4395 1459 4449 uadrato
1471 4395 1512 4447 vel
1529 4394 1652 4465 trigono,
1670 4394 1737 4466 quid
1753 4394 1813 4449 cir-

962 4467 1026 4518 culo
1040 4466 1082 4520 vel
1097 4481 1169 4520 cono
1183 4466 1226 4520 vel
1251 4412 1378 4537 cyliniro
1393 4464 1567 4519 contrarium
1583 4465 1647 4536 quis
1662 4467 1814 4537 opponat?

963 4536 1143 4607 Regulariter
1153 4552 1221 4607 ergo
1235 4541 1383 4591 teneamus
1398 4536 1607 4591 contrarietatis
1626 4535 1812 4606 receptricem

962 4607 1139 4679 qualitatem,
1161 4624 1213 4662 nec
1235 4624 1350 4663 omnem
1365 4623 1448 4678 posse
1472 4622 1542 4674 esse,
1568 4622 1619 4661 nec
1639 4607 1739 4662 solam.
1756 4608 1813 4663 Nec

962 4677 1032 4733 illud
1046 4684 1088 4733 est
1099 4679 1299 4741 omittendum,
1317 4683 1350 4732 ut
1361 4678 1484 4733 sciamus
1498 4677 1528 4732 in
1552 4678 1702 4732 contrariis
1719 4679 1813 4750 quali·

962 4753 1064 4818 tatum,
1077 4751 1129 4804 sub
1143 4751 1243 4804 eadem
1267 4749 1410 4819 categoria
1430 4765 1491 4802 esse
1517 4749 1649 4816 alterum,
1680 4750 1733 4804 sub
1754 4766 1812 4822 qua

962 4820 1038 4875 aliud
1058 4820 1220 4875 invenitur:
1248 4822 1280 4874 ut
1299 4819 1419 4891 justitia
1439 4819 1578 4900 injustitia
1593 4821 1734 4875 contraria
1749 4827 1809 4888 est;

961 4891 1082 4962 qualitas
1097 4891 1204 4961 justitia
1218 4911 1225 4959 ;
1245 4895 1273 4945 et
1285 4890 1426 4960 inJostitia
1439 4890 1528 4960 igitur
1538 4891 1661 4962 qualitas
1675 4896 1726 4946 est.
1739 4893 1811 4947 ilem

961 4963 1083 5033 qualitas
1098 4967 1140 5016 est
1154 4962 1275 5028 albed03
1291 4977 1380 5034 quare
1398 4961 1580 5032 nigredinem
1630 4973 1722 5034 oeque
1748 4979 1809 5018 esse

960 5034 1126 5104 qualitatem
1153 5049 1266 5088 necesse
1295 5037 1346 5088 est.
1363 5033 1424 5097 Quo
1441 5033 1483 5099 fit,
1500 5038 1532 5088 ut
1546 4979 1717 5104 reguiariter
1744 5048 1811 5088 con·

960 5105 1055 5159 traria
1071 5103 1223 5175 qualitates
1237 5103 1379 5173 categoria
1397 5120 1510 5176 semper
1525 5104 1622 5159 eadem
1639 5103 1809 5159 vinciantur.

960 5176 1125 5240 Ouaerentes
1139 5175 1249 5229 interea
1265 5175 1335 5247 quid
1347 5175 1384 5230 sit
1402 5177 1551 5247 proprium
1566 5175 1722 5258 qualitatis,
1738 5190 1809 5246 quo·

960 5247 1037 5300 niam
1051 5246 1280 5301 contrarietatem
1297 5246 1439 5316 suscipere
1454 5264 1507 5303 nec
1528 5248 1614 5301 solius
1630 5248 1681 5313 est,
1698 5262 1749 5301 nec
1764 5251 1810 5301 to·

959 5317 1026 5384 tius,
1042 5317 1119 5371 aliud
1136 5322 1360 5384 perscrutemur.
1371 5319 1459 5374 Video
1472 5319 1548 5374 enim
1564 5317 1655 5389 magis
1665 5317 1807 5385 aiminus,

959 5388 1068 5443 bocest
1092 5387 1187 5451 μᾶλλον
1202 5387 1330 5448 satamon
1356 5389 1386 5445 iu
1409 5406 1438 5445 se
1473 5389 1600 5458 recipere
1629 5388 1807 5460 qualitatem.

960 5461 1088 5531 Namque
1103 5461 1194 5587 maqis
1208 5461 1316 5527 album,
1336 5462 1379 5516 vel
1404 5461 1494 5533 magis
1508 5460 1635 5530 nigrum,
1659 5462 1702 5516 vel
1718 5477 1763 5515 ma
1786 5461 1810 5517 's

957 5532 1110 5597 musicum,
1126 5548 1159 5587 va
1190 5532 1286 5587 minus
1305 5533 1447 5589 musicum
1464 5547 1617 5604 possumus
1632 5530 1736 5588 dicere.
1778 5549 1808 5587 e·

956 5618 1022 5657 ram
1037 5602 1066 5658 id
1092 5619 1208 5677 quoque
1236 5619 1289 5660 nec
1309 5603 1433 5659 inomni
1456 5602 1605 5675 qualitate,
1621 5617 1673 5659 nec
1700 5603 1809 5660 insola

964 5708 970 5713 ·
989 5693 996 5726 ¹
1016 5693 1045 5742 ln
1060 5692 1118 5743 aliis
1130 5692 1206 5748 aad..
1224 5693 1366 5806 Augurius:
1414 5692 1460 5749 M..

989 5753 1052 5804 ²1ta
1066 5759 1167 5808 veteres
1184 5758 1245 5807 tiss.
1281 5755 1373 5812 tediis,
1388 5766 1518 5806 recusare.
