3884 6112
84 217 153 270 llil
809 221 915 280 LIBER
935 219 1110 291 QUARTUS.
1768 236 1837 292 {lae

79 335 246 407 pyrrhichio
269 351 360 408 usque
376 335 411 390 ad
434 335 621 407 tribrachum,
644 355 709 396 cum
730 341 772 397 illi
795 343 929 401 binarum
987 346 1040 401 dns
1059 345 1193 418 epitritus
1206 348 1288 401 terna
1302 350 1367 419 post
1380 348 1471 404 locato
1487 348 1594 423 iambo,
1608 357 1691 410 terna
1706 357 1834 424 bacchio,

78 423 253 495 syllabarum
267 425 355 494 pedes
366 426 580 494 quatuordecim
595 428 701 499 singuli
714 436 853 501 crearent,
864 449 930 504 quaa
985 440 1069 490 terna
1083 435 1300 501 cretica-lema
1322 452 1422 508 paeoue
1442 442 1544 508 quarto
1560 458 1566 507 ;
1591 458 1656 513 quae
1678 443 1753 500 fiunt
1770 462 1836 503 crim

78 512 153 567 fiunt
171 511 257 565 simul
272 512 483 583 quinquaginta
507 521 535 568 et
555 532 612 571 sex.
635 517 806 575 Tribrachus
833 527 930 577 autem
985 523 1042 577 illis
1057 525 1371 594 ternisquoesuntsine
1385 525 1509 593 silentio,
1522 528 1648 600 triginta.
1665 532 1835 591 Tertiusve·

76 598 181 672 viginti
203 603 231 652 at
253 614 354 666 unum,
375 605 493 671 propter
512 603 656 672 geminum
679 605 859 662 divisionem.
881 608 929 664 llis
985 625 1018 664 rc
1032 612 1186 681 etjquartus
1199 609 1307 679 epitriti
1321 614 1377 665 tras
1388 616 1452 667 autc
1464 614 1609 670 silentium
1622 617 1754 689 gignunt,
1770 636 1835 676 cum

77 688 168 759 igitur
192 687 375 757 septuaginta
394 692 422 742 et
442 695 552 760 septem
566 689 698 746 addimus
712 695 931 765 quatuordecim
985 698 1112 768 spondeo
1133 702 1225 764 terna,
1246 702 1274 752 at
1293 702 1375 753 torua
1393 715 1458 754 cum
1477 708 1633 774 anapaesto,
1660 710 1743 761 terna
1768 724 1833 764 cum

78 774 195 845 dactyli,
212 778 240 828 et
259 776 398 845 auapaesti
413 776 532 831 totidem
550 793 557 831 :
573 777 651 848 pleni
666 780 743 836 euim
762 783 786 836 si
801 783 931 840 locentur
986 786 1120 852 molosso,
1140 790 1301 840 lernaeum
1317 785 1411 840 ionico
1428 787 1552 854 minore,
1571 794 1654 845 terna
1668 808 1734 848 cum
1753 795 1834 850 chor·

78 863 159 918 nullo
178 862 302 928 silentio,
326 862 480 934 incipiente
500 869 591 920 metro
617 883 632 919 a
654 866 766 924 duobus
784 886 875 942 usque
895 872 930 928 ad
985 872 1098 940 iamho;
1117 889 1182 945 quae
1202 873 1276 929 liunt
1297 873 1383 929 simul
1405 891 1472 932 cum
1492 876 1552 931 illis
1567 879 1665 943 ternis,
1688 896 1753 952 quaa
1772 882 1834 939 siue

77 956 143 1004 octo
168 950 264 1020 pedes,
286 953 405 1020 septena
419 951 552 1021 pariunt;
570 952 673 1008 additis
691 971 759 1010 vero
775 958 930 1028 semipedi-
985 958 1098 1014 silentio
1117 965 1289 1030 genuerunt,
1309 962 1429 1034 triginta
1445 967 1474 1018 et
1487 979 1544 1019 sex.
1562 967 1635 1037 Ergo
1650 967 1759 1038 epitriti
1773 984 1836 1024 om·

76 1039 132 1093 bus
147 1054 213 1092 cnm
227 1037 353 1105 silentio,
377 1038 532 1109 incipiente
552 1045 643 1096 metro
662 1043 698 1097 ab
721 1059 780 1099 uno
801 1047 883 1117 pede,
902 1051 930 1102 et
985 1063 1035 1101 nes
1051 1049 1196 1119 sexaginta
1210 1055 1239 1104 et
1253 1064 1301 1104 sex
1314 1057 1407 1105 metra
1421 1050 1554 1122 pariunt:
1571 1068 1636 1124 quaa
1651 1068 1716 1110 cum
1732 1055 1834 1127 viginti

75 1126 223 1198 semipede
239 1126 422 1196 perveniente
436 1128 471 1182 ad
487 1133 596 1200 septem
612 1134 641 1184 et
654 1131 750 1198 seruis,
766 1134 822 1188 alia
835 1139 928 1205 septe·
984 1140 1013 1190 et
1030 1152 1087 1190 uno
1102 1137 1343 1207 proceleumatici,
1363 1139 1506 1209 superiori
1522 1157 1641 1196 summa
1663 1142 1768 1210 addita,
1791 1143 1834 1198 ia-

76 1231 125 1270 na.
142 1216 174 1268 Et
187 1215 261 1268 liunt
269 1214 332 1285 jum
343 1215 445 1269 'omnia
457 1220 572 1272 centum
596 1220 624 1272 et
638 1218 776 1291 quinque.
794 1223 929 1277 Bacchius
984 1223 1063 1278 ciunt
1077 1224 1234 1294 quingenta
1247 1225 1458 1297 quinquaginta
1471 1227 1535 1282 tria.
1555 1229 1734 1298 dispondeus
1744 1234 1834 1287 restat

75 1318 220 1357 veronen
234 1307 328 1373 potest
342 1306 467 1358 metrum
482 1321 566 1359 suum
580 1306 615 1359 ad
631 1312 694 1361 octo
713 1309 801 1378 pedes
819 1311 928 1382 perdu·
984 1310 1106 1381 gignens
1120 1314 1149 1364 et
1163 1311 1224 1382 ipse
1241 1311 1297 1366 tria
1312 1312 1442 1384 integer;
1459 1314 1587 1369 adhibito
1608 1322 1705 1371 autem
1720 1317 1834 1372 silentio

76 1407 153 1457 cere,
173 1406 209 1446 ne
233 1390 354 1461 triginta
368 1391 424 1444 duo
439 1395 569 1464 tempora
586 1397 722 1459 trauseat,
739 1410 832 1466 neque
847 1397 927 1467 quis·
984 1413 1049 1451 cum
1062 1399 1190 1468 spondeo
1200 1398 1265 1465 tria,
1281 1404 1308 1453 et
1322 1399 1454 1454 triacum
1467 1407 1609 1473 anapaesto
1625 1403 1759 1458 triacum
1774 1421 1834 1460 mo·

77 1494 166 1552 quam
182 1479 304 1550 quinum
318 1482 481 1550 temporum
494 1497 559 1552 pes;
577 1482 626 1536 sed
641 1487 761 1553 possunt
776 1483 823 1537 isti
837 1499 928 1556 usque
984 1484 1069 1552 losso,
1084 1485 1140 1540 tria
1150 1501 1215 1540 eum
1226 1486 1319 1541 ionico
1333 1503 1350 1541 a
1363 1487 1484 1553 minore,
1497 1489 1629 1544 triacum
1644 1491 1811 1548 choriambo
1825 1520 1831 1548 ι

77 1568 114 1622 ad
129 1584 176 1622 sex
186 1567 345 1638 pervenire.
362 1568 497 1623 Bacchius
507 1584 575 1640 ergo
590 1570 682 1641 etqui
697 1570 723 1624 ei
738 1587 791 1642 par
801 1575 854 1642 est,
869 1588 929 1628 uon
984 1588 1049 1645 quae
1072 1573 1103 1628 in
1117 1589 1259 1629 summam
1274 1573 1359 1629 ducta
1373 1589 1439 1630 cum
1460 1574 1517 1630 illis
1531 1576 1623 1631 trihus
1636 1593 1701 1649 quae
1716 1583 1777 1633 erat
1790 1579 1831 1634 in-

76 1656 165 1711 modo
186 1654 374 1726 temporibus,
396 1657 446 1711 sad
466 1656 553 1711 etium
568 1657 708 1713 divisione
722 1675 808 1729 paeon
826 1676 930 1715 secun·
983 1666 1074 1732 teger,
1092 1659 1166 1715 fiunt
1188 1662 1329 1716 decernet
1348 1666 1421 1717 octo.
1444 1663 1486 1718 ltu
1509 1667 1596 1718 eruut
1621 1668 1713 1720 metra
1736 1666 1834 1722 omnia

78 1743 143 1812 dus,
159 1759 175 1797 a
189 1743 303 1797 duobus
313 1742 435 1812 pedibus
449 1759 540 1815 usque
555 1745 590 1800 ad
604 1762 653 1800 sex
668 1746 853 1817 procedentes
864 1763 929 1803 cum
983 1749 1142 1822 quingenta
1154 1749 1336 1820 septuaginta
1350 1754 1378 1804 et
1392 1765 1493 1805 uuum.

79 1830 182 1902 integri
199 1830 370 1885 ordinantur
380 1831 441 1885 sine
452 1831 574 1901 silentio,
587 1834 676 1904 quina
690 1839 782 1889 metra
795 1834 927 1904 pariunt;
1038 1837 1150 1891 CAPUT
1164 1838 1235 1892 Xlll.
1248 1839 1375 1894 —Ratio
1388 1839 1518 1893 metiendi
1525 1838 1617 1909 [metra
1631 1843 1656 1894 et
1670 1842 1778 1896 silentia

78 1936 144 1974 cum
159 1918 273 1973 silentio
289 1923 386 1973 aulem
405 1920 574 1990 incipientes
588 1922 625 1976 ab
647 1937 704 1976 uuo
725 1923 879 1994 semipede,
900 1929 930 1979 et
1305 1927 1505 1996 interponendi.

78 2009 114 2063 ad
129 2007 255 2079 quinque
279 2007 437 2078 semipedes
452 2008 663 2079 pervenientes,
679 2010 735 2063 alia
754 2011 844 2081 quina
862 2027 929 2066 cum
1020 2014 1063 2067 lita
1080 2013 1116 2068 ll.
1133 2013 1231 2067 Essent
1250 2011 1377 2084 quidem,
1396 2014 1452 2068 nisi
1469 2015 1525 2070 tria
1538 2015 1712 2070 detrahenda
1726 2020 1830 2086 essent,

78 2112 136 2150 nna
154 2097 241 2166 longa
255 2100 322 2166 post
340 2111 388 2150 eos
402 2095 529 2167 ponitur,
549 2100 578 2151 et
591 2096 660 2153 item
675 2098 764 2169 quina
783 2115 848 2153 cum
864 2099 927 2154 bre·
984 2099 1052 2169 quia
1064 2099 1296 2172 postsecuudum
1306 2100 1454 2172 epitritum
1465 2101 1572 2156 dictum
1584 2101 1762 2157 estiambum
1772 2117 1830 2158 ma-

77 2183 119 2237 ris
129 2187 156 2237 et
166 2183 264 2254 longa:
277 2183 422 2253 quindena
436 2183 526 2256 igitur
537 2191 644 2252 creant,
656 2201 721 2257 quae
736 2187 768 2240 in
783 2202 928 2241 summam
984 2188 1009 2242 le
1028 2187 1109 2258 poni.
1130 2187 1182 2244 Sed
1199 2188 1253 2244 huc
1271 2188 1387 2259 quidem
1408 2189 1482 2243 bene
1503 2188 1648 2244 sehabet:
1667 2204 1755 2260 quare
1771 2190 1832 2260 jam

77 2271 192 2326 redacta
207 2270 326 2343 triginta
340 2276 416 2326 sunt.
432 2274 466 2326 Et
479 2272 553 2327 tiunt
564 2273 625 2344 jam
640 2278 732 2329 matra
746 2275 845 2329 omnia
858 2291 926 2330 cen·
983 2275 1028 2330 dic
1042 2275 1126 2344 mihi,
1146 2277 1291 2347 quomodo
1310 2275 1363 2330 tibi
1381 2292 1480 2330 aurem
1499 2280 1600 2347 tangat
1622 2281 1746 2332 metrum
1768 2277 1832 2344 hoc,

78 2364 139 2414 tum
154 2363 181 2412 et
196 2359 315 2430 triginta
327 2360 466 2431 quinque.
483 2361 609 2415 Creticus
624 2378 701 2426 uero,
716 2366 743 2417 et
754 2363 805 2433 qui
820 2362 929 2434 pariter
985 2365 1100 2433 Triplici
1111 2364 1187 2419 uides
1201 2367 1232 2418 ut
1245 2367 1306 2418 orta
1321 2365 1419 2419 lhivlae
1433 2368 1541 2419 rotetur
1554 2366 1636 2432 ipris.
1652 2367 1690 2421 D.
1708 2366 1832 2420 Persua-

78 2446 254 2513 dividuntur,
270 2463 385 2517 paeones
400 2447 510 2518 primus
526 2453 555 2503 et
569 2454 696 2519 quartus,
713 2451 850 2523 quoniam
864 2454 929 2522 post
982 2451 1065 2508 riter.
1082 2453 1125 2506 M.
1144 2453 1264 2506 Potesne
1280 2451 1373 2506 dicere
1387 2451 1492 2523 quibus
1514 2452 1635 2523 pedibus
1650 2452 1781 2507 constet?
1794 2454 1829 2507 n.

77 2535 142 2589 illos
154 2539 183 2590 et
208 2550 298 2590 uuam
321 2536 447 2605 longam,
463 2541 490 2590 et
509 2537 648 2604 iambum,
670 2541 699 2593 et
712 2539 884 2610 spondeum,
900 2544 929 2594 et
984 2542 1047 2597 Nou
1060 2557 1177 2613 possum
1192 2557 1198 2595 :
1215 2556 1308 2611 neque
1322 2540 1399 2595 euim
1411 2540 1526 2595 invenio
1542 2541 1686 2612 quomodo
1700 2539 1754 2596 sibi
1766 2555 1833 2595 con·

77 2627 256 2695 anapestum
268 2624 336 2679 licet
346 2640 464 2695 ponera,
481 2624 518 2680 ad
531 2625 851 2698 septuagintaquinque
866 2641 929 2698 per·
983 2633 1088 2700 gruunt
1102 2644 1174 2700 quos
1188 2627 1306 2682 metior:
1323 2626 1475 2696 siveenIm
1493 2627 1692 2697 pyrrhichium
1706 2642 1723 2681 a
1736 2626 1830 2698 capiis

76 2712 218 2767 veniunt:
236 2712 390 2767 cumcuim
403 2717 460 2766 tres
475 2711 532 2766 siut
546 2713 644 2783 pedes,
658 2712 747 2784 qrriua
758 2717 855 2768 creant
867 2714 927 2768 sino
982 2717 1165 2782 constituam,
1187 2715 1245 2770 sive
1268 2720 1456 2785 anapestum,
1475 2714 1533 2768 siue
1552 2730 1681 2786 paeoucm
1697 2715 1828 2784 tertium,

77 2799 203 2864 silentio,
220 2815 286 2854 cum
309 2799 422 2854 silentio
444 2805 541 2855 autem
560 2800 672 2871 viginti,
697 2817 762 2872 quae
780 2801 876 2867 simul,
898 2805 928 2856 ut
982 2820 1042 2859 non
1057 2803 1102 2857 his
1115 2802 1288 2857 conveniunt
1300 2801 1350 2873 qui
1365 2804 1525 2872 sequuntur
1536 2805 1564 2855 et
1577 2801 1692 2855 invenio
1703 2800 1751 2855 hic
1764 2800 1829 2872 qui·
1857 2787 1862 2797 ¹

77 2887 252 2953 dictumest,
268 2887 929 2960 liuntqninqueetsoptuagiuta‚quibusaddi·
983 2893 1048 2947 dem
1063 2891 1200 2950 creticum
1218 2893 1283 2960 post
1307 2889 1425 2944 tertium
1446 2902 1587 2959 paeonem,
1613 2891 1647 2942 ut
1666 2887 1776 2958 reliqua
1794 2887 1832 2943 sit

77 2977 115 3031 tis
129 2976 270 3047 superiori
285 2992 416 3043 summae,
432 2978 530 3033 decem
551 2982 579 3032 et
598 2978 721 3032 ducenta
735 2978 926 3049 complentur.
983 2981 1070 3051 longa
1084 2978 1205 3050 syllaba,
1221 2992 1307 3049 quam
1327 2976 1448 3031 creticus
1462 2978 1526 3048 post
1539 2991 1568 3030 se
1581 2991 1640 3029 non
1657 2975 1765 3046 respuit
1776 2975 1832 3030 col-

77 3064 305 3119 Palimbacchius
329 3069 359 3119 et
382 3064 432 3136 qui
448 3065 475 3119 ci
491 3064 629 3121 diuisione
654 3066 808 3121 concordat
827 3065 929 3121 tertius
983 3066 1090 3133 locari;
1106 3066 1157 3120 sed
1179 3063 1224 3119 his
1248 3063 1370 3135 pedibus
1394 3064 1448 3118 hoc
1467 3067 1591 3118 metrum
1609 3065 1738 3117 constare
1756 3066 1831 3120 recte

76 3168 173 3224 paeon,
190 3152 278 3223 quina
292 3152 409 3223 pariunt
422 3153 528 3224 integri
543 3153 604 3209 siue
620 3154 751 3209 silentio:
767 3169 833 3209 cum
844 3154 929 3209 silon·

77 3241 119 3296 tio
130 3245 225 3295 autom
241 3241 329 3312 quina
343 3257 409 3295 curu
422 3257 480 3295 una
495 3241 591 3313 longa,
605 3242 694 3313 quina
709 3258 774 3297 cum
788 3243 926 3315 spondeo,

78 3328 169 3400 quina
182 3345 247 3383 cum
259 3333 411 3400 anapaesto.
426 3331 491 3385 llaec
504 3329 636 3385 addimus
652 3331 687 3385 ad
701 3331 838 3402 majorem
852 3347 929 3386 sum·

77 3432 168 3484 mam,
185 3421 214 3472 et
236 3416 374 3472 habemus
398 3423 489 3473 metra
514 3418 611 3473 omnia
634 3418 757 3475 ducenta
785 3419 927 3490 quiuqua-

77 3504 171 3575 ginta.

117 3596 159 3649 15.
177 3593 313 3648 Molossus
329 3595 356 3647 et
380 3592 474 3648 ceteri
498 3608 547 3648 sex
567 3597 729 3663 temporum
756 3593 853 3665 podes,
878 3593 928 3665 qui

77 3696 146 3735 cum
157 3679 207 3735 illo
217 3681 303 3735 simul
314 3669 422 3752 septem
433 3681 520 3748 liunt,
534 3685 677 3752 quaterna
690 3686 787 3736 creant
801 3681 906 3754 integri
917 3694 925 3736 t

77 3784 146 3823 cum
157 3768 269 3823 silentio
282 3773 379 3823 autem
392 3767 527 3839 quoniam
539 3774 567 3824 et
579 3784 637 3824 una
651 3770 737 3840 longa
751 3773 815 3840 post
830 3784 929 3824 uuum·

77 3872 224 3929 quemque
237 3872 338 3912 eorum
351 3856 437 3911 locari
450 3860 555 3927 potest,
566 3862 594 3911 et
602 3857 723 3923 iambus,
736 3857 926 3927 etspoudeus,

77 3949 110 4000 ct
122 3947 295 4015 anapestus,
311 3949 339 3999 et
350 3945 494 4012 bacchius,
510 3950 539 4000 et
552 3946 682 4012 creticus,
699 3950 727 4001 et
741 3960 825 4016 poeou
842 3960 927 4016 quar·

77 4032 250 4099 tus3sicana
267 4038 296 4088 et
309 4034 580 4103 ortonrcompteut,
595 4050 659 4104 quae
676 4033 763 4089 simul
778 4033 851 4088 liunt
866 4049 928 4089 cen·

78 4126 144 4176 tum
158 4121 314 4191 nonaginta
327 4137 385 4187 sex,
400 4137 465 4192 quea
479 4121 565 4175 ducta
578 4137 642 4176 cum
655 4121 711 4176 illis
721 4120 869 4192 quaternis
881 4122 929 4176 du·

78 4213 164 4264 centa
178 4208 280 4279 viginti
295 4218 418 4280 quatuor
432 4209 631 4280 complentur:
654 4209 704 4263 scd
716 4209 783 4263 hinc
798 4213 861 4264 octo
876 4208 928 4263 de·

984 3171 1043 3210 non
1072 3158 1170 3226 posset
1195 3152 1362 3224 interposito
1391 3150 1504 3206 silentio
1530 3151 1617 3205 trium
1647 3156 1828 3222 temporum:

983 3259 1060 3298 nuuc
1072 3258 1139 3298 vero
1152 3241 1223 3296 nihil
1236 3241 1345 3308 siletur,
1359 3255 1425 3294 cum
1438 3239 1493 3294 hoc
1507 3239 1661 3311 repetendo
1673 3239 1832 3311 permulcet

984 3331 1122 3386 auditum.
1133 3332 1175 3386 M.
1191 3330 1260 3385 Vide
1272 3329 1370 3400 igitur,
1379 3333 1477 3383 utrum
1488 3328 1615 3399 incipere
1627 3327 1729 3383 debeat
1738 3343 1755 3382 a
1764 3343 1829 3399 pyr.

983 3419 1104 3487 rhichio,
1117 3419 1221 3474 deiude
1232 3418 1386 3473 metiamur
1400 3415 1570 3481 dichorium,
1587 3419 1649 3470 tum
1660 3415 1830 3487 spondeum,

984 3505 1034 3577 qui
1048 3505 1172 3577 complet
1185 3508 1327 3575 tempora,
1341 3519 1465 3574 quorum
1479 3502 1536 3556 duo
1551 3500 1660 3556 suntin
1673 3500 1827 3572 principio:

983 3597 1077 3663 potest
1093 3593 1162 3647 item
1175 3597 1261 3662 caput
1275 3596 1373 3647 tenere
1386 3594 1559 3661 anapaestus,
1575 3587 1677 3644 deinde
1688 3587 1830 3643 diiambus

983 3679 1089 3748 metiri,
1098 3684 1130 3735 ut
1139 3684 1266 3734 extrema
1279 3680 1366 3749 longa
1377 3678 1513 3732 collocata
1521 3693 1587 3731 cnm
1599 3675 1609 3708 ¹
1620 3680 1745 3748 quatuor
1756 3679 1830 3731 tem-

983 3768 1100 3840 poribus
1114 3767 1251 3839 auapaesti
1266 3766 1395 3838 perficiat
1409 3783 1456 3820 sex
1471 3769 1611 3836 tempora,
1627 3780 1693 3836 quoe
1707 3780 1772 3820 cum
1786 3763 1830 3820 di·

984 3857 1079 3913 iambo
1095 3856 1277 3923 conveniunt,
1292 3871 1327 3910 ex
1341 3871 1398 3928 quo
1414 3853 1558 3926 intelligas
1572 3853 1650 3921 licet,
1671 3857 1765 3924 partes
1779 3867 1829 3923 pe-

983 3944 1050 4001 dum
1064 3959 1123 4000 uon
1138 3945 1231 4001 solum
1247 3944 1277 3999 in
1291 3942 1348 3999 fine
1363 3942 1442 4015 poni,
1458 3941 1606 3997 sedetiam
1621 3939 1756 4012 incapite
1770 3955 1830 3996 me·

969 4036 1103 4088 trorum.
1122 4033 1156 4088 D.
1174 4033 1236 4087 lam
1250 4029 1391 4102 intelligo.

1021 4126 1063 4177 ll.
1079 4122 1121 4176 M.
1134 4120 1217 4184 Quid,
1235 4119 1259 4175 si
1274 4120 1389 4174 demam
1406 4133 1494 4172 unam
1510 4116 1641 4171 ultimam
1656 4116 1785 4188 longam,
1799 4119 1832 4171 ut

985 4209 1038 4263 tale
1054 4209 1089 4263 sit
1105 4213 1238 4273 metrum,
1260 4207 1365 4274 Septies
1380 4220 1454 4260 meus
1474 4204 1570 4259 lutor:
1587 4219 1684 4257 nonne
1698 4203 1830 4257 animad-

78 4296 204 4353 ducoudi
225 4300 301 4363 sunt,
324 4297 393 4368 quia
407 4301 472 4368 post
493 4296 655 4351 dichorium
677 4296 799 4362 iambus,
821 4300 931 4366 etpost
983 4293 1067 4348 vertis
1078 4309 1144 4348 cum
1158 4291 1272 4347 silentio
1285 4287 1706 4360 duorumtemporuuuropeti‘t
1722 4288 1830 4358 Exque

78 4384 269 4455 antispastum
286 4386 430 4455 spondeus
443 4385 518 4440 male
533 4385 710 4439 ordinantur.
728 4383 850 4454 Reliqua
865 4388 931 4439 suut
984 4381 1167 4436 manifestum
1185 4385 1237 4446 est,
1259 4384 1289 4434 et
1310 4379 1437 4451 aliquam
1461 4380 1573 4449 partem
1594 4373 1675 4446 pedis
1696 4389 1779 4445 posse
1800 4373 1832 4429 iu

79 4473 205 4532 ducenta
224 4472 377 4542 sexdecim,
399 4489 465 4544 quae
487 4472 583 4528 addita
606 4472 708 4543 majori
729 4487 860 4537 summe,
887 4471 929 4526 la·
984 4469 1124 4541 principio
1143 4467 1228 4524 metri
1246 4468 1325 4540 poni,
1346 4473 1374 4523 ot
1389 4467 1514 4538 aliquam
1531 4464 1559 4517 iu
1576 4463 1643 4528 line,
1661 4465 1690 4517 ot
1704 4460 1831 4533 aliquam

79 4561 161 4616 ciunt
171 4565 261 4616 metra
271 4561 369 4616 omnia
379 4561 590 4633 quadringenta
601 4561 748 4632 sexaginta
756 4576 815 4616 sex.
827 4563 930 4616 Proce-
984 4558 1016 4614 iu
1034 4556 1157 4612 silentio.
1175 4559 1212 4611 D.
1238 4559 1271 4612 Et
1285 4556 1339 4611 hoc
1358 4553 1543 4610 manifestum
1565 4555 1616 4605 ost.
1637 4551 1680 4604 M.
1704 4549 1759 4604 Sed
1778 4550 1832 4604 boc

80 4649 227 4704 lcumatici
242 4649 316 4703 ratio
326 4649 424 4704 haberi
435 4665 494 4704 non
504 4649 599 4720 potuit
608 4665 674 4704 cum
684 4647 858 4719 hispedibus
870 4648 930 4719 qui·
985 4645 1048 4700 lieri
1062 4645 1086 4699 si
1100 4645 1260 4713 dichorium
1282 4643 1409 4699 metiaris
1434 4641 1580 4711 integrum
1599 4638 1629 4692 in
1648 4639 1701 4692 hoc
1716 4640 1828 4693 metro:

79 4736 135 4791 bus
145 4737 287 4807 congruit,
303 4741 421 4809 propter
435 4735 595 4807 semipedes
607 4738 658 4809 qul
668 4742 733 4809 post
745 4738 821 4792 hrinc
833 4737 930 4807 plures
985 4749 1053 4787 uam
1072 4732 1096 4788 si
1118 4733 1288 4799 diiambum,
1312 4735 1341 4785 ct
1360 4747 1376 4784 a
1399 4728 1492 4799 capite
1515 4731 1678 4797 anapaestus
1697 4730 1831 4797 ponatur,

79 4829 238 4895 ponuntur.
256 4825 328 4879 Nam
350 4829 379 4880 et
398 4840 456 4879 una
471 4824 579 4896 syllaba
597 4825 684 4896 longa
698 4830 763 4896 post
781 4840 846 4879 eum
862 4823 930 4895 poni
985 4821 1077 4876 cernis
1090 4826 1201 4893 partem
1220 4820 1301 4891 pedis
1317 4818 1348 4873 in
1361 4815 1503 4888 principio
1516 4815 1652 4887 positam,
1665 4830 1730 4885 quae
1745 4813 1831 4868 habet

79 4915 174 4982 potest
192 4928 258 4967 cum
273 4911 398 4979 silentio,
414 4912 488 4966 sicut
500 4916 566 4982 post
579 4912 723 4984 dactylum
738 4917 766 4967 et
783 4913 844 4984 ejus
863 4928 930 4967 con·
981 4910 1043 4981 jam
1063 4912 1186 4980 quatuor
1200 4912 1349 4977 tompora;
1365 4905 1423 4960 duc
1440 4907 1537 4958 autem
1551 4918 1616 4973 quaa
1632 4901 1782 4967 debentur,
1797 4899 1833 4954 si·

79 5005 174 5055 sortes
192 5005 225 5055 ut
240 5000 308 5065 duo,
332 5005 361 5054 et
379 5005 436 5056 tres
455 5000 554 5054 breves
568 5004 601 5054 ut
614 5015 703 5054 unum
719 5003 833 5071 tempus
847 4999 931 5054 silea·
986 5000 1081 5053 lentur
1094 4997 1125 5052 iu
1140 4999 1207 5051 tine.
1224 4997 1262 5051 lix
1276 5010 1333 5065 quo
1348 4993 1495 5062 discimus,
1515 5006 1598 5062 posse
1620 4994 1744 5045 metrum
1760 4986 1832 5042 inci·

79 5093 146 5154 tur;
163 5103 221 5158 quo
236 5088 359 5143 efficitur
373 5093 406 5143 ut
421 5088 522 5143 ultima
536 5086 630 5142 brasis
644 5102 696 5157 pro
711 5087 796 5157 longa
810 5087 932 5159 accipiu-
987 5101 1054 5158 pere
1076 5102 1093 5140 a
1111 5088 1192 5157 parte
1215 5082 1305 5155 pedis,
1321 5086 1349 5136 ct
1372 5080 1501 5137 desinere
1522 5079 1558 5135 ad
1578 5079 1697 5150 plenum
1717 5076 1831 5147 pedem,

80 5180 138 5231 tur.
156 5175 269 5247 Epitriti
288 5180 379 5231 metra
398 5175 521 5247 gignunt
543 5180 625 5231 terna
647 5174 762 5246 integri,
778 5174 932 5246 incipiente
987 5174 1036 5229 sed
1054 5187 1203 5244 nunquam
1226 5170 1288 5225 siue
1305 5168 1429 5225 silentio.
1451 5168 1489 5226 D.
1515 5168 1548 5221 Et
1572 5166 1625 5221 hoc
1648 5163 1832 5236 perspicuum

81 5267 176 5319 metro
191 5280 208 5317 a
223 5264 336 5319 duobus
352 5264 480 5335 pedibus,
496 5263 679 5334 perveniente
691 5262 726 5318 ad
743 5267 888 5334 quatuor:
908 5263 932 5318 si
987 5264 1037 5317 est.

82 5351 162 5407 enim
173 5353 261 5408 addas
276 5353 421 5423 quintum,
431 5351 550 5451 triginta
561 5351 617 5406 dito
631 5356 771 5450 tempora,
784 5351 861 5422 quod
875 5367 931 5406 uon
1020 5387 1028 5419 ,
1049 5385 1079 5432 1„
1100 5383 1129 5439 Β,
1148 5380 1283 5433 mamm
1296 5382 1420 5453 mutuor,
1438 5378 1535 5429 omis„
1557 5373 1741 5440 mmmm„
1760 5385 1831 5435 cum·

82 5445 207 5511 oportet,
225 5441 352 5496 excedes.
369 5441 440 5497 Cum
455 5439 567 5494 silentio
581 5455 648 5493 vero
662 5455 773 5509 primns
788 5445 815 5493 et
827 5455 929 5493 secun·
988 5459 1068 5508 quam
1081 5444 1107 5492 iu
1124 5444 1171 5492 Me.
1187 5444 1207 5492 ll
1222 5456 1375 5505 reperimus.
