3884 6112
53 278 111 332 993
771 272 879 331 LIBER
897 271 1097 333 SECUNDUS.
1759 293 1810 346 994

54 401 153 457 solum
167 397 261 463 liberi,
278 397 355 469 quod
375 395 464 452 cuivis
491 396 649 468 disciplina
662 396 785 463 liberali,
801 397 909 452 nedum
965 414 1051 468 quam
1067 414 1126 453 non
1141 414 1236 454 amare
1248 401 1429 472 sapientiam.
1446 403 1665 461 contemnerem
1679 411 1707 463 te
1724 408 1813 480 igitur

54 486 389 562 pbilosophimsatisest,
406 485 746 556 sedsummoapudsuos
760 485 822 540 loco
837 483 908 540 nati.
964 486 995 540 in
1013 487 1058 541 his
1078 487 1180 542 litteris
1203 488 1284 550 meis,
1302 489 1326 543 si
1340 490 1509 562 sapientiam
1532 509 1590 547 non
1609 510 1738 564 amarcs;
1752 512 1812 551 nou

55 577 292 634 [lectissimorum
307 579 403 628 autam
418 572 568 627 hominum
583 574 686 628 litterae
701 573 909 630 etiamsutores
964 580 1060 630 autem
1089 580 1313 646 contemnerem,
1337 579 1361 632 si
1384 594 1448 633 eam
1472 581 1654 637 mediocriter
1680 600 1810 650 amares;

55 666 287 738 philosophatos,
309 665 337 716 et
356 662 448 716 multo
476 660 579 715 viliora
599 661 783 716 fortunarum
803 677 910 733 genera
964 662 1167 727 multominus,
1183 664 1326 720 sitantum
1342 672 1483 736 quantum
1499 684 1551 739 ego
1568 685 1678 725 amares
1699 672 1813 743 sapien·

55 752 222 809 continent:
240 752 289 824 qui
303 756 401 805 tamen
414 752 492 804 tanta
505 748 614 820 ingenii
639 749 824 820 virtustisque
846 749 909 804 luce
963 747 1041 803 tiam⁴
1059 749 1139 804 Nunc
1151 766 1217 805 aero
1232 766 1297 804 cum
1308 767 1372 805 eam
1386 752 1476 809 multo
1488 753 1552 823 plus
1565 771 1653 826 quam
1669 757 1811 829 meipsum

55 839 209 896 lulserunt.
226 845 259 894 ot
271 840 347 895 bona
362 855 413 892 sua
427 853 494 893 cum
506 838 634 908 qualibet
647 836 846 909 hujuscemodi
861 853 910 891 no
964 836 1076 907 diligas,
1092 842 1121 893 at
1135 838 1264 893 noverim
1278 844 1419 910 quantum
1435 856 1480 894 me
1496 841 1599 912 diligas
1613 859 1620 910 ;
1637 860 1759 916 cumque
1783 845 1814 901 in

55 929 168 985 bilitete
182 929 263 984 nullo
279 927 363 982 modo
376 927 491 994 vellant,
501 925 614 981 etiamsi
627 930 754 997 possent,
767 926 827 981 ulla
840 942 909 981 con·
964 940 999 980 ea
1013 930 1124 980 tantum
1137 927 1299 997 profeceris,
1313 931 1346 982 ut
1356 927 1418 997 jam
1431 944 1484 982 nec
1499 930 1624 1000 cujusvis
1639 931 1815 988 incommodi

56 1017 169 1074 ditione
183 1017 373 1072 mutareNec
385 1013 485 1080 deerit,
497 1013 673 1081 mihicrede,
688 1014 743 1069 tale
759 1013 911 1069 bominum
963 1014 1083 1080 fortuiti,
1099 1031 1150 1069 nec
1164 1015 1253 1087 ipsius
1267 1015 1375 1084 mortis,
1393 1017 1470 1087 quod
1489 1017 1556 1072 viria
1571 1019 1743 1075 doctissimis
1756 1021 1810 1077 dil-

56 1120 159 1176 genus,
172 1103 218 1158 cui
231 1104 297 1174 plus
310 1104 422 1174 placeat
436 1101 490 1157 hoc
507 1101 613 1173 ipsum,
630 1102 698 1173 quia
718 1116 831 1156 mecum
841 1101 908 1172 phi·
964 1102 1123 1158 licillimum
1132 1108 1183 1170 est,
1196 1105 1314 1160 horrore
1322 1105 1465 1172 terrearis,
1477 1122 1564 1177 quam
1573 1109 1814 1179 summamphilo-

54 1191 227 1265 losopharis,
244 1207 331 1262 quam
346 1190 370 1244 si
392 1190 463 1261 quid
487 1191 533 1245 hic
548 1189 637 1257 aliud,
652 1194 702 1245 aut
723 1189 910 1262 jucunditatis
964 1191 1073 1262 sophiae
1088 1207 1181 1246 arcem
1189 1208 1289 1246 omnes
1303 1208 1363 1246 essa
1378 1193 1571 1262 confitentur;
1588 1210 1680 1266 egone
1693 1212 1740 1252 me
1755 1214 1812 1266 non

55 1286 109 1336 aut
120 1279 268 1352 gravitatis
281 1279 432 1334 invenerit.
460 1279 533 1333 Nam
554 1279 712 1334 etteminre
741 1283 807 1334 sunt
833 1277 915 1355 apud¹
964 1279 1086 1334 libenter
1099 1279 1152 1333 tihi
1167 1279 1253 1334 etiam
1267 1280 1438 1351 discipulum
1452 1281 1551 1336 dahel

53 1375 168 1426 veteres
182 1368 401 1440 philosophata,
422 1371 451 1423 et
463 1367 646 1439 philosophia
659 1372 709 1423 tua
731 1367 804 1421 mihi
817 1367 909 1439 pluri·
1000 1371 1046 1423 33.
1066 1367 1116 1422 llic
1129 1367 1178 1422 illa
1191 1384 1256 1422 cum
1270 1368 1374 1423 blande
1393 1386 1425 1423 ac
1447 1370 1579 1440 religiose
1601 1388 1750 1444 nunquam
1766 1392 1813 1430 me

55 1471 141 1513 mum
155 1456 259 1527 placet.
962 1460 1075 1511 tantum
1095 1456 1248 1511 mentitum
1258 1472 1319 1512 esse
1334 1455 1460 1523 dixisset,
1476 1462 1506 1512 et
1519 1458 1645 1515 viderem
1657 1464 1813 1518 tammulta

95 1547 140 1601 32.
154 1545 226 1599 Nam
239 1559 275 1598 ne
288 1543 370 1614 quid,
383 1547 485 1609 mater,
501 1543 625 1615 ignores,
639 1542 693 1599 hoc
707 1559 833 1615 graecum
845 1559 909 1598 ver·
963 1561 1016 1600 nos
1028 1545 1114 1600 verba
1127 1544 1244 1610 ludisse,
1261 1548 1293 1599 ut
1305 1561 1398 1616 neque
1413 1545 1561 1601 scribenda
1576 1563 1635 1602 non
1650 1555 1755 1617 essent,
1787 1556 1815 1606 et

55 1630 911 1704 bum,quophilosophianominetur,latineamorsapiantire
960 1635 1022 1707 jam
1036 1633 1103 1690 libri
1114 1634 1214 1689 modus
1232 1638 1317 1702 esset,
1336 1634 1543 1706 nequetabulae
1557 1636 1675 1707 reliqum
1694 1639 1812 1706 lorent3

53 1721 172 1777 dicitur.
185 1720 263 1776 Unda
274 1720 360 1775 etiam
373 1719 633 1792 divinaeScripturae
642 1737 713 1792 quas
726 1720 910 1776 vehementer
963 1723 1070 1794 placuit
1085 1721 1272 1794 quaestionem
1288 1721 1406 1788 differri,
1428 1721 1514 1776 simul
1534 1728 1567 1778 ut
1588 1740 1653 1779 meo
1668 1728 1814 1783 stomacho

54 1809 250 1883 amplecteris,
259 1809 441 1864 nonomnino
449 1808 648 1880 philosophos,
665 1808 909 1882 sadpbilosopbos
963 1827 1123 1882 parcerem.
1143 1811 1297 1878 Nemeum,
1307 1811 1587 1881 plusquamvellem,
1600 1820 1815 1868 commoverant

54 1896 259 1969 hujusmundi
275 1897 422 1952 evitandos
436 1900 522 1968 atque
547 1895 710 1951 irridendos
725 1913 786 1951 esse
808 1898 909 1969 praeei-
964 1916 1076 1972 eaquse
1095 1900 1168 1955 mihi
1183 1899 1340 1954 evomenda
1360 1898 1390 1952 in
1413 1898 1476 1953 illos
1501 1899 1693 1956 adolescentes
1716 1918 1813 1956 neces-

54 1986 144 2058 pinnt
159 1987 265 2056 (Goloss
283 2002 313 2053 u,
337 1986 375 2058 8).
400 1987 465 2041 Esse
484 1989 580 2040 autern
603 1985 692 2041 alium
711 1985 852 2042 mundum
874 1987 909 2042 ab
964 1989 1038 2044 sario
1052 1989 1192 2043 riserunt.
1208 1987 1262 2043 Sed
1278 2003 1342 2041 cum
1353 1986 1431 2042 abire
1442 1988 1643 2059 coepissemus:
1657 1991 1811 2060 Memento,

53 2075 121 2132 istis
134 2075 224 2131 oculis
245 2074 481 2143 remotissimum,
497 2084 583 2147 quem
599 2091 755 2147 paucorum
773 2092 909 2132 sanorum
963 2078 1056 2150 inquit
1071 2077 1222 2142 licentius,
1236 2093 1322 2148 quam
1338 2076 1429 2130 multa
1443 2079 1472 2130 at
1486 2092 1573 2147 quam
1585 2079 1745 2134 necessaria
1758 2096 1812 2134 no-

55 2164 221 2220 intellectos
234 2163 365 2219 intuetur
377 2164 525 2234 (litetroct.
539 2180 600 2234 cop.
615 2167 642 2231 3,
655 2180 684 2218 n.
705 2165 742 2233 2),
765 2164 833 2220 satis
847 2165 909 2236 ipse
964 2169 1007 2224 bis
1022 2169 1071 2223 abs
1088 2171 1114 2222 te
1132 2165 1298 2237 accipienda
1320 2181 1373 2236 per
1387 2163 1613 2219 occultissimum
1638 2166 1720 2220 illum
1742 2167 1813 2223 divi·

57 2252 189 2308 Christus
213 2251 365 2323 significat,
385 2251 435 2323 qui
461 2267 521 2307 non
544 2251 623 2319 dicit,
651 2253 783 2324 Regnum
811 2269 910 2309 meum
963 2271 1091 2327 numque
1107 2253 1239 2308 ordinem
1253 2250 1340 2306 etiam
1354 2249 1811 2309 tenescientesuhministrentur.

56 2356 119 2398 uon
145 2340 238 2396 estde
258 2341 367 2396 mundo
382 2357 388 2395 :
406 2340 601 2409 sed,ltc9num
628 2357 716 2396 mcum
738 2358 792 2398 non
818 2348 857 2399 est
877 2345 910 2399 de
963 2345 1060 2413 Video,
1070 2343 1199 2415 inquam,
1210 2339 1373 2412 etingratus
1383 2339 1442 2393 Deo
1455 2353 1718 2410 nonsum;vosqua
1733 2338 1812 2410 ipsos

56 2427 355 2497 boemundoltdoon.
371 2443 449 2493 xvm,
473 2427 531 2495 36.)
551 2427 623 2480 Nam
649 2426 779 2498 quisquis
792 2444 909 2483 omnem
963 2433 1013 2506 qui
1027 2433 1088 2487 hac
1102 2429 1248 2486 advertitis
1263 2428 1299 2483 ob
1322 2427 1351 2483 id
1374 2426 1469 2498 ipsum
1489 2442 1634 2498 praesumo
1663 2428 1724 2482 lore
1753 2442 1813 2482 ma·

56 2515 273 2587 philosophiam
291 2514 459 2587 fugiendam
473 2517 564 2586 putat,
580 2513 654 2569 nihil
668 2531 720 2570 nos
734 2517 796 2571 vult
820 2517 907 2585 aliud,
962 2523 1057 2577 liores.
1073 2522 1131 2576 lloc
1141 2518 1197 2573 luit
1209 2522 1321 2572 tantum
1335 2515 1385 2570 illo
1401 2514 1447 2570 die
1462 2514 1613 2586 negotium
1628 2531 1734 2571 meum.

554 2675 812 2801 LIBER
868 2671 1324 2803 SECUNDUS.

88 2829 286 2893 Disputationes
295 2829 346 2880 hoc
358 2829 427 2880 libro
437 2828 497 2879 due
506 2829 686 2889 continentur,
696 2831 793 2893 quibus
804 2830 867 2881 dum
879 2834 984 2884 Ordinis
996 2833 1176 2884 definitionem
1189 2830 1343 2894 expendunt
1352 2830 1543 2893 colloquentes,
1555 2829 1678 2878 incidunt
1690 2828 1719 2878 in
1728 2830 1816 2879 varias

55 2892 230 3004 guaestiones,
244 2892 364 2980 scilicet:
379 2892 513 2954 quomodo
527 2891 633 2962 sapiens
646 2905 707 2941 cum
723 2893 776 2942 Deo
791 2896 1053 2967 maneatuimmotusJ
1062 2909 1101 2984 ¹an
1115 2895 1195 2943 etiam
1210 2906 1241 2942 aa
1254 2905 1315 2963 qum
1326 2904 1464 2963 perperam
1478 2892 1512 2940 ab
1524 2891 1682 2963 hominibus
1691 2891 1769 2962 liunt,
1783 2905 1816 2941 er

81 2967 108 3003 er
121 2954 215 3003 ordine
228 2958 357 3017 agantur.
375 2959 465 3003 utrum
484 2954 554 3002 Deus
565 2957 654 3016 justus
672 2959 741 3004 esset
760 2959 821 3004 ante
839 2970 878 3007 ori
908 2971 968 3009 nem
987 2958 1068 3014 malr,
1086 2960 1176 3005 utrum
1190 2968 1223 3003 ex
1240 2955 1286 3002 Der
1304 2954 1397 3003 ordine
1410 2952 1510 3002 malum
1526 2958 1645 3002 exortum
1663 2957 1704 3001 sit.
1722 2953 1744 3002 Α
1762 2958 1816 3002 rtur

54 3016 166 3065 demum
180 3015 266 3065 iustus
281 3015 313 3064 de
328 3019 400 3064 recto
415 3014 539 3064 studendi
554 3013 659 3073 ordina,
681 3017 727 3077 qui
745 3016 863 3079 postulat
883 3033 911 3069 ιιι
931 3019 1081 3070 informatis
1100 3019 1149 3067 rite
1164 3016 1292 3076 moribus,
1309 3021 1335 3065 et
1348 3015 1506 3081 comparatis
1525 3015 1649 3064 humanis
1669 3015 1752 3078 discip
1766 3016 1770 3024 '
1794 3015 1816 3063 is

54 3081 244 3141 promoveatur
257 3077 362 3127 animus
374 3077 406 3125 ad
424 3077 509 3127 altore
523 3079 549 3125 et
563 3076 653 3126 divina
666 3077 734 3141 perci
737 3078 842 3141 pienda.

351 3229 509 3269 ulswmlo
525 3230 620 3270 Petu·
964 3220 1039 3276 nisse
1053 3235 1100 3275 me
1115 3217 1248 3284 arbitror,
1264 3221 1292 3271 te
1307 3215 1438 3271 ordinem
1453 3231 1515 3270 esse
1528 3214 1632 3270 dixisse
1652 3232 1705 3287 per
1726 3231 1813 3289 quom

96 3303 209 3359 CAPUT
225 3303 371 3359 PlllllUll.
386 3333 420 3344 -
436 3304 549 3360 Ordinis
564 3302 688 3375 definitio
701 3305 873 3375 expenditur.
964 3304 1814 3380 Deusageretomnia.Paratussum,inquit,quantumvalco.

97 3394 122 3447 l.
138 3391 317 3463 Interpositis
325 3391 429 3447 deinde
439 3392 568 3463 pauculis
583 3392 685 3448 diebus
697 3392 910 3467 venitAlypius,
964 3395 1334 3467 Quomodoergo,inquarn,
1342 3393 1508 3466 agitordine
1520 3393 1618 3447 omnia
1630 3395 1704 3448 Deus
1714 3393 1729 3446 ‘l
1738 3394 1816 3447 Itane

55 3482 89 3533 et
102 3485 200 3534 exorto
215 3481 274 3534 sole
284 3479 452 3550 clarissimo,
463 3480 665 3537 invitavitcoell
678 3482 764 3549 nitor,
776 3485 806 3537 et
819 3499 910 3554 quau·
962 3490 996 3541 ut
1007 3486 1093 3541 etiam
1104 3501 1133 3539 sa
1148 3483 1250 3539 ordina
1263 3487 1348 3554 agat;
1369 3498 1405 3536 an
1419 3485 1524 3553 praeter
1539 3496 1607 3535 eum
1617 3480 1716 3535 ordine
1731 3479 1765 3534 ab
1781 3496 1815 3534 co

55 3566 297 3622 tuminillislocis
305 3567 527 3639 biemepoterat,
535 3569 835 3642 blandatemperiesin
845 3589 911 3643 pra·
964 3570 1348 3644 caeteragubernantur‘lUbi
1359 3569 1455 3624 omnia
1464 3570 1619 3631 bonasunt,
1631 3567 1734 3639 inquit,
1746 3568 1816 3622 ordo

55 3659 123 3711 tum
137 3656 318 3724 descendere,
333 3673 391 3728 quo
408 3656 512 3729 saepius
527 3662 555 3713 et
566 3657 736 3714 familiarius
745 3660 909 3717 utebamur.
964 3678 1023 3718 non
1037 3666 1088 3717 est.
1102 3659 1235 3716 Estenim
1247 3655 1816 3729 summamqualitas,quaeordinemnibil

59 3743 217 3799 Nobiscum
237 3751 299 3799 erat
312 3747 400 3800 etiam
417 3751 510 3800 mater
523 3751 632 3816 nostra,
648 3747 730 3818 cujus
749 3747 911 3820 ingenium,
963 3749 1117 3806 desiderat.
1125 3749 1227 3821 Negas,
1234 3745 1651 3820 inquam,epudDeumomnia
1659 3745 1817 3800 bonaessc‘l

58 3837 148 3903 atque
162 3832 192 3887 in
204 3848 250 3887 res
265 3833 375 3889 divinas
387 3834 745 3903 inflammatumanimum,
757 3842 912 3892 cumantea
965 3839 1026 3894 Non
1041 3854 1126 3910 nego,
1140 3836 1248 3909 inquit.
1268 3836 1433 3904 Conficitur,
1453 3835 1584 3908 inquam,
1599 3851 1693 3908 neque
1714 3835 1816 3900 lleum,

57 3920 332 3977 convictudiuturno
347 3922 513 3993 etdiligenti
519 3923 748 3980 consideratione
762 3941 914 3998 perspexe-
964 3942 1058 3998 neque
1072 3928 1121 3981 illa
1134 3942 1199 3997 quae
1212 3924 1288 3997 apud
1303 3925 1393 3980 ileum
1408 3929 1483 3992 sunt,
1496 3923 1596 3979 ordine
1611 3922 1816 3980 administrari.

58 4014 220 4076 ram;tum
241 4025 309 4065 vero
337 4010 507 4081 inquedam
522 4010 715 4083 disputatione
730 4029 790 4068 non
817 4030 912 4086 parvae
965 4015 1152 4071 Concedebat.
1169 4013 1395 4085 Numquidnam,
1411 4011 1541 4084 inquam,
1556 4012 1735 4068 omniabona
1745 4010 1818 4065 nihil

58 4099 112 4163 rei,
127 4099 375 4171 quamdianatali
389 4117 453 4157 meo
468 4117 534 4156 cum
555 4102 681 4157 convivis
708 4103 804 4167 habui,
827 4109 912 4176 atquo
965 4103 1348 4169 tibividenturesse‘llmo,
1365 4102 1413 4168 ait,
1430 4101 1493 4173 ipsa
1508 4117 1572 4156 vere
1597 4104 1675 4156 sunt.
1704 4099 1756 4155 Ubi
1776 4102 1818 4153 est

57 4187 91 4242 in
104 4187 234 4243 libellum
249 4190 357 4244 contuli
373 4193 452 4245 tanta
467 4190 538 4244 mihi
551 4206 633 4245 mene
649 4191 711 4261 ejus
725 4196 909 4263 apparuerat,
965 4191 1181 4265 ergo,inquam‚
1193 4188 1552 4262 illudtuumquoddixisti‚
1562 4188 1729 4260 omniaquae
1740 4192 1817 4254 sunt,

56 4280 92 4332 ut
107 4275 180 4331 nihil
202 4277 296 4348 aptius
321 4294 395 4333 verse
414 4278 605 4350 philosophiae
628 4278 783 4335 videretur.
814 4281 913 4352 ltaque
965 4281 1065 4335 ordine
1075 4278 1280 4346 administrari,
1288 4278 1418 4349 nihilque
1432 4277 1551 4332 omnino
1568 4292 1629 4331 esse
1637 4274 1817 4346 quodabor-

57 4365 253 4434 institueram,
269 4382 335 4421 cum
348 4367 509 4422 abundaret
523 4367 591 4435 otio,
615 4383 701 4440 agere
724 4372 754 4423 ut
767 4368 912 4440 colloquio
966 4368 1032 4424 dine
1048 4372 1211 4439 separatum
1224 4365 1281 4420 sit?
1295 4366 1349 4422 Sed
1361 4369 1438 4434 sunt,
1451 4364 1557 4437 inquit,
1567 4364 1653 4419 etiam
1669 4364 1754 4430 mala,
1765 4378 1818 4435 per

56 4458 157 4509 nostro
173 4470 230 4508 non
244 4453 364 4510 deesset.
379 4456 460 4520 Quod
476 4455 506 4510 in
520 4456 710 4527 primoetiam
721 4456 808 4530 huJus
818 4456 913 4529 operis
966 4472 1031 4528 quae
1045 4456 1152 4511 lactum
1167 4458 1210 4510 est
1224 4458 1256 4509 ut
1270 4459 1299 4510 at
1312 4455 1387 4510 bona
1397 4454 1469 4509 ordo
1482 4452 1635 4508 concludat
1649 4468 1656 4519 ;
1674 4467 1742 4506 nam
1758 4451 1817 4506 sola

57 4539 134 4596 libro
147 4541 199 4597 abs
214 4547 242 4597 te
255 4544 403 4616 cognitum
419 4548 473 4600 est.
965 4545 1041 4601 bona
1055 4561 1113 4600 non
1129 4543 1230 4599 ordine
1249 4549 1396 4616 reguntur,
1414 4543 1462 4597 sed
1483 4541 1569 4595 simul
1583 4540 1658 4595 bona
1676 4545 1705 4596 at
1728 4539 1814 4596 mala.

94 4630 122 4683 2.
139 4629 210 4684 Cum
225 4629 315 4702 igitur
328 4637 489 4688 memorato
503 4632 534 4688 in
556 4634 629 4702 loco,
644 4637 677 4689 ut
693 4634 844 4690 commoda
859 4650 911 4706 po·
966 4634 1061 4699 Quum
1088 4638 1186 4689 autem
1207 4631 1338 4701 dicimus,
1364 4629 1465 4687 Omnia
1489 4645 1554 4700 quae
1582 4634 1660 4698 sunt,
1683 4646 1742 4685 non
1757 4629 1818 4684 sola

55 4718 181 4785 tuimus,
197 4721 435 4790 consedissemus,
451 4737 504 4793 ego
519 4723 576 4778 illis
590 4724 703 4779 duobus
725 4725 911 4780 adolescenti·
966 4722 1067 4794 utique
1082 4722 1301 4779 benedicimus.
1316 4722 1425 4790 Exque
1440 4718 1513 4773 litut
1527 4718 1625 4774 omnia
1639 4718 1735 4787 simul,
1751 4733 1828 4792 quoe‘

56 4805 134 4861 bus:
151 4807 286 4871 Quamvis
307 4809 400 4879 vobis,
423 4810 554 4882 inquam,
570 4812 793 4883 succensuerim,
816 4811 913 4887 pueri·
968 4812 1042 4866 Deus
1054 4812 1245 4879 administrat,
1259 4808 1358 4864 ordine
1373 4806 1620 4863 administrentur.

56 4894 129 4950 liter
142 4896 177 4951 de
193 4897 305 4968 magnis
318 4899 404 4953 rebus
419 4899 584 4970 agentibus3
600 4904 697 4955 tamen
713 4900 787 4955 mibi
801 4901 914 4956 videtur
1002 4903 1033 4958 3.
1050 4901 1101 4957 Cui
1116 4917 1168 4973 ego
1185 4917 1192 4956 :
1208 4899 1278 4964 Ques
1300 4895 1537 4952 administrantur
1560 4899 1588 4951 et
1610 4900 1745 4969 aguntur,
1774 4895 1818 4950 vi·

56 4998 121 5038 non
135 4983 197 5039 sine
211 4985 323 5050 ordine,
338 4987 464 5059 propitio
480 4988 550 5052 Deo,
565 4987 708 5056 accidisse,
721 4988 798 5060 quod
812 4987 843 5043 in
857 5004 914 5044 ser·
966 4988 1071 5044 dentur
1086 4989 1139 5044 tihi
1167 4986 1286 5053 moveri,
1302 5001 1339 5040 an
1358 4984 1520 5040 immobilia
1539 4989 1624 5057 putas
1644 4984 1728 5040 essai
1748 4985 1818 5054 ista,

57 5087 149 5129 mone
164 5089 222 5144 quo
245 5090 295 5129 vos
318 5075 353 5130 ab
376 5075 430 5130 ista
454 5076 568 5132 levitate
589 5077 784 5143 detrahebam,
800 5080 913 5148 tempus
967 5077 1071 5150 inquit,
1087 5094 1152 5150 quae
1169 5077 1267 5131 inhoc
1282 5074 1489 5144 buatmundo,
1506 5075 1597 5131 fateor
1610 5073 1727 5130 moseri.
1740 5073 1817 5128 Reli·

55 5159 101 5215 ita
111 5167 314 5233 consumptum
330 5167 381 5226 est,
399 5167 431 5218 ut
446 5168 584 5219 restante
600 5165 636 5219 ad
650 5164 745 5236 Alypii
759 5164 913 5221 adventum
968 5183 1035 5238 qua,
1049 5166 1178 5238 inquam,
1196 5165 1303 5237 negas?
1317 5164 1387 5229 Quae
1405 5167 1471 5218 sunt
1486 5180 1552 5218 cum
1562 5161 1742 5235 Deo,inquit,
1758 5178 1817 5217 non

57 5248 150 5303 dilata
165 5250 304 5307 videatur.
328 5251 518 5323 Quapropter,
542 5253 681 5324 quoniam
702 5253 730 5308 ei
751 5254 813 5325 jam
833 5268 912 5325 quos-
968 5251 1365 5324 moventur3reliquaomnia
1377 5252 1486 5307 moveri
1494 5252 1626 5308 arbitror.
1643 5251 1716 5307 Cum
1728 5248 1819 5320 igitur

56 5335 185 5392 stionem
201 5338 383 5394 notissimam
397 5339 648 5412 leci,etqoantum
662 5340 912 5413 ineaprocessari-
967 5357 1001 5397 ea
1014 5357 1079 5414 quae
1095 5356 1161 5394 cum
1180 5341 1237 5395 lieo
1261 5343 1338 5407 sunt,
1360 5339 1490 5412 inquam,
1512 5355 1571 5393 non
1592 5336 1700 5392 moveri
1721 5341 1818 5407 putas,

55 5439 126 5479 mus
140 5425 263 5496 ostendi,
273 5432 429 5498 paratusne
438 5443 478 5497 es,
491 5427 608 5495 licenti,
622 5445 738 5486 causam
752 5445 839 5501 quam
850 5445 912 5486 sus·
967 5434 1069 5484 catera
1089 5433 1186 5484 autem
1200 5428 1332 5484 concedis
1353 5428 1474 5496 moveri,
1495 5426 1623 5484 ostendis
1637 5424 1735 5481 omnia
1749 5440 1815 5499 quic

54 5512 160 5583 cepisti
175 5530 209 5570 ex
223 5513 273 5571 illa
287 5521 337 5574 toa
350 5515 519 5574 delinitione
532 5516 706 5575 detenderet
723 5520 795 5575 Nam
808 5517 912 5576 memi-
966 5520 1120 5576 moventur
1139 5534 1200 5575 non
1213 5535 1273 5575 esse
1287 5534 1354 5576 cum
1368 5519 1436 5575 Deo.
1453 5518 1561 5588 Repeto
1578 5515 1634 5570 hoc
1647 5514 1754 5588 ipsum,
1777 5514 1820 5571 in·
