3884 6112
124 200 159 252 cs
535 201 621 258 vlia
648 202 676 258 S.
707 203 903 262 cucusum
929 203 1100 266 EPlSCOPl,
1124 201 1290 258 AUCTORE
1309 198 1477 258 russiam.
1855 207 1890 258 lii

123 320 212 391 ipsius
226 322 369 392 actionem,
383 324 509 380 omnibus
526 327 732 382 mmoustionem
751 332 776 383 et
790 329 980 384 sacramento·
1033 325 1078 381 bis
1099 323 1256 397 postularit
1268 324 1469 395 presentibus,
1484 339 1521 380 ne
1537 325 1601 397 quis
1616 324 1652 381 ad
1667 341 1733 381 eum
1756 325 1894 398 ingrede-

124 423 187 464 rum
200 412 390 478 confectionem
401 419 426 468 et
436 415 639 484 eroqaleonem?
655 416 706 472 Ubi
714 418 740 472 ai
748 419 869 473 ministri
881 418 979 486 desint,
1035 419 1125 483 retur,
1143 413 1198 469 nisi
1221 411 1257 468 iis
1276 416 1389 469 lantum
1410 412 1501 483 horis,
1516 413 1620 484 quibus
1634 415 1738 470 medici
1755 414 1790 471 ad
1804 413 1894 487 inspi-

124 503 256 569 quantum
269 502 384 556 esitium
398 505 519 573 sequitur
528 520 581 569 eos,
596 506 646 575 qui
658 505 692 560 de
703 507 756 561 isto
769 507 866 562 seculo
876 507 917 561 uel
926 520 980 560 non
1034 501 1168 558 ciendum
1183 501 1325 556 intrarent
1339 504 1359 567 ¹,
1370 502 1414 556 vel
1427 517 1492 556 cum
1508 501 1535 557 ci
1547 502 1662 557 reiectio
1677 501 1843 558 inferretur.
1856 504 1895 559 Ea

122 590 275 657 seqenerati
288 595 386 645 eaeunt
399 592 440 646 uel
449 594 547 661 liqati!
563 599 681 662 quantus
694 598 734 649 est
746 595 828 649 etiam
842 595 929 649 luctus
943 595 980 662 tt-
1036 591 1077 646 ita
1100 590 1281 646 observatum
1295 606 1328 644 ac
1342 590 1449 645 iactum
1463 594 1523 644 est:
1540 594 1569 645 et
1591 591 1671 646 omni
1685 591 1735 647 illo
1761 597 1893 662 ternpore

124 676 225 732 delium
233 693 353 745 suorum,
369 682 418 748 qui
431 696 474 737 cos
485 696 575 737 aecum
589 684 618 736 in
631 685 695 738 nitu
708 688 813 737 amma
821 684 914 752 requie
927 697 980 737 non
1034 679 1158 735 orationi
1181 678 1308 735 vacabat.
1333 677 1457 734 Verbum
1473 679 1522 734 Dei
1537 695 1628 751 usque
1645 680 1788 752 adipsum
1809 697 1893 735 suram

124 763 273 821 habebunt!
291 773 410 836 quantus
431 769 547 840 denique
570 773 685 841 qernitus
711 773 840 838 omnmm,
863 776 890 827 et
912 786 979 841 quo·
1037 774 1196 824 extremum
1225 768 1427 841 [egritudinem
1447 769 1691 840 lmproelerruissa,
1708 770 1842 825 alacriter
1864 774 1893 825 el

124 854 252 910 rumdam
267 857 981 928 quantablasplerniodeabscntiaministeriorumet
1037 857 1161 924 fortiter,
1188 874 1257 913 sana
1282 861 1388 924 mente,
1418 873 1545 930 sanoque
1567 856 1686 913 coasilio
1712 858 1742 913 in
1773 858 1891 913 ecclesia

123 944 312 1000 ministrorum
332 947 360 1000 ¹!
378 946 447 1000 Vide
460 947 527 1016 quid
540 949 628 1014 saciat
641 948 774 1004 malorum
793 950 981 1019 temporalium
1035 946 1209 1021 predicavit.
1233 945 1366 1003 Membris
1381 946 1514 1002 omnibus
1526 947 1570 1002 sui
1584 947 1712 1019 corporis
1726 947 1890 1015 incolumis,

126 1033 216 1100 timor,
229 1038 255 1089 et
265 1038 369 1102 quanta
378 1035 407 1088 in
421 1049 450 1089 eo
459 1039 496 1090 sc
509 1038 655 1105 acquisitio
668 1038 801 1094 malcum
809 1042 978 1094 alanorum.

62 1149 65 1155 ⁷
123 1121 263 1176 Stantem
285 1124 408 1178 ministri
430 1123 534 1193 adsint,
548 1141 600 1197 pro
614 1127 720 1182 uiribus
742 1141 811 1196 quas
833 1128 872 1183 eis
887 1129 981 1182 Domi-

123 1223 175 1264 nus
196 1209 397 1280 subministrat,
420 1214 543 1270 omnibus
566 1216 741 1272 subuenitur:
757 1217 809 1272 atii
833 1218 981 1287 baptisan-

127 1301 182 1365 tur,
209 1300 261 1355 alii
275 1303 495 1369 reconciliantur,
510 1304 581 1359 nulli
595 1302 608 1338 1
625 1305 756 1361 ἀεεειίηίεε·
768 1308 888 1376 semoris
909 1321 980 1361 com-

127 1389 253 1442 munione
272 1388 453 1455 fraudantur,
475 1406 564 1446 omrrcs
593 1395 778 1458 consolantur,
799 1394 980 1464 adiciantur,

128 1475 320 1545 caliortantur,
350 1482 381 1532 ut
403 1480 487 1533 Deum
507 1485 611 1549 roqcnl,
637 1484 687 1551 qui
711 1487 804 1553 potens
827 1488 868 1540 est
891 1485 982 1539 omrsia

124 1577 184 1631 qua
198 1564 337 1634 timentur,
352 1570 472 1622 avertem
480 1586 488 1633 ;
509 1571 605 1639 parali
614 1570 653 1624 ad
661 1575 815 1642 utrumque,
839 1576 870 1627 ut
882 1574 908 1628 si
928 1588 981 1629 non

124 1655 215 1720 potest
228 1651 261 1707 ab
277 1655 315 1708 eis
325 1655 398 1710 cals'c
408 1657 458 1711 iste
469 1660 599 1722 transire,
610 1657 662 1730 fiat
672 1660 862 1730 colurrtasejus
873 1661 979 1728 (bladii.

125 1755 200 1809 sarr,
216 1741 261 1812 it)
278 1745 327 1812 qui
340 1746 408 1798 mali
421 1743 529 1816 aliquid
538 1762 592 1802 nors
603 1753 692 1818 potest
704 1748 927 1819 uellecerlejam
939 1752 981 1805 ui·

127 1828 746 1906 desquodtescripserasnonoidere,quantum
754 1838 981 1909 ioniconsequon·

126 1922 172 1973 tur
184 1920 284 1990 populi
292 1921 453 1987 damasiani,
463 1925 490 1978 si
498 1926 528 1978 in
536 1926 715 1995 presentibus
724 1927 807 1983 matis
820 1943 874 1984 non
885 1930 924 1984 eis
934 1929 983 1983 de·

125 2009 164 2063 sit
175 2012 325 2078 prasentia
339 2013 526 2068 ministrorum
543 2015 663 2071 Christi:
680 2030 793 2086 quorum
806 2016 881 2072 uides
901 2019 983 2072 etiam

129 2102 264 2166 quantum
279 2098 350 2154 obsit
364 2100 496 2165 absentia,
513 2102 578 2157 dum
590 2118 641 2158 sua
654 2109 780 2173 quarunt
794 2120 847 2160 non
857 2121 916 2176 qua
926 2106 979 2161 de·

129 2199 162 2240 su
180 2186 284 2243 diruti
299 2188 430 2259 (Philipp.
442 2207 473 2258 u,
488 2192 531 2260 it)
544 2206 608 2256 ;nec
623 2191 722 2248 tabent
735 2193 813 2248 illam
825 2192 859 2248 de
871 2193 983 2264 quadi·

126 2279 200 2330 ctum
213 2278 273 2331 est:
298 2276 359 2332 Nan
380 2279 485 2347 quaerit
499 2295 563 2351 quse
576 2295 628 2334 sua
650 2284 716 2336 sunt
733 2281 753 2350 (l
768 2282 828 2338 Cor.
857 2299 916 2350 1111,
931 2282 955 2352 5)
971 2300 978 2350 ;

66 2424 70 2431 ¹
128 2379 175 2418 nec
198 2365 345 2420 imitantur
358 2382 418 2422 cum
432 2370 482 2437 qui
492 2368 582 2424 dicit:
599 2370 662 2425 Non
677 2386 808 2441 quarens
822 2373 898 2443 quad
911 2372 984 2428 mihi

128 2452 201 2508 utile
215 2449 238 2522 1,
254 2453 303 2510 sed
319 2455 399 2526 quod
419 2456 518 2512 mullis
532 2462 566 2513 ut
579 2457 649 2513 salai
663 2458 734 2514 liant
751 2459 803 2527 (la.
818 2475 846 2528 x,
861 2461 914 2529 33).
931 2462 984 2529 Qui

128 2541 211 2596 etiam
226 2547 408 2614 persecutoris
421 2547 556 2616 principis
570 2548 646 2602 illius
659 2548 776 2604 iusidias
789 2564 842 2604 non
854 2552 983 2620 usqissai,

129 2629 186 2684 nisi
206 2645 236 2686 se
250 2631 314 2687 aliis
329 2633 428 2703 quihus
442 2638 609 2692 necessariae
626 2641 695 2703 mat,
715 2652 823 2693 smuare
836 2640 980 2696 uoluisset:

128 2720 327 2790 propterquod
349 2724 401 2790 ait,
421 2722 585 2796 Compellor
599 2729 695 2781 autem
711 2741 744 2781 ex
769 2727 893 2783 duobus:
914 2744 982 2783 cou-

129 2807 334 2879 cupiscentiaur
361 2810 470 2868 hahens
492 2810 611 2871 dissalvi
633 2819 661 2869 at
685 2830 745 2870 esse
770 2832 836 2872 cum
861 2814 983 2880 Christo,

132 2898 224 2954 multo
244 2899 337 2972 magis
352 2901 512 2973 optimum
530 2918 648 2960 manere
662 2909 758 2961 autern
772 2904 803 2961 in
816 2921 910 2971 earne,
932 2922 983 2962 ns·

128 2987 284 3045 cessarium
299 2996 418 3064 propter
431 3008 482 3046 vos
498 2992 630 3064 (Philipp.
647 3011 666 3062 r,
681 2993 752 3066 23)(
767 2995 789 3060 l.

134 3150 248 3207 CAPUT
263 3149 350 3205 lllilll.
366 3180 401 3190 —
414 3153 487 3207 htors
501 3157 527 3207 ct
545 3154 686 3224 sepultura
708 3156 869 3226 Auqustini.
883 3157 985 3213 Psalmi

152 3240 373 3310 paenitentiales.
402 3241 575 3310 Sacritlcium
584 3258 637 3314 pro
662 3249 767 3299 mortuo
793 3243 921 3300 oblatum.
937 3246 983 3300 Bi-

158 3326 303 3384 btiottseca.
320 3329 496 3386 Eonasteria.
513 3331 691 3404 Epitaphium
700 3337 785 3403 poeta
794 3334 947 3404 cuiusdam.

165 3450 241 3507 Sane
268 3450 318 3506 ille
343 3458 456 3508 sauctus
479 3453 510 3510 in
535 3454 579 3511 via
605 3473 656 3511 saa
688 3457 799 3530 prolixa
824 3473 878 3529 pro
906 3457 983 3514 utili-

129 3543 188 3596 tala
213 3556 247 3595 ac
276 3539 412 3598 felicitate
435 3548 541 3599 mactae
576 3545 706 3602 Ecclesiae
734 3546 880 3603 catholicon
909 3548 983 3603 diri·

132 3629 211 3685 uilns
233 3629 406 3699 condonata,
429 3632 500 3688 risit
526 3634 609 3690 anuis
631 3638 810 3709 septuaginta
834 3641 862 3691 et
882 3652 940 3704 sex,
953 3637 984 3692 in

125 3717 262 3774 clericatu
279 3723 377 3776 autem
404 3721 448 3778 rel
463 3722 630 3797 episcopatu
658 3726 740 3781 anrris
758 3727 847 3782 terme
862 3726 984 3798 quadra·

130 3806 219 3880 ginta.
238 3805 337 3862 Dicere
351 3812 448 3865 autem
463 3810 546 3867 nobis
561 3816 572 3851 1
585 3813 661 3869 inter
675 3814 828 3871 familiaria
841 3815 985 3887 colloquia

128 3901 327 3964 consueveras,
343 3903 410 3970 post
432 3907 600 3974 perceptum
617 3903 807 3976 Baptismuur,
819 3902 905 3958 etiarn
925 3904 986 3958 lau·

39 3997 45 4010 ·
128 3983 210 4040 datos
222 3981 424 4040 Christianos⁸
438 3992 466 4043 et
480 3989 641 4046 sacerdotes
651 3989 760 4062 absque
770 3990 857 4063 digua
867 3994 897 4046 et
910 4006 986 4047 com·

126 4072 239 4147 petenti
254 4074 425 4146 poenilenlia
441 4078 517 4133 exire
528 4079 563 4134 de
574 4095 691 4152 corpore
703 4096 762 4136 nou
774 4080 888 4136 debere.
904 4081 984 4146 Quod

1036 1036 1149 1107 integro
1163 1039 1279 1106 aspectu
1293 1039 1378 1107 atque
1392 1036 1501 1102 auditu,
1516 1040 1553 1098 al,
1571 1040 1602 1091 ul
1617 1036 1754 1107 scriplum
1771 1040 1824 1104 est,
1840 1052 1890 1091 nu-

1035 1124 1078 1179 bis
1093 1124 1263 1185 astantibus,
1278 1128 1306 1180 et
1319 1124 1493 1194 sidentibus,
1503 1129 1532 1180 el
1541 1140 1606 1179 cum
1618 1141 1652 1180 co
1665 1124 1796 1196 pariter¹
1810 1140 1892 1180 oran·

1035 1213 1112 1268 tibus
1132 1211 1331 1268 obdormirit·
1353 1227 1420 1267 cum
1433 1211 1563 1283 patribus
1582 1211 1650 1280 sais,
1670 1211 1840 1267 enutritus⁴
1861 1211 1890 1266 in

1034 1300 1112 1357 bona
1137 1305 1300 1370 seneclute;
1317 1305 1346 1357 et
1368 1300 1451 1356 nohis
1466 1315 1562 1356 coram
1576 1316 1629 1371 pro
1656 1301 1718 1372 ejas
1745 1316 1889 1356 commea·

1038 1390 1131 1446 danda
1145 1389 1272 1462 corporis
1298 1388 1477 1462 depositione
1491 1388 1661 1448 sacrificium
1684 1390 1741 1444 Dca
1762 1390 1889 1445 oblatum

1036 1483 1090 1544 est,
1107 1482 1135 1535 et
1150 1479 1281 1552 sepultus
1296 1484 1346 1534 est.
1368 1480 1582 1534 Testamentum
1603 1480 1714 1534 nullum
1729 1479 1806 1544 tecit,
1823 1479 1890 1552 quia

1036 1569 1112 1624 unde
1127 1569 1232 1625 tacerel
1243 1584 1353 1640 pauper
1372 1568 1421 1625 Dei
1435 1583 1494 1622 uon
1514 1566 1624 1623 habuit.
1638 1568 1768 1624 Ecclesia
1788 1568 1888 1623 biblio-

1036 1657 1159 1723 thecam,
1176 1672 1334 1729 omnesque
1355 1654 1464 1712 codices
1479 1655 1630 1729 diligenter
1650 1657 1773 1728 posteris
1801 1662 1889 1711 custo·

1038 1746 1158 1802 diendos
1174 1762 1288 1817 semper
1299 1745 1427 1818 jubebat.
1443 1745 1472 1802 Si
1487 1745 1556 1818 quid
1571 1761 1638 1800 vero
1654 1745 1786 1811 Ecclesia,
1802 1747 1846 1801 vel
1860 1746 1889 1800 iu

1038 1835 1210 1907 sumptibus,
1218 1835 1262 1891 rel
1275 1834 1305 1889 in
1316 1835 1492 1890 ornamentis
1500 1834 1612 1902 babuit,
1625 1834 1692 1890 lidei
1700 1834 1859 1907 presbyteri
1868 1832 1889 1900 ⁸,

1040 1924 1090 1997 qai
1106 1925 1160 1981 sub
1175 1925 1275 1980 eodum
1292 1923 1393 1980 domus
1414 1923 1545 1979 Ecclesia
1568 1939 1667 1979 curam
1695 1923 1824 1996 gerebat,
1848 1922 1891 1978 di-

1037 2013 1126 2069 misit.
1144 2015 1200 2071 ileo
1215 2029 1281 2068 suos
1308 2012 1548 2084 consanguineos,
1561 2012 1605 2068 rel
1633 2013 1664 2068 in
1678 2013 1827 2086 proposito
1850 2013 1891 2067 vel

1036 2107 1116 2158 extra
1150 2101 1315 2170 constituos,
1335 2101 1365 2156 iu
1390 2117 1441 2156 sua
1463 2100 1520 2156 uita
1538 2105 1567 2156 et
1586 2105 1678 2157 morte
1704 2101 1784 2172 vulgi
1812 2118 1891 2157 mare

1037 2192 1186 2248 tractarit:
1207 2190 1323 2263 quihus,
1338 2190 1409 2246 dum
1429 2190 1521 2246 adhuc
1535 2195 1706 2262 superesset,
1733 2191 1760 2246 id
1775 2191 1800 2246 si
1822 2208 1893 2264 opus

1037 2281 1103 2350 tuit,
1119 2281 1195 2354 quod
1209 2284 1238 2336 et
1252 2280 1374 2347 caeteris,
1389 2279 1528 2353 erogavit,
1551 2296 1609 2335 non
1623 2285 1656 2336 ut
1669 2279 1782 2336 diuitias
1806 2280 1891 2336 habe·

1038 2374 1113 2439 rent,
1128 2371 1178 2426 sed
1192 2374 1225 2425 ul
1237 2373 1287 2424 aul
1301 2383 1368 2434 non,
1387 2368 1548 2423 autminus
1562 2374 1687 2440 egerent.
1703 2368 1818 2424 Clarum
1833 2369 1893 2424 sut·

1037 2458 1278 2525 ficientissimum,
1290 2462 1318 2513 et
1331 2457 1506 2513 monasteria
1519 2457 1647 2513 virorum
1662 2473 1695 2512 ac
1708 2457 1891 2525 feminarum,

1037 2546 1251 2602 continentibus
1276 2550 1287 2584 1
1308 2560 1375 2601 cum
1394 2545 1453 2600 suis
1467 2544 1630 2617 prepositis
1643 2544 1738 2616 plena,
1764 2546 1893 2600 Ecclesia

1038 2635 1158 2704 dimisit,
1173 2651 1232 2691 una
1254 2651 1319 2690 cum
1334 2633 1526 2702 bibliothecis,
1548 2634 1637 2689 libros
1652 2640 1680 2689 et
1699 2638 1836 2689 tractatus
1851 2636 1893 2689 rel

1037 2742 1105 2781 suos
1131 2726 1177 2781 rel
1205 2726 1327 2780 aliorum
1352 2729 1516 2779 sanctorum
1531 2723 1715 2793 habentibus,
1734 2724 1763 2779 in
1789 2724 1894 2796 quibus

1037 2816 1113 2871 dono
1129 2814 1181 2870 Dei
1193 2813 1285 2886 qualis
1297 2813 1515 2886 quantusquein
1528 2813 1649 2868 Ecclesia
1661 2812 1748 2868 luerit
1757 2814 1892 2874 noscitur,

1037 2908 1067 2959 et
1080 2903 1110 2959 in
1128 2903 1174 2959 his
1192 2918 1306 2973 semper
1321 2901 1415 2958 vivere
1444 2900 1609 2957 afidelihus
1635 2901 1789 2957 invenitur.
1812 2904 1895 2958 luxla

1038 2991 1117 3063 quod
1142 2989 1229 3045 eliam
1245 2988 1426 3045 saecularium
1452 2988 1572 3060 quidam
1586 2992 1748 3061 poetarum,
1765 2990 1825 3045 suis
1850 2991 1895 3062 ju-

1040 3081 1112 3136 bens
1128 3096 1187 3152 quo
1199 3079 1255 3135 sibi
1267 3079 1413 3135 tumulum
1428 3083 1543 3135 morino
1557 3079 1586 3135 in
1601 3095 1686 3148 agere
1700 3080 1817 3151 publico
1841 3082 1896 3135 col·

1040 3169 1176 3236 locarent,
1192 3172 1406 3241 programmate
1417 3168 1500 3224 linxit
1514 3168 1608 3224 diceus
1623 3166 1645 3236 ⁷,

1136 3272 1230 3323 Vivere
1242 3276 1303 3336 post
1316 3272 1420 3322 abitum
1435 3275 1522 3322 vatem
1537 3273 1677 3333 vicaneos,
1689 3273 1784 3331 viator,

1166 3335 1242 3394 Quod
1252 3334 1319 3399 legis
1328 3347 1388 3385 ecca
1400 3335 1505 3399 loquor,
1515 3348 1568 3385 vox
1578 3338 1625 3385 tua
1639 3349 1733 3400 nempe
1743 3348 1803 3386 mee
1814 3340 1864 3386 est.

1046 3434 1079 3489 Et
1092 3432 1123 3488 iu
1138 3432 1197 3488 suis
1211 3432 1327 3505 quidem
1344 3431 1459 3503 scriptis
1473 3433 1521 3488 ille
1536 3434 1594 3489 [leo
1605 3437 1736 3506 acceptus
1751 3438 1779 3489 el
1792 3434 1897 3489 charus

1041 3522 1185 3592 sacerdos,
1201 3526 1342 3594 quantum
1356 3523 1468 3578 lucente
1480 3523 1599 3578 veritate
1608 3523 1704 3580 ridere
1719 3525 1895 3592 conceditur,

1039 3615 1115 3665 reate
1131 3626 1162 3665 ac
1176 3625 1257 3679 sana,
1271 3608 1350 3678 ildei,
1365 3609 1437 3681 spei,
1452 3614 1481 3665 et
1490 3609 1637 3666 charitalis
1646 3611 1792 3667 catholica
1807 3613 1897 3667 Eccle-

1041 3698 1092 3755 siae
1107 3698 1211 3755 vixisse
1223 3698 1441 3755 manifestatur:
1457 3699 1534 3772 quod
1544 3703 1703 3772 agnoscunt
1715 3700 1766 3772 qui
1780 3716 1846 3756 eum
1862 3701 1897 3756 de

1040 3787 1146 3844 divinis
1171 3787 1343 3843 scribentem
1356 3787 1482 3858 legentes
1496 3787 1659 3860 proliciunt.
1672 3789 1726 3846 Sed
1742 3805 1796 3862 ego
1822 3790 1897 3846 arbi·

1042 3883 1102 3933 lror
1116 3877 1182 3950 plus
1196 3892 1230 3932 ex
1246 3893 1280 3932 eo
1295 3877 1433 3949 prolicere
1447 3878 1585 3949 potuisse,
1597 3877 1646 3950 qui
1662 3883 1766 3934 eumer
1777 3879 1897 3952 loqueu-

1042 3971 1101 4023 tem
1125 3966 1157 4023 in
1179 3966 1297 4023 ecclesia
1322 3968 1612 4038 prasentemaudire
1632 3969 1776 4024 stridere
1799 3974 1899 4041 polue-

1040 4059 1109 4111 rant
1132 4054 1158 4123 ⁸,
1180 4058 1210 4112 el
1224 4055 1286 4128 ejus
1299 4055 1459 4128 praesertim
1474 4056 1487 4092 1
1504 4056 1579 4112 inter
1605 4056 1738 4112 homines
1751 4073 1899 4113 couversa-

117 4168 148 4220 ,q
160 4163 223 4236 ip„
260 4163 339 4229 (πῃ.
363 4165 468 4223 uqum,
486 4183 543 4239 qu,
557 4168 709 4224 defunctu,
722 4173 766 4224 „g
792 4169 983 4241 mimine:
1039 4143 1899 4214 lionemnouignoraverunt.Ecatenimnoasolumeruditus

130 4269 199 4312 „m
215 4255 269 4312 ,ihi
290 4256 416 4328 jum,
442 4247 740 4326 p„1m0,13„5d5003‚
764 4257 814 4330 qui
833 4262 900 4314 ,um
912 4274 983 4331 pau,
1040 4232 1135 4288 scriba
1160 4232 1296 4306 iuregno
1308 4233 1457 4302 calorum,
1477 4234 1512 4289 dc
1538 4235 1672 4291 thesauro
1684 4252 1735 4292 sua
1751 4238 1898 4309 proferens

131 4342 240 4400 ,mimi
255 4344 290 4400 d,
311 4344 491 4417 poenjqenga,
513 4345 608 4410 mibi,
630 4345 766 4418 imosque
784 4347 986 4418 quaqujones
1043 4325 1163 4422 noscet
1183 4326 1426 4424 salernetanus
1447 4324 1671 4395 negotiatorum,
1687 4325 1737 4398 qui
1752 4325 1898 4382 inventam

126 4433 226 4506 jaceas
242 4433 272 4490 in
289 4435 361 4490 leclo
377 4435 629 4508 contraparietera
653 4435 901 4508 positos⁸diebus
926 4453 985 4492 suae
1047 4416 1206 4511 1111111111
1221 4418 1418 4484 11118111111111
1447 4429 1512 4485 111111
1526 4413 1649 4470 1111111111
1669 4416 1796 4472 1111111111
1823 4433 1898 4474 111111·

131 4521 497 4585 infirmitatisinluebalur.
512 4529 540 4580 et
553 4525 676 4597 legebat,
692 4530 721 4581 et
731 4525 842 4598 jugiter
855 4542 887 4581 ac
900 4525 985 4581 uber·
1043 4505 1156 4573 11111111
1173 4501 1284 4600 (mh
1304 4516 1365 4568 ¹¹¹¹·
1381 4503 1486 4602 511151
1501 4502 1550 4574 11)
1566 4519 1573 4559 ²
1588 4520 1688 4560 11111111
1709 4505 1796 4561 11111111
1819 4523 1851 4563 111
1866 4506 1899 4560 111

130 4611 183 4669 qim
193 4613 298 4669 ηοω,
311 4618 340 4669 0,
353 4629 391 4669 n,
401 4613 524 4670 impio
534 4614 620 4686 eju„
630 4631 775 4687 quoquam
785 4614 983 4687 impedimur,
1047 4588 1083 4645 ad
1106 4606 1178 4662 quas
1199 4595 1339 4662 scriplum
1354 4594 1407 4658 est,
1422 4592 1468 4648 Sec
1480 4592 1634 4663 loquimini,
1647 4600 1673 4649 ct
1686 4596 1726 4649 sic
1739 4596 1825 4662 {acite
1837 4594 1900 4665 (ta-

131 4705 198 4757 me
212 4701 273 4759 (¹5⁰⁸
287 4701 379 4757 “m‘’
392 4701 491 4759 dmm
506 4719 594 4775 qum
608 4704 697 4759 “im
711 4703 747 4759 d‘
761 4719 891 4777 ⁰⁰sp⁰r⁰’
902 4721 919 4760 ⁸
932 4721 984 4760 ¹¹⁰*
1073 4743 1081 4778 ¹
1097 4739 1218 4791 Salinas:
1232 4741 1295 4791 Trea
1305 4740 1529 4800 lineamentum
1538 4759 1548 4803 ,·
1563 4756 1633 4794 unus
1649 4743 1835 4808 prosequitur:
1858 4744 1901 4797 uel

1043 4802 1262 4864 mauresium
1277 4803 1448 4870 oquimini.
1482 4805 1517 4854 bl.

1072 4866 1084 4901 1
1098 4865 1186 4915 Nostri
1201 4880 1294 4917 omnes
1311 4867 1373 4918 llas.
1389 4866 1505 4917 omitunt
1517 4879 1576 4916 cum
1587 4880 1617 4917 co
1627 4869 1737 4933 pariter.

1073 4926 1183 4978 ³Edilio
1200 4928 1263 4979 ιον.
1279 4929 1362 4984 addit.
1377 4930 1403 4978 o·
1412 4941 1491 4994 pace.

1074 4992 1084 5026 1
1101 4990 1286 5042 Germanensia
1300 4991 1382 5042 codex
1397 4990 1514 5056 praeterit
1526 4992 1663 5043 enutritus
1675 5008 1682 5053 3
1697 4996 1723 5043 el
1736 4993 1816 5053 inira,
1832 4992 1897 5044 loco.

161 4870 169 4907 ¹
186 4866 300 4923 Sallues.
314 4881 347 4918 aa
359 4867 405 4918 Cd.
416 4868 551 4933 Bruttii
561 4884 568 4920 ι
579 4871 619 4921 Ile
631 4870 751 4924 absentia
761 4872 950 4936 mysteriorum
959 4876 986 4926 et

124 4928 330 4984 romuleorum.
366 4930 402 4981 li.

157 4990 296 5050 ¹Salinas,
311 5006 342 5043 ex
358 4991 405 5042 Ed.
420 4993 484 5056 lleg.
501 4994 556 5051 sir.
572 5007 626 5045 uon
646 4993 732 5046 multi.
764 4996 799 5047 bl.

154 5057 166 5093 1
183 5055 297 5116 saunas,
307 5069 339 5105 ea
349 5058 462 5121 auoque
472 5054 521 5107 Cd.
534 5055 598 5121 lleg.
611 5072 617 5106 ι
630 5059 690 5109 ll'ors
700 5060 769 5123 quod
777 5056 847 5110 milii
855 5061 924 5113 attic
936 5064 984 5114 ear.
1044 5051 1258 5104 Elnolrisroram
1287 5065 1316 5104 ro
1324 5053 1505 5118 ejus.prseterl
1514 5067 1520 5101 :
1529 5055 1551 5104 E
1554 5057 1587 5104 ta
1596 5054 1731 5119 nob-apro
1737 5057 1802 5117 ejus.
1816 5055 1896 5106 -Sa·

887 5123 922 5172 Μ,
1043 5113 1168 5170 linse.ex
1185 5115 1232 5166 cd.
1273 5130 1314 5179 eg.
1330 5129 1336 5165 :
1351 5114 1471 5166 Etnabis
1486 5117 1688 5184 corumpasitis.
1721 5117 1755 5166 ll.

158 5183 169 5218 1
181 5179 291 5232 codices
304 5179 366 5231 biso.
379 5193 385 5230 :
397 5181 468 5232 liam
477 5182 547 5234 cinit
556 5182 667 5232 anais...
678 5181 853 5236 decenniis
858 5200 869 5242 ;
878 5184 986 5243 omisso,
1074 5180 1084 5213 ⁵
1097 5176 1141 5226 811
1153 5177 1254 5228 11111111
1268 5179 1321 5229 1111
1341 5193 1348 5239 ;
1366 5181 1393 5227 11
1405 5177 1487 5227 1111111
1502 5178 1590 5230 fedeli
1605 5180 1772 5250 1111111111·

123 5247 295 5380 'h'fflmg
306 5304 464 5370 archites.
477 5308 520 5357 sil
532 5324 540 5356 s
552 5307 644 5359 Etiam
656 5306 987 5363 laudabiltsconoersatio·
1072 5238 1894 5379 1111111111111111111111111111111111.11811οἆ11811ἒέἒέᾘρᾳὲ

124 5367 168 5418 tels
182 5367 367 5443 Christianos.
400 5369 435 5420 li.
480 5430 486 5443 ·
598 5445 605 5457 .
1038 5376 1093 5429 pro
1125 5369 1237 5437 ammata
1253 5386 1259 5425 ;
1273 5370 1300 5415 et
1317 5379 1349 5415 ex
1374 5378 1406 5414 ua
1423 5363 1545 5477 flerique
1569 5367 1698 5429 praebent.
1724 5364 1786 5426 liant
1807 5368 1896 5441 decens

151 5428 297 5493 'Salinae
313 5445 346 5482 ax
361 5430 409 5481 ed.
427 5431 604 5482 vauctttll.
620 5431 839 5487 tnkctocorrtra
849 5436 987 5500 parietem
1041 5452 1073 5464 -
1108 5425 1390 5490 11111111011118-
1408 5430 1420 5477 5
1439 5426 1896 5494 111111111111111111111111111·

118 5493 213 5558 mm
249 5493 284 5543 Μ’
1042 5489 1291 5603 “paschasinus
1299 5551 1379 5603 blaa:
1393 5553 1424 5603 ta
1435 5550 1898 5620 Eccleetaaudirepreseutlaliteret

163 5607 189 5671 (a
216 5606 318 5659 Caetera
332 5610 420 5662 videre
437 5615 478 5662 eet
495 5610 522 5661 iu
542 5613 615 5662 toruo
629 5611 756 5673 secundo,
775 5612 850 5679 epist.
869 5614 924 5676 228,
939 5625 987 5664 nu.
1041 5613 1136 5666 aldem
1147 5615 1303 5688 mumul-
1356 5645 1359 5650 ,

134 5672 173 5733 ro,
205 5673 228 5732 t,
244 5671 325 5732 12,st
339 5676 366 5723 et
378 5674 416 5724 tt.
1078 5677 1090 5713 1
1104 5675 1216 5737 sebum
1231 5689 1264 5727 ex
1276 5674 1322 5726 cd.
1339 5675 1403 5742 Eeg.
1418 5679 1479 5728 sil:
1495 5678 1530 5729 Et
1543 5677 1602 5742 ejus
1615 5680 1784 5743 presentem.
1816 5679 1853 5730 ll.
