3884 6112
63 275 130 327 ,ηρ
786 265 895 324 uranu
912 266 1087 334 ouanrus.
1676 231 1686 252 ¹
1744 248 1812 346 uso

57 409 120 446 esse
133 390 285 456 rationem,
309 405 374 460 quaa
396 388 449 443 ista
465 387 632 459 distinguet,
649 388 704 443 uisi
727 392 761 442 ut
783 392 910 442 metrum
967 391 1044 461 quod
1056 391 1169 447 silentio
1182 402 1391 466 compensetur,
1407 416 1453 454 eas
1463 419 1607 472 ponamus
1620 408 1736 464 ultimas
1751 413 1810 483 syl-

56 478 257 550 pyrrhiehium
269 492 326 530 non
341 476 411 530 illud
426 474 463 529 sit
476 475 640 543 minimum,
652 475 786 546 quodtibi
798 476 910 532 videba-
965 479 1042 533 labas
1058 496 1129 551 quas
1144 482 1188 536 lex
1202 483 1330 554 ejusdem
1344 488 1458 543 numeri
1480 491 1608 563 flagitat;
1625 510 1661 550 ne
1675 512 1741 552 cum
1755 499 1810 553 ali·

55 572 105 621 tur
120 568 149 621 in
164 566 255 620 tribus
278 563 422 629 brevibus,
448 564 498 617 sad
525 563 556 617 in
575 563 715 634 quinque.
738 565 805 619 Post
817 579 908 619 unum
965 583 1023 638 qua
1046 569 1203 624 ollensione
1229 572 1343 627 aurium
1363 579 1392 630 ct
1413 576 1535 635 falsitate
1555 597 1710 652 mensures,
1723 603 1740 641 a
1754 588 1810 643 line

56 655 135 710 enim
160 654 263 725 pedem
291 668 323 705 ac
351 650 527 720 semipedem
553 650 636 703 silere
661 666 743 704 mora
757 651 909 722 semipedis
965 654 1001 708 ad
1015 654 1132 711 initium
1145 658 1314 729 redeamus3
1331 663 1519 719 concedentes
1532 671 1630 724 tamen
1645 671 1701 726 illis
1725 678 1757 728 ut
1771 674 1812 730 ite

57 744 121 815 ejus
137 743 186 814 qui
201 742 321 796 debetur
340 739 486 810 implendo
508 737 582 809 pedi,
607 742 693 809 atque
713 738 754 794 ita
766 739 858 795 redire
874 739 910 794 ad
967 747 1056 797 metra
1074 744 1142 798 talia
1167 746 1278 813 liniant,
1302 750 1383 819 qnasi
1407 751 1540 825 deinceps
1562 757 1633 812 nihil
1654 759 1769 831 dicturi,
1783 769 1814 819 et

56 831 184 897 initium,
200 833 228 883 et
241 829 297 882 hoc
311 826 466 881 minimum
481 825 648 881 metrumin
662 826 826 898 pyrrhichio
840 842 909 882 con·
965 830 1028 885 ideo
1042 837 1199 888 extremam
1212 835 1351 905 syllabam
1374 855 1425 893 seu
1434 841 1552 912 longam
1566 861 1616 899 seu
1626 846 1742 903 brevem
1755 850 1811 906 im-

58 917 178 972 stituere
192 931 250 969 non
265 931 317 968 nos
345 913 413 967 sinit
426 912 563 983 anapaesti
581 912 720 983 parilitas,
744 918 777 968 ut
785 915 844 984 jam
860 914 909 969 de·
965 934 1041 989 pune
1056 922 1247 978 constituant:
1269 941 1335 980 nam
1359 925 1389 980 in
1411 929 1625 989 continuatione
1653 940 1811 994 metrorum

58 1008 248 1058 monstratum
263 1006 423 1072 est:quare
435 1003 501 1070 post
511 1001 583 1055 duos
597 1000 685 1071 pedes
697 1001 911 1072 etsemipedem
965 1007 1142 1075 apertissime
1172 1012 1379 1081 convincuntur
1404 1016 1517 1072 aurium
1544 1021 1664 1090 judicio,
1695 1040 1755 1080 non
1782 1043 1812 1082 se

58 1092 204 1147 silendum
216 1094 258 1144 est
270 1089 341 1143 illud
357 1104 446 1142 ununr
457 1092 580 1160 tempus,
597 1088 799 1144 siconiusione
813 1105 910 1145 carere
966 1091 1069 1148 debere
1083 1111 1191 1166 ponere
1212 1099 1352 1167 ultimam,
1373 1101 1429 1156 nisi
1451 1121 1515 1176 quae
1535 1107 1624 1178 ipsius
1647 1113 1731 1167 metri
1747 1113 1812 1184 jure

56 1182 203 1235 volumus.
218 1181 250 1233 ll.
266 1178 322 1232 Cur
337 1176 412 1231 enim
430 1192 488 1231 non
502 1177 559 1231 duo
574 1176 731 1247 pyrrhichii
746 1181 812 1232 sunt
825 1177 910 1231 mini-
966 1185 1050 1250 atque
1065 1183 1174 1237 ratione
1200 1187 1335 1256 ponende
1360 1194 1411 1243 est.
1429 1191 1493 1246 llaec
1516 1199 1611 1250 autem
1634 1199 1812 1256 continuatio

60 1286 142 1323 mum
156 1271 279 1321 metrum
289 1264 505 1334 inpyrrbichio,
516 1268 544 1318 et
554 1265 800 1335 quatuorsyllabae
810 1265 911 1318 breves
965 1266 1007 1334 lit,
1023 1284 1087 1324 cum
1103 1271 1171 1340 pedi
1195 1272 1267 1327 nihil
1296 1274 1417 1330 debetur
1430 1284 1548 1349 propter
1569 1284 1646 1352 quod
1668 1285 1751 1340 silere
1765 1303 1814 1340 co·

55 1357 165 1427 potius,
181 1358 245 1425 post
259 1369 330 1424 quas
344 1352 427 1406 silere
440 1368 511 1423 opus
525 1367 584 1406 non
605 1352 651 1418 sit,
677 1368 764 1422 qnam
782 1352 910 1424 quinque
966 1371 1078 1425 gamnr.
1093 1359 1131 1412 D.
1148 1359 1291 1431 Intelligo‚
1307 1366 1336 1415 et
1346 1366 1459 1433 gratum
1475 1367 1567 1423 habeo
1582 1371 1658 1440 quod
1672 1372 1812 1443 taliapol-

57 1449 209 1516 postquas
227 1458 300 1513 opus
314 1441 374 1496 sit?
400 1443 439 1496 M.
455 1440 612 1510 Vigilantcr
638 1439 764 1511 quidem,
789 1439 911 1495 sednon
965 1440 1058 1497 liceris
1078 1447 1219 1516 exempla,
1245 1447 1349 1517 quibus
1370 1452 1478 1506 nullam
1502 1455 1626 1526 patiatur
1649 1474 1749 1514 sensus
1769 1461 1813 1516 in-

57 1550 140 1588 caves
156 1549 190 1586 ne
201 1531 236 1586 ab
246 1531 300 1585 hoc
310 1535 338 1584 te
351 1529 391 1584 ita
400 1527 679 1601 proceleusmaticus,
691 1533 723 1582 ut
734 1528 768 1582 ab
778 1528 827 1583 illo
841 1543 911 1582 ana·
962 1530 1077 1600 y'uriam.

54 1626 165 1691 pacatas
180 1619 320 1675 excludat.
340 1620 372 1672 ll.
389 1618 493 1672 Verum
508 1616 587 1671 dicis.
604 1619 642 1673 lt.
658 1616 754 1670 Placet
777 1631 845 1686 ergo
860 1615 909 1670 hic
1019 1621 1131 1677 CAPUT
1146 1622 1196 1677 lll.
1214 1653 1248 1662 -
1262 1625 1484 1694 Pyrrhicbr'orum
1496 1636 1641 1688 metrorum
1655 1636 1721 1690 ordo
1736 1641 1761 1691 er

58 1710 164 1764 modus
173 1708 203 1763 in
222 1707 350 1779 quinque
363 1705 507 1773 brevibus,
519 1710 548 1759 et
562 1703 676 1759 silentio
696 1703 781 1759 unius
797 1709 910 1774 tempo·
1320 1711 1457 1754 nummus.

58 1798 99 1853 ris
113 1799 128 1852 ‘l
141 1800 174 1852 ll.
191 1796 286 1851 Placet
299 1810 378 1849 vero.
392 1795 430 1849 M.
445 1793 561 1848 Videtur
575 1791 647 1847 mihi
661 1791 784 1847 oblitum
797 1807 858 1846 ease
871 1795 910 1857 te,
1000 1779 1027 1832 4·
1047 1779 1090 1833 M·
1113 1782 1183 1851 ΑΒΘ,
1209 1796 1286 1836 111100
1308 1783 1409 1839 Ordine
1435 1787 1470 1841 de
1485 1788 1531 1843 his
1546 1807 1661 1864 quoque
1681 1795 1815 1850 renuntia

59 1884 302 1958 quemadmodum
319 1882 349 1936 in
363 1881 498 1952 rhythmo
513 1879 669 1935 dixerimus
683 1895 768 1951 posse
788 1877 911 1934 discerni
965 1865 1152 1936 Pyrrhisshfisss
1289 1941 1295 1951 ,
1359 1941 1365 1953 ,

59 1978 158 2029 utrum
181 1970 346 2044 pyrrhichio
361 1986 397 2024 an
411 1968 664 2040 proceleusmatico
679 1972 850 2022 curreretur.
875 1970 910 2022 D.
1246 1940 1378 2059 gffiffl
1391 1941 1530 2058 {Quem

61 2064 137 2116 Rene
152 2061 309 2116 admones:
323 2073 390 2112 narn
402 2057 505 2126 plausu
516 2055 583 2110 istos
593 2071 728 2110 numeros
742 2053 912 2110 abinvicem
1245 2063 1272 2112 Si
1287 2069 1358 2114 amet
1371 2065 1399 2114 in
1413 2080 1444 2115 eo
1533 2045 1540 2070 '

60 2147 277 2219 distinguendos
302 2144 513 2215 comperimus:
543 2159 631 2214 quare
658 2144 720 2214 jam
742 2158 837 2215 neque
863 2143 912 2197 hic
1245 2124 1434 2250 fflgffglilffid
1448 2133 1506 2179 ⁰⁸l‘?

61 2237 148 2292 istum
163 2233 447 2306 proceleusmaticum
458 2235 564 2299 metuo,
576 2247 663 2303 quem
670 2232 772 2301 plausu
783 2230 912 2286 adhibito
1247 2246 1369 2298 Animum
1379 2249 1503 2311 hominis,

61 2321 257 2395 apyrrhichio
272 2321 433 2377 discernere
458 2323 571 2390 potero.
596 2320 634 2374 Μ.
661 2318 718 2372 Cur
741 2318 831 2384 igitur
854 2334 913 2373 non
1245 2309 1343 2418 {pm}
1357 2311 1437 2361 h⁰m0

61 2411 198 2466 eumdem
212 2410 343 2480 plausum
358 2405 553 2462 adhibendum
566 2404 671 2473 vidisti,
695 2405 848 2460 utabillis
862 2404 912 2459 tri·
1003 2371 1522 2515 Quidhaecvidentussl÷¹¹g⁸3¹gi¹¹g'n,s‚
1611 2457 1656 2468 ,,
1748 2463 1758 2514 t

61 2500 116 2553 bus
138 2497 280 2561 brevibus,
302 2495 333 2549 id
356 2499 399 2549 est
426 2493 590 2566 pyrrhichio
615 2498 644 2548 et
669 2492 825 2562 semipede,
847 2497 914 2564 post
1358 2492 1365 2505 ⁰
1490 2471 1706 2515 ¹¹⁵¹¹³v¹⁵⁵¹¹⁰³
1729 2476 1816 2532 ΝΜ

60 2602 149 2658 quem
168 2588 313 2656 oporteret
337 2599 427 2637 unum
446 2588 560 2652 tempus
583 2580 678 2647 silere,
703 2580 914 2636 discerneretur
968 2538 1152 2605 lmegemme
1166 2539 1536 2678 cumgggssgtuffim‘?

1489 2665 1497 2690 i

62 2671 247 2743 anapestus?
261 2674 294 2726 ll.
310 2672 372 2726 lam
395 2669 534 2740 intelligo,
548 2674 577 2723 et
590 2669 620 2723 in
635 2668 710 2723 viam
738 2667 835 2734 redeo,
851 2684 914 2723 me·
1246 2685 1341 2735 paim,
1355 2688 1425 2737 bon,
1439 2690 1490 2739 m:

61 2767 196 2832 trnmque
211 2760 241 2814 in
254 2757 418 2830 pyrrhichio
432 2757 583 2811 minimum
596 2762 653 2811 tres
666 2756 786 2827 syllabas
801 2756 912 2822 breves,
1245 2746 1498 2862 ‘liffiiiirlrlrlrmrffifa

59 2867 137 2922 qnae,
165 2851 354 2903 annumerato
380 2846 506 2911 silentio,
532 2845 656 2899 duorum
679 2842 913 2914 pyrrhichiorum
1248 2871 1287 2920 m
1298 2871 1365 2921 bene
1380 2872 1491 2933 habim,

60 2944 176 3009 tempus
201 2941 352 3006 occupant,
379 2951 440 2989 esse
465 2933 613 2989 confirmo.
637 2935 675 2988 M.
692 2931 819 2986 Probent
844 2946 913 3001 ergo
1246 2932 1499 3004 Ubibonadornus3

58 3024 269 3080 aureatuaehoc
281 3038 373 3093 genus
385 3020 518 3076 numeri:
535 3021 566 3076 Si
574 3020 679 3088 aliqua,
694 3020 765 3073 Beue
778 3019 831 3084 uis,
844 3019 914 3072 Reate
1246 2994 1295 3044 um
1309 2995 1386 3050 mall«
1404 2995 1483 3047 ΜΘ·

60 3114 118 3179 dic,
129 3114 199 3167 Bene
219 3113 277 3180 sac,
291 3112 419 3171 Animus,
431 3110 462 3165 εἰ
474 3109 593 3177 aliquid,
615 3108 684 3163 Male
698 3109 751 3173 vis,
769 3106 840 3161 Male
857 3105 913 3172 dic,
1005 3073 1036 3124 ll.
1057 3070 1150 3125 Etiam
1177 3071 1233 3126 ista
1257 3073 1423 3130 continuata
1446 3076 1612 3135 suavissime
1637 3082 1755 3154 accipio.
1771 3086 1815 3140 M.

59 3203 134 3259 Male
153 3204 210 3268 sac,
232 3201 361 3264 Animus,
391 3199 511 3255 Medium
530 3201 578 3252 est.
610 3200 643 3252 ll.
671 3196 744 3252 Satis
779 3196 913 3267 probant,
970 3158 1325 3298 Nun⁰t¹⁰⁸⁵⁰mi³pidff³r
1342 3163 1443 3263 Vid02·
1467 3252 1473 3264 .

1271 3263 1358 3300 nunus
1372 3251 1489 3302 bomrnre
1500 3258 1540 3304 est

60 3290 223 3363 pracsertim
240 3304 305 3343 cum
327 3288 389 3359 jam
413 3286 578 3341 recordatus
593 3285 648 3339 sim
671 3284 914 3356 quemadmodum
1247 3312 1316 3361 Mala
1327 3313 1429 3364 boum
1441 3315 1553 3378 agium.

60 3395 113 3434 eos
126 3377 224 3450 plaudi
251 3379 391 3448 oporteat,
414 3392 450 3429 ne
473 3390 539 3429 curn
565 3379 656 3429 metro
667 3372 831 3446 pyrrhichio
845 3388 913 3427 ana·
1248 3373 1321 3423 Bona
1335 3375 1428 3436 voluit,
1443 3376 1538 3439 habet,

59 3465 368 3540 paesticoniundantur
381 3464 478 3534 pedes.
1005 3511 1080 3566 ΒΗ
1247 3435 1509 3528 lfffllsswluibhtbel
1655 3520 1661 3531 .
1708 3521 1713 3532 .
1779 3523 1785 3534 ο

99 3559 125 3611 3¹
142 3553 264 3611 wide
287 3557 316 3608 et
340 3552 412 3607 ispa:
430 3553 461 3608 εἰ
484 3549 593 3621 aliquid
615 3565 651 3616 es,
667 3549 727 3618 Ape
747 3549 819 3604 bem·
844 3548 916 3603 Mau
1035 3551 1042 3566 .
1084 3519 1817 3591 reeqnoquernterposrtounrnstemporrsarlentro,

59 3645 195 3716 quieuit,
211 3642 287 3698 Nihil
310 3644 379 3710 uuit,
404 3643 440 3695 Et
462 3640 532 3707 ideo,
550 3640 631 3695 Miser
654 3640 714 3693 erit.
731 3640 764 3692 ll.
785 3636 915 3692 Suaviter
966 3598 1096 3714 j⁰⁰„u·¹¹d⁸
1126 3604 1200 3698 ⁵⁰¹¹&
1228 3600 1270 3655 Μ·
1296 3601 1437 3718 §Quffs
1460 3605 1675 3675 qu³t¹¹⁰lpl⁰fli
1698 3609 1818 3679 Pyrrhi·

60 3732 151 3787 etiam
166 3729 259 3785 istase
275 3728 433 3791 insinuant,
450 3728 505 3781 nisi
521 3743 578 3781 nno
599 3727 671 3793 loco,
694 3725 743 3780 ubi
757 3723 823 3780 linis
837 3723 916 3780 tertii
970 3686 1045 3753 ehu*
1061 3686 1114 3741 ¹¹⁰⁸
1138 3703 1242 3758 ³⁰⁰¹99’
1259 3688 1413 3786 “ludm-
1440 3777 1446 3787 θ
1470 3777 1475 3788 Ι
1540 3779 1545 3789 .

60 3835 130 3875 cum
145 3818 227 3873 initio
252 3816 346 3888 quarti
360 3816 519 3887 copulatur.
535 3816 572 3871 u.
587 3815 715 3885 ldipsum
728 3813 846 3874 omuino
862 3817 915 3881 est,
1248 3775 1559 3897 fflffialg⁰g¹ffingtl¹i

62 3908 142 3981 quod
159 3906 244 3963 atuis
258 3905 376 3961 auribus
389 3902 556 3959 desideravi.
573 3903 634 3958 Non
649 3902 727 3957 enim
741 3902 916 3957 frustraren-
1249 3899 1359 4012 33:315)
1360 3900 1505 4012 ,fflffiffi
1507 3902 1601 4012 horno,

1006 4039 1045 4092 D.
1061 4040 1093 4093 ln
1118 4039 1163 4093 his
1186 4058 1301 4112 quoque
1325 4045 1402 4097 certa
1425 4046 1452 4096 et
1475 4043 1600 4114 jucunda
1617 4055 1819 4106 mensuracst.

971 4126 1104 4269 ΙΜέιΑιιάἰ
1120 4128 1181 4197 jam
1201 4145 1277 4183 nunc
1291 4146 1394 4186 novem
1413 4130 1536 4202 syllabas
1558 4132 1676 4200 breves;
1697 4135 1765 4190 audi
1790 4141 1820 4191 et

969 4229 1002 4284 yu
1023 4229 1084 4268 rra:

63 4013 114 4052 sus
128 3995 292 4063 offenditur,
308 4010 372 4049 cum
387 3992 515 4048 omnium
531 3991 704 4063 syllabarum
719 3991 800 4047 nullo
826 3989 915 4044 inter-

64 4085 160 4157 posito
183 4082 295 4139 silentio
315 4087 444 4153 tempora
460 4080 572 4152 singula
587 4083 748 4151 exspectat:
765 4093 852 4149 quam
867 4094 916 4131 ex-

65 4171 272 4245 spectationem
307 4169 433 4241 prolecto
467 4167 581 4222 fraudat
611 4181 765 4220 concursus
793 4165 916 4220 duarum

65 4260 297 4327 consonantium,
324 4263 333 4314 t
357 4262 386 4313 et
413 4273 441 4325 u,
469 4272 533 4327 quae
555 4253 764 4326 praecedentem
789 4252 917 4306 vocalem
1250 4285 1335 4334 Homo
1353 4286 1641 4351 mmmmm

64 4351 184 4420 longam
200 4364 260 4402 esse
283 4350 400 4418 cogunt,
424 4350 454 4399 et
472 4345 503 4399 in
519 4344 575 4398 duo
600 4347 731 4412 tempora
746 4340 917 4407 extendunt;
1250 4346 1334 4419 Malus
1347 4348 1444 4421 etenim
1457 4363 1488 4398 ea
1503 4349 1573 4399 bone
1585 4352 1666 4409 amat,

65 4437 145 4511 qnod
160 4452 250 4508 genus
274 4433 453 4506 grammatici
477 4431 617 4504 positione
639 4431 755 4500 longam
777 4427 918 4499 syllabam
1251 4408 1552 4460 N¹h¹¹⁰b¹³⁸l¹⁸²²¹¹m·

65 4528 179 4580 vocant.
195 4524 250 4579 Sed
262 4525 381 4594 propter
404 4521 483 4576 illam
499 4519 608 4575 ultimae
623 4517 739 4590 syllaba
753 4515 918 4571 indifferen-
1009 4488 1046 4542 D·
1063 4487 1165 4542 Pfflme
1180 4503 1255 4543 ”⁰¹¹⁰
1269 4489 1399 4560 qumque
1412 4489 1601 4561 Pyrrhi⁰ffi⁰⁵·
1615 4491 1658 4544 M·

64 4614 148 4679 tiam,
174 4628 259 4667 nemo
274 4611 444 4665 criminatur
458 4609 512 4663 hoc
526 4612 661 4668 metrum,
692 4622 757 4661 cum
785 4604 813 4660 id
827 4603 919 4659 sinee-
1252 4575 1491 4699 ffi'i'fflf'ssossgss
1501 4577 1626 4688 ffi'ioe,
1640 4639 1727 4692 hm

65 4706 205 4773 roeatque
220 4715 324 4754 severae
341 4715 424 4754 aures
440 4696 527 4752 ctiam
545 4697 606 4751 sine
630 4698 791 4750 accusatore
814 4691 919 4748 conde·
1011 4718 1046 4771 D·
1071 4717 1134 4772 ,ω
1162 4718 1274 4773 hom,
1297 4723 1349 4788 est,
1373 4724 1402 4774 εἰ
1423 4719 1530 4792 Pf0b⁰3
1555 4721 1721 4778 nuncaddg
1736 4725 1845 4780 semi„

67 4795 179 4846 mnent.
199 4791 272 4844 Nam
297 4788 372 4856 vide,
398 4803 494 4859 quaeso
518 4789 663 4869 quantum
683 4783 811 4851 interest,
828 4780 853 4836 si
867 4797 919 4852 pro
975 4805 1088 4875 pedem·
1100 4806 1143 4860 M·
1161 4807 1294 4862 praciam:

68 4894 104 4932 ‘³⁰
118 4876 196 4948 ΨΜ
210 4881 264 4943 ³⁵t²
1254 4894 1326 4966 Vaga
1340 4893 1407 4943 levia
1419 4895 1524 4959 fragilia
1533 4896 1612 4956 bona,

304 4980 371 5032 blale
386 4978 431 5043 qui
443 4979 498 5043 agit
521 4977 591 5027 Nihil
606 4977 678 5039 agit:
1254 4955 1305 5014 Qui
1317 4956 1485 5018 amathome,
1495 4958 1589 5010 similia
1603 4961 1653 5012 erit
1666 4963 1711 5012 eie.

304 5042 368 5093 ⁸¹⁸1ss
379 5041 424 5106 (lui
434 5017 592 5106 agit’uomo
605 5037 679 5103 perit.
1011 5037 1043 5088 D.
1060 5034 1134 5088 Bene
1147 5049 1280 5104 prorsus;
1303 5040 1332 5089 et
1350 5051 1399 5091 sex
1409 5036 1471 5108 jam
1494 5043 1621 5111 exspecto
1634 5042 1823 5113 pyrrhichios.

69 5149 103 5203 l).
118 5145 177 5200 lloc
199 5161 268 5200 sane
283 5141 427 5214 liquidum
453 5143 539 5211 atque
564 5137 709 5207 integrum
731 5138 783 5189 est.
805 5134 848 5187 M.
865 5133 922 5187 Hoc
976 5123 1019 5176 M·
1036 5123 1131 5177 Ethos
1147 5121 1270 5249 audi:V
1379 5203 1384 5213 Ι
1522 5204 1548 5214 ..

67 5248 212 5305 argones
235 5231 418 5287 observemus
435 5230 554 5298 propter
577 5224 694 5279 musicae
718 5220 921 5287 sinceritatem,
1242 5201 1727 5320 Osissassdffiufflgssfflfflngpm

67 5323 147 5395 quod
161 5325 255 5392 poetae
270 5335 328 5375 non
340 5319 491 5373 observant
503 5317 619 5386 propter
633 5311 798 5366 facilitatem
817 5324 924 5364 canen·
1014 5345 1044 5397 D·
1060 5339 1133 5396 satis
1144 5344 1203 5410 em
1214 5341 1286 5397 adde
1301 5343 1485 5415 semipedem·
1499 5303 1542 5401 tn·
1730 5308 1736 5318 '

67 5412 119 5468 di:
135 5415 169 5464 ut
183 5409 304 5481 quoties,
325 5404 450 5476 ercmpli
464 5419 561 5472 causa,
581 5399 664 5456 nobis
686 5413 801 5454 necesse
816 5400 858 5452 est
871 5396 924 5451 ali·
1257 5431 1351 5481 mid,
1363 5432 1478 5482 levicula
1491 5432 1595 5497 fragilia
1608 5433 1678 5484 bon,

69 5516 131 5571 qua
142 5502 234 5554 metra
248 5498 444 5568 interponere,
466 5492 496 5547 in
511 5491 615 5564 quibus
630 5488 703 5545 nihil
725 5487 845 5545 debetur
859 5485 925 5557 pedi
1260 5493 1325 5551 Qum
1335 5493 1549 5569 adamatanima,
1564 5495 1658 5546 similis
1669 5497 1719 5548 erit
1732 5499 1779 5549 eia.

256 5603 395 5671 Parnon.
420 5597 545 5668 XXXII.
1429 5590 1651 5677 (Tremo-ric.)

733 5000 854 5068 dicatur,
