<?xml version="1.0" encoding="UTF-8"?>
<!DOCTYPE html PUBLIC "-//W3C//DTD XHTML 1.0 Transitional//EN"
    "http://www.w3.org/TR/xhtml1/DTD/xhtml1-transitional.dtd">
<html xmlns="http://www.w3.org/1999/xhtml" xml:lang="en" lang="en">
 <head>
  <title>
</title>
<meta http-equiv="Content-Type" content="text/html;charset=utf-8" />
  <meta name='ocr-system' content='tesseract 3.04.00' />
  <meta name='ocr-capabilities' content='ocr_page ocr_carea ocr_par ocr_line ocrx_word'/>
</head>
<body>
  <div class='ocr_page' id='page_1' title='image "./patrologiaecurs02migngoog_0365.png"; bbox 0 0 3884 6112; ppageno 0'>
   <div class='ocr_carea' id='block_1_1' title="bbox 661 239 1691 343">
    <p class='ocr_par' dir='ltr' id='par_1_1' title="bbox 661 239 1691 343">
     <span class='ocr_line' id='line_1_1' title="bbox 661 239 1691 343; baseline 0.011 -11"><span class='ocrx_word' id='word_1_1' title='bbox 661 271 767 334; x_wconf 81' lang='lat' dir='ltr'><strong>alana</strong></span> <span class='ocrx_word' id='word_1_2' title='bbox 802 239 966 336; x_wconf 82' lang='lat' dir='ltr'><strong>asarias.</strong></span> <span class='ocrx_word' id='word_1_3' title='bbox 1639 288 1691 343; x_wconf 84' lang='lat' dir='ltr'><strong>ooo</strong></span> 
     </span>
    </p>
   </div>
   <div class='ocr_carea' id='block_1_2' title="bbox 71 397 785 819">
    <p class='ocr_par' dir='ltr' id='par_1_2' title="bbox 71 397 785 819">
     <span class='ocr_line' id='line_1_2' title="bbox 264 397 446 451; baseline -0.005 -1"><span class='ocrx_word' id='word_1_4' title='bbox 264 397 377 451; x_wconf 78' lang='lat' dir='ltr'><strong>CAPUT</strong></span> <span class='ocrx_word' id='word_1_5' title='bbox 399 398 446 450; x_wconf 93' lang='lat' dir='ltr'><strong>lll.</strong></span> 
     </span>
     <span class='ocr_line' id='line_1_3' title="bbox 71 484 731 552; baseline 0.005 -13"><span class='ocrx_word' id='word_1_6' title='bbox 71 484 109 539; x_wconf 77' lang='lat' dir='ltr'><strong>alo</strong></span> <span class='ocrx_word' id='word_1_7' title='bbox 119 485 234 540; x_wconf 81' lang='lat' dir='ltr'><strong>rhetoris</strong></span> <span class='ocrx_word' id='word_1_8' title='bbox 249 484 283 539; x_wconf 88' lang='lat' dir='ltr'><strong>ab</strong></span> <span class='ocrx_word' id='word_1_9' title='bbox 295 488 453 540; x_wconf 79' lang='lat' dir='ltr'><strong>Eaecsoram</strong></span> <span class='ocrx_word' id='word_1_10' title='bbox 464 487 547 552; x_wconf 78' lang='lat' dir='ltr'><strong>sactis</strong></span> <span class='ocrx_word' id='word_1_11' title='bbox 562 487 731 542; x_wconf 71' lang='lat' dir='ltr'><em>abhorrebat.</em></span> 
     </span>
     <span class='ocr_line' id='line_1_4' title="bbox 71 572 785 646; baseline 0.004 -19"><span class='ocrx_word' id='word_1_12' title='bbox 71 572 286 628; x_wconf 85' lang='lat' dir='ltr'><strong>:ircamvolabat</strong></span> <span class='ocrx_word' id='word_1_13' title='bbox 301 590 386 643; x_wconf 89' lang='lat' dir='ltr'><strong>saper</strong></span> <span class='ocrx_word' id='word_1_14' title='bbox 402 590 446 627; x_wconf 90' lang='lat' dir='ltr'><strong>me</strong></span> <span class='ocrx_word' id='word_1_15' title='bbox 462 573 554 628; x_wconf 87' lang='lat' dir='ltr'><strong>fidelis</strong></span> <span class='ocrx_word' id='word_1_16' title='bbox 569 577 684 646; x_wconf 90' lang='lat' dir='ltr'><strong>alonge</strong></span> <span class='ocrx_word' id='word_1_17' title='bbox 701 576 785 630; x_wconf 87' lang='lat' dir='ltr'><strong>mise-</strong></span> 
     </span>
     <span class='ocr_line' id='line_1_5' title="bbox 71 661 785 732; baseline 0.003 -16"><span class='ocrx_word' id='word_1_18' title='bbox 71 667 127 716; x_wconf 89' lang='lat' dir='ltr'><strong>taa.</strong></span> <span class='ocrx_word' id='word_1_19' title='bbox 147 662 178 715; x_wconf 92' lang='lat' dir='ltr'><strong>ln</strong></span> <span class='ocrx_word' id='word_1_20' title='bbox 193 666 314 732; x_wconf 89' lang='lat' dir='ltr'><strong>quantas</strong></span> <span class='ocrx_word' id='word_1_21' title='bbox 330 661 495 732; x_wconf 78' lang='lat' dir='ltr'>iniquitates</span> <span class='ocrx_word' id='word_1_22' title='bbox 510 662 645 732; x_wconf 88' lang='lat' dir='ltr'><strong>distabui,</strong></span> <span class='ocrx_word' id='word_1_23' title='bbox 658 669 685 717; x_wconf 87' lang='lat' dir='ltr'><strong>et</strong></span> <span class='ocrx_word' id='word_1_24' title='bbox 700 665 785 719; x_wconf 89' lang='lat' dir='ltr'><strong>sacri-</strong></span> 
     </span>
     <span class='ocr_line' id='line_1_6' title="bbox 71 750 784 819; baseline 0.004 -15"><span class='ocrx_word' id='word_1_25' title='bbox 71 750 247 805; x_wconf 87' lang='lat' dir='ltr'><strong>uriositatcm</strong></span> <span class='ocrx_word' id='word_1_26' title='bbox 268 757 381 804; x_wconf 86' lang='lat' dir='ltr'><strong>secatus</strong></span> <span class='ocrx_word' id='word_1_27' title='bbox 400 767 474 812; x_wconf 82' lang='lat' dir='ltr'><strong>siim,</strong></span> <span class='ocrx_word' id='word_1_28' title='bbox 496 756 528 806; x_wconf 90' lang='lat' dir='ltr'><strong>at</strong></span> <span class='ocrx_word' id='word_1_29' title='bbox 548 752 728 807; x_wconf 81' lang='lat' dir='ltr'><strong>deserentem</strong></span> <span class='ocrx_word' id='word_1_30' title='bbox 747 759 784 819; x_wconf 87' lang='lat' dir='ltr'><strong>te,</strong></span> 
     </span>
    </p>
   </div>
   <div class='ocr_carea' id='block_1_3' title="bbox 840 400 1695 833">
    <p class='ocr_par' dir='ltr' id='par_1_3' title="bbox 840 400 1695 833">
     <span class='ocr_line' id='line_1_7' title="bbox 878 400 1691 474; baseline 0.01 -20"><span class='ocrx_word' id='word_1_31' title='bbox 878 402 904 454; x_wconf 86' lang='lat'><strong>8.</strong></span> <span class='ocrx_word' id='word_1_32' title='bbox 920 400 1070 465; x_wconf 86' lang='lat' dir='ltr'><strong>Quomodo</strong></span> <span class='ocrx_word' id='word_1_33' title='bbox 1084 401 1232 471; x_wconf 88' lang='lat' dir='ltr'><strong>ardebam,</strong></span> <span class='ocrx_word' id='word_1_34' title='bbox 1249 403 1323 457; x_wconf 86' lang='lat' dir='ltr'><strong>Deus</strong></span> <span class='ocrx_word' id='word_1_35' title='bbox 1338 418 1429 471; x_wconf 91' lang='lat' dir='ltr'><strong>meas,</strong></span> <span class='ocrx_word' id='word_1_36' title='bbox 1451 406 1594 474; x_wconf 90' lang='lat' dir='ltr'><strong>quomodo</strong></span> <span class='ocrx_word' id='word_1_37' title='bbox 1609 409 1691 462; x_wconf 88' lang='lat' dir='ltr'><strong>arde-</strong></span> 
     </span>
     <span class='ocr_line' id='line_1_8' title="bbox 840 488 1693 567; baseline 0.008 -24"><span class='ocrx_word' id='word_1_38' title='bbox 840 488 907 543; x_wconf 86' lang='lat' dir='ltr'><strong>bam</strong></span> <span class='ocrx_word' id='word_1_39' title='bbox 933 490 1061 544; x_wconf 80' lang='lat' dir='ltr'><strong>revolare</strong></span> <span class='ocrx_word' id='word_1_40' title='bbox 1086 491 1242 544; x_wconf 86' lang='lat' dir='ltr'><strong>aterrenis</strong></span> <span class='ocrx_word' id='word_1_41' title='bbox 1267 492 1302 546; x_wconf 92' lang='lat' dir='ltr'><strong>ad</strong></span> <span class='ocrx_word' id='word_1_42' title='bbox 1322 497 1370 559; x_wconf 88' lang='lat' dir='ltr'><strong>te;</strong></span> <span class='ocrx_word' id='word_1_43' title='bbox 1387 498 1416 547; x_wconf 87' lang='lat' dir='ltr'><strong>ct</strong></span> <span class='ocrx_word' id='word_1_44' title='bbox 1439 493 1599 548; x_wconf 90' lang='lat' dir='ltr'><strong>nesciebam</strong></span> <span class='ocrx_word' id='word_1_45' title='bbox 1624 497 1693 567; x_wconf 92' lang='lat' dir='ltr'><strong>qaid</strong></span> 
     </span>
     <span class='ocr_line' id='line_1_9' title="bbox 842 578 1695 652; baseline 0.008 -21"><span class='ocrx_word' id='word_1_46' title='bbox 842 593 944 647; x_wconf 89' lang='lat' dir='ltr'><strong>ageres</strong></span> <span class='ocrx_word' id='word_1_47' title='bbox 959 579 1091 632; x_wconf 89' lang='lat' dir='ltr'><strong>mecam!</strong></span> <span class='ocrx_word' id='word_1_48' title='bbox 1110 578 1194 641; x_wconf 78' lang='lat' dir='ltr'><strong>hpad</strong></span> <span class='ocrx_word' id='word_1_49' title='bbox 1215 584 1246 652; x_wconf 54' lang='lat' dir='ltr'><strong>tc⁸</strong></span> <span class='ocrx_word' id='word_1_50' title='bbox 1259 583 1301 633; x_wconf 89' lang='lat' dir='ltr'><strong>est</strong></span> <span class='ocrx_word' id='word_1_51' title='bbox 1330 580 1408 634; x_wconf 89' lang='lat' dir='ltr'><strong>enim</strong></span> <span class='ocrx_word' id='word_1_52' title='bbox 1433 582 1583 652; x_wconf 76' lang='lat' dir='ltr'>sapientia.</span> <span class='ocrx_word' id='word_1_53' title='bbox 1608 587 1695 638; x_wconf 86' lang='lat' dir='ltr'><strong>hmor</strong></span> 
     </span>
     <span class='ocr_line' id='line_1_10' title="bbox 840 667 1693 744; baseline 0.011 -25"><span class='ocrx_word' id='word_1_54' title='bbox 840 670 936 720; x_wconf 89' lang='lat' dir='ltr'><strong>autem</strong></span> <span class='ocrx_word' id='word_1_55' title='bbox 953 667 1102 737; x_wconf 79' lang='lat' dir='ltr'><strong>sapientia</strong></span> <span class='ocrx_word' id='word_1_56' title='bbox 1113 683 1219 722; x_wconf 87' lang='lat' dir='ltr'><strong>nomen</strong></span> <span class='ocrx_word' id='word_1_57' title='bbox 1233 684 1359 738; x_wconf 75' lang='lat' dir='ltr'><strong>gracum</strong></span> <span class='ocrx_word' id='word_1_58' title='bbox 1373 671 1459 724; x_wconf 90' lang='lat' dir='ltr'><strong>habet</strong></span> <span class='ocrx_word' id='word_1_59' title='bbox 1472 678 1623 742; x_wconf 62' lang='grc' dir='ltr'>φιλοσοφίαν,</span> <span class='ocrx_word' id='word_1_60' title='bbox 1636 691 1693 744; x_wconf 93' lang='lat' dir='ltr'><strong>qao</strong></span> 
     </span>
     <span class='ocr_line' id='line_1_11' title="bbox 840 755 1695 833; baseline 0.009 -25"><span class='ocrx_word' id='word_1_61' title='bbox 840 769 887 808; x_wconf 91' lang='lat' dir='ltr'><strong>me</strong></span> <span class='ocrx_word' id='word_1_62' title='bbox 902 755 1097 810; x_wconf 80' lang='lat' dir='ltr'><strong>accendebant</strong></span> <span class='ocrx_word' id='word_1_63' title='bbox 1120 756 1177 810; x_wconf 79' lang='lat' dir='ltr'><strong>iaae</strong></span> <span class='ocrx_word' id='word_1_64' title='bbox 1201 756 1313 812; x_wconf 76' lang='lat' dir='ltr'><strong>litterae.</strong></span> <span class='ocrx_word' id='word_1_65' title='bbox 1337 758 1410 812; x_wconf 89' lang='lat' dir='ltr'><strong>Sant</strong></span> <span class='ocrx_word' id='word_1_66' title='bbox 1430 760 1479 830; x_wconf 91' lang='lat' dir='ltr'><strong>qui</strong></span> <span class='ocrx_word' id='word_1_67' title='bbox 1495 761 1631 816; x_wconf 85' lang='lat' dir='ltr'><strong>seducant</strong></span> <span class='ocrx_word' id='word_1_68' title='bbox 1644 779 1695 833; x_wconf 89' lang='lat' dir='ltr'><strong>per</strong></span> 
     </span>
    </p>
   </div>
   <div class='ocr_carea' id='block_1_4' title="bbox 71 838 1694 915">
    <p class='ocr_par' dir='ltr' id='par_1_4' title="bbox 71 838 1694 915">
     <span class='ocr_line' id='line_1_12' title="bbox 71 838 1694 915; baseline 0.007 -22"><span class='ocrx_word' id='word_1_69' title='bbox 71 844 91 893; x_wconf 73' lang='lat' dir='ltr'><strong>et</strong></span> <span class='ocrx_word' id='word_1_70' title='bbox 103 856 148 893; x_wconf 89' lang='lat' dir='ltr'><strong>me</strong></span> <span class='ocrx_word' id='word_1_71' title='bbox 163 839 199 893; x_wconf 88' lang='lat' dir='ltr'><strong>ad</strong></span> <span class='ocrx_word' id='word_1_72' title='bbox 215 838 272 892; x_wconf 88' lang='lat' dir='ltr'><strong>ima</strong></span> <span class='ocrx_word' id='word_1_73' title='bbox 292 839 391 906; x_wconf 88' lang='lat' dir='ltr'><strong>infida,</strong></span> <span class='ocrx_word' id='word_1_74' title='bbox 403 844 432 894; x_wconf 88' lang='lat' dir='ltr'><strong>et</strong></span> <span class='ocrx_word' id='word_1_75' title='bbox 443 840 680 896; x_wconf 85' lang='lat' dir='ltr'><strong>circumventoria</strong></span> <span class='ocrx_word' id='word_1_76' title='bbox 700 843 786 897; x_wconf 90' lang='lat' dir='ltr'><strong>obse·</strong></span> <span class='ocrx_word' id='word_1_77' title='bbox 824 843 1064 915; x_wconf 74' lang='lat' dir='ltr'><strong>‘philosophiam</strong></span> <span class='ocrx_word' id='word_1_78' title='bbox 1085 860 1192 915; x_wconf 88' lang='lat' dir='ltr'><strong>magno</strong></span> <span class='ocrx_word' id='word_1_79' title='bbox 1212 849 1240 898; x_wconf 89' lang='lat' dir='ltr'><strong>et</strong></span> <span class='ocrx_word' id='word_1_80' title='bbox 1259 845 1365 901; x_wconf 90' lang='lat' dir='ltr'><strong>blando</strong></span> <span class='ocrx_word' id='word_1_81' title='bbox 1393 851 1421 902; x_wconf 91' lang='lat' dir='ltr'><strong>ot</strong></span> <span class='ocrx_word' id='word_1_82' title='bbox 1442 848 1563 903; x_wconf 89' lang='lat' dir='ltr'><strong>honesto</strong></span> <span class='ocrx_word' id='word_1_83' title='bbox 1577 850 1694 905; x_wconf 90' lang='lat' dir='ltr'><strong>nomiae</strong></span> 
     </span>
    </p>
   </div>
   <div class='ocr_carea' id='block_1_5' title="bbox 70 927 831 5429">
    <p class='ocr_par' dir='ltr' id='par_1_5' title="bbox 70 927 831 5429">
     <span class='ocr_line' id='line_1_13' title="bbox 71 927 786 999; baseline 0.004 -17"><span class='ocrx_word' id='word_1_84' title='bbox 71 928 255 994; x_wconf 76' lang='lat' dir='ltr'><strong>tmoaioram,</strong></span> <span class='ocrx_word' id='word_1_85' title='bbox 282 927 386 999; x_wconf 91' lang='lat' dir='ltr'><strong>quibas</strong></span> <span class='ocrx_word' id='word_1_86' title='bbox 417 928 603 984; x_wconf 80' lang='lat' dir='ltr'><strong>immolabam</strong></span> <span class='ocrx_word' id='word_1_87' title='bbox 627 930 702 984; x_wconf 89' lang='lat' dir='ltr'><strong>faeta</strong></span> <span class='ocrx_word' id='word_1_88' title='bbox 722 947 786 985; x_wconf 88' lang='lat' dir='ltr'><strong>mea</strong></span> 
     </span>
     <span class='ocr_line' id='line_1_14' title="bbox 74 1016 785 1087; baseline 0.003 -16"><span class='ocrx_word' id='word_1_89' title='bbox 74 1017 103 1072; x_wconf 91' lang='lat' dir='ltr'><strong>in</strong></span> <span class='ocrx_word' id='word_1_90' title='bbox 116 1017 250 1072; x_wconf 89' lang='lat' dir='ltr'><strong>omnibus</strong></span> <span class='ocrx_word' id='word_1_91' title='bbox 262 1016 426 1087; x_wconf 83' lang='lat' dir='ltr'><strong>flagellabas</strong></span> <span class='ocrx_word' id='word_1_92' title='bbox 439 1024 499 1073; x_wconf 88' lang='lat' dir='ltr'><strong>me!</strong></span> <span class='ocrx_word' id='word_1_93' title='bbox 516 1021 608 1072; x_wconf 81' lang='lat' dir='ltr'>Ausus</span> <span class='ocrx_word' id='word_1_94' title='bbox 619 1036 682 1074; x_wconf 88' lang='lat' dir='ltr'><strong>snm</strong></span> <span class='ocrx_word' id='word_1_95' title='bbox 699 1019 785 1075; x_wconf 88' lang='lat' dir='ltr'><strong>etiam</strong></span> 
     </span>
     <span class='ocr_line' id='line_1_15' title="bbox 71 1106 783 1179; baseline 0.004 -19"><span class='ocrx_word' id='word_1_96' title='bbox 71 1106 150 1160; x_wconf 86' lang='lat' dir='ltr'><strong>ritate</strong></span> <span class='ocrx_word' id='word_1_97' title='bbox 170 1106 383 1159; x_wconf 80' lang='lat' dir='ltr'><strong>solemnitatum</strong></span> <span class='ocrx_word' id='word_1_98' title='bbox 412 1110 537 1173; x_wconf 90' lang='lat' dir='ltr'><strong>tuarum,</strong></span> <span class='ocrx_word' id='word_1_99' title='bbox 561 1107 637 1161; x_wconf 90' lang='lat' dir='ltr'><strong>intra</strong></span> <span class='ocrx_word' id='word_1_100' title='bbox 656 1109 783 1179; x_wconf 88' lang='lat' dir='ltr'><strong>parietes</strong></span> 
     </span>
     <span class='ocr_line' id='line_1_16' title="bbox 80 1194 785 1267; baseline 0.004 -19"><span class='ocrx_word' id='word_1_101' title='bbox 80 1199 137 1248; x_wconf 76' lang='lat' dir='ltr'><strong>tare</strong></span> <span class='ocrx_word' id='word_1_102' title='bbox 150 1194 350 1264; x_wconf 88' lang='lat' dir='ltr'><strong>concupiscere</strong></span> <span class='ocrx_word' id='word_1_103' title='bbox 367 1198 395 1248; x_wconf 87' lang='lat' dir='ltr'><strong>et</strong></span> <span class='ocrx_word' id='word_1_104' title='bbox 410 1209 494 1265; x_wconf 87' lang='lat' dir='ltr'><strong>agere</strong></span> <span class='ocrx_word' id='word_1_105' title='bbox 513 1196 662 1266; x_wconf 88' lang='lat' dir='ltr'><strong>negotium</strong></span> <span class='ocrx_word' id='word_1_106' title='bbox 679 1213 785 1267; x_wconf 89' lang='lat' dir='ltr'><strong>proca-</strong></span> 
     </span>
     <span class='ocr_line' id='line_1_17' title="bbox 71 1282 785 1355; baseline 0 -18"><span class='ocrx_word' id='word_1_107' title='bbox 71 1288 148 1337; x_wconf 90' lang='lat' dir='ltr'><strong>actus</strong></span> <span class='ocrx_word' id='word_1_108' title='bbox 170 1282 288 1336; x_wconf 89' lang='lat' dir='ltr'><strong>mortis:</strong></span> <span class='ocrx_word' id='word_1_109' title='bbox 308 1282 386 1337; x_wconf 90' lang='lat' dir='ltr'><strong>ande</strong></span> <span class='ocrx_word' id='word_1_110' title='bbox 406 1298 452 1337; x_wconf 90' lang='lat' dir='ltr'><strong>me</strong></span> <span class='ocrx_word' id='word_1_111' title='bbox 472 1283 628 1338; x_wconf 81' lang='lat' dir='ltr'><strong>verberasti</strong></span> <span class='ocrx_word' id='word_1_112' title='bbox 652 1284 785 1355; x_wconf 89' lang='lat' dir='ltr'><strong>gravibus</strong></span> 
     </span>
     <span class='ocr_line' id='line_1_18' title="bbox 71 1371 785 1443; baseline 0.001 -17"><span class='ocrx_word' id='word_1_113' title='bbox 71 1372 103 1428; x_wconf 87' lang='lat' dir='ltr'><strong>ed</strong></span> <span class='ocrx_word' id='word_1_114' title='bbox 121 1371 192 1425; x_wconf 89' lang='lat' dir='ltr'><strong>nihii</strong></span> <span class='ocrx_word' id='word_1_115' title='bbox 209 1372 243 1426; x_wconf 90' lang='lat' dir='ltr'><strong>ad</strong></span> <span class='ocrx_word' id='word_1_116' title='bbox 259 1372 373 1442; x_wconf 90' lang='lat' dir='ltr'><strong>eulpam</strong></span> <span class='ocrx_word' id='word_1_117' title='bbox 394 1388 499 1435; x_wconf 85' lang='lat' dir='ltr'><strong>meam,</strong></span> <span class='ocrx_word' id='word_1_118' title='bbox 519 1389 535 1427; x_wconf 97' lang='lat' dir='ltr'><strong>o</strong></span> <span class='ocrx_word' id='word_1_119' title='bbox 559 1377 591 1427; x_wconf 93' lang='lat' dir='ltr'><strong>ta</strong></span> <span class='ocrx_word' id='word_1_120' title='bbox 605 1373 785 1443; x_wconf 71' lang='lat' dir='ltr'><strong>praegrandis</strong></span> 
     </span>
     <span class='ocr_line' id='line_1_19' title="bbox 70 1460 785 1532; baseline 0.001 -17"><span class='ocrx_word' id='word_1_121' title='bbox 70 1460 130 1517; x_wconf 82' lang='lat' dir='ltr'><strong>odia</strong></span> <span class='ocrx_word' id='word_1_122' title='bbox 144 1477 218 1525; x_wconf 86' lang='lat' dir='ltr'><strong>mea,</strong></span> <span class='ocrx_word' id='word_1_123' title='bbox 236 1462 310 1515; x_wconf 88' lang='lat' dir='ltr'><strong>Dens</strong></span> <span class='ocrx_word' id='word_1_124' title='bbox 325 1476 416 1526; x_wconf 90' lang='lat' dir='ltr'><strong>meas,</strong></span> <span class='ocrx_word' id='word_1_125' title='bbox 427 1461 571 1532; x_wconf 89' lang='lat' dir='ltr'><strong>refugiam</strong></span> <span class='ocrx_word' id='word_1_126' title='bbox 583 1478 681 1516; x_wconf 91' lang='lat' dir='ltr'><strong>meam</strong></span> <span class='ocrx_word' id='word_1_127' title='bbox 695 1478 712 1516; x_wconf 90' lang='lat' dir='ltr'><strong>a</strong></span> <span class='ocrx_word' id='word_1_128' title='bbox 724 1465 785 1516; x_wconf 90' lang='lat' dir='ltr'><strong>ter-</strong></span> 
     </span>
     <span class='ocr_line' id='line_1_20' title="bbox 85 1550 784 1621; baseline 0.001 -17"><span class='ocrx_word' id='word_1_129' title='bbox 85 1550 265 1616; x_wconf 82' lang='lat' dir='ltr'><strong>nocentibus,</strong></span> <span class='ocrx_word' id='word_1_130' title='bbox 288 1551 317 1604; x_wconf 92' lang='lat' dir='ltr'><strong>in</strong></span> <span class='ocrx_word' id='word_1_131' title='bbox 339 1550 444 1621; x_wconf 90' lang='lat' dir='ltr'><strong>quibas</strong></span> <span class='ocrx_word' id='word_1_132' title='bbox 463 1556 582 1621; x_wconf 88' lang='lat' dir='ltr'><strong>vagatus</strong></span> <span class='ocrx_word' id='word_1_133' title='bbox 603 1566 667 1604; x_wconf 90' lang='lat' dir='ltr'><strong>sum</strong></span> <span class='ocrx_word' id='word_1_134' title='bbox 688 1551 784 1621; x_wconf 88' lang='lat' dir='ltr'><strong>praeli·</strong></span> 
     </span>
     <span class='ocr_line' id='line_1_21' title="bbox 71 1639 786 1710; baseline -0.004 -17"><span class='ocrx_word' id='word_1_135' title='bbox 71 1639 119 1706; x_wconf 93' lang='lat' dir='ltr'><strong>llo,</strong></span> <span class='ocrx_word' id='word_1_136' title='bbox 139 1639 175 1692; x_wconf 91' lang='lat' dir='ltr'><strong>ad</strong></span> <span class='ocrx_word' id='word_1_137' title='bbox 198 1639 284 1710; x_wconf 89' lang='lat' dir='ltr'><strong>longe</strong></span> <span class='ocrx_word' id='word_1_138' title='bbox 305 1639 496 1693; x_wconf 86' lang='lat' dir='ltr'><strong>recedendum</strong></span> <span class='ocrx_word' id='word_1_139' title='bbox 516 1655 533 1692; x_wconf 89' lang='lat' dir='ltr'><strong>a</strong></span> <span class='ocrx_word' id='word_1_140' title='bbox 554 1644 590 1704; x_wconf 91' lang='lat' dir='ltr'><strong>le,</strong></span> <span class='ocrx_word' id='word_1_141' title='bbox 612 1655 711 1694; x_wconf 88' lang='lat' dir='ltr'><strong>amans</strong></span> <span class='ocrx_word' id='word_1_142' title='bbox 727 1639 786 1693; x_wconf 89' lang='lat' dir='ltr'><strong>vias</strong></span> 
     </span>
     <span class='ocr_line' id='line_1_22' title="bbox 72 1727 677 1798; baseline 0.002 -17"><span class='ocrx_word' id='word_1_143' title='bbox 72 1743 130 1781; x_wconf 92' lang='lat' dir='ltr'><strong>noa</strong></span> <span class='ocrx_word' id='word_1_144' title='bbox 144 1732 217 1793; x_wconf 88' lang='lat' dir='ltr'><strong>tuas,</strong></span> <span class='ocrx_word' id='word_1_145' title='bbox 230 1743 329 1781; x_wconf 89' lang='lat' dir='ltr'><strong>amans</strong></span> <span class='ocrx_word' id='word_1_146' title='bbox 344 1727 492 1798; x_wconf 87' lang='lat' dir='ltr'><strong>fugitivam</strong></span> <span class='ocrx_word' id='word_1_147' title='bbox 506 1728 677 1782; x_wconf 89' lang='lat' dir='ltr'><strong>libertatem.</strong></span> 
     </span>
     <span class='ocr_line' id='line_1_23' title="bbox 71 1816 781 1886; baseline -0.001 -15"><span class='ocrx_word' id='word_1_148' title='bbox 71 1817 202 1871; x_wconf 80' lang='lat' dir='ltr'><strong>aebantet</strong></span> <span class='ocrx_word' id='word_1_149' title='bbox 219 1816 368 1870; x_wconf 88' lang='lat' dir='ltr'><strong>illastadia</strong></span> <span class='ocrx_word' id='word_1_150' title='bbox 383 1832 446 1886; x_wconf 89' lang='lat' dir='ltr'><strong>qaae</strong></span> <span class='ocrx_word' id='word_1_151' title='bbox 462 1817 580 1871; x_wconf 87' lang='lat' dir='ltr'><strong>honesta</strong></span> <span class='ocrx_word' id='word_1_152' title='bbox 597 1817 781 1880; x_wconf 88' lang='lat' dir='ltr'><strong>vocabantur,</strong></span> 
     </span>
     <span class='ocr_line' id='line_1_24' title="bbox 71 1904 785 1975; baseline 0 -17"><span class='ocrx_word' id='word_1_153' title='bbox 71 1921 150 1959; x_wconf 89' lang='lat' dir='ltr'><strong>suam</strong></span> <span class='ocrx_word' id='word_1_154' title='bbox 173 1905 332 1959; x_wconf 88' lang='lat' dir='ltr'><strong>intuentem</strong></span> <span class='ocrx_word' id='word_1_155' title='bbox 347 1905 408 1958; x_wconf 90' lang='lat' dir='ltr'><strong>fora</strong></span> <span class='ocrx_word' id='word_1_156' title='bbox 422 1904 557 1975; x_wconf 87' lang='lat' dir='ltr'><strong>litigiosa,</strong></span> <span class='ocrx_word' id='word_1_157' title='bbox 573 1910 604 1958; x_wconf 95' lang='lat' dir='ltr'><strong>at</strong></span> <span class='ocrx_word' id='word_1_158' title='bbox 619 1905 785 1960; x_wconf 83' lang='lat' dir='ltr'><strong>excellerem</strong></span> 
     </span>
     <span class='ocr_line' id='line_1_25' title="bbox 71 1993 787 2065; baseline 0 -17"><span class='ocrx_word' id='word_1_159' title='bbox 71 2009 104 2048; x_wconf 89' lang='lat' dir='ltr'><strong>oo</strong></span> <span class='ocrx_word' id='word_1_160' title='bbox 118 1993 297 2059; x_wconf 89' lang='lat' dir='ltr'><strong>laudabilior,</strong></span> <span class='ocrx_word' id='word_1_161' title='bbox 314 2010 371 2065; x_wconf 92' lang='lat' dir='ltr'><strong>qao</strong></span> <span class='ocrx_word' id='word_1_162' title='bbox 395 1993 613 2049; x_wconf 83' lang='lat' dir='ltr'><strong>fraudulentior.</strong></span> <span class='ocrx_word' id='word_1_163' title='bbox 633 1995 723 2048; x_wconf 88' lang='lat' dir='ltr'><strong>Tanta</strong></span> <span class='ocrx_word' id='word_1_164' title='bbox 745 1998 787 2048; x_wconf 89' lang='lat' dir='ltr'><strong>est</strong></span> 
     </span>
     <span class='ocr_line' id='line_1_26' title="bbox 71 2082 787 2153; baseline 0 -17"><span class='ocrx_word' id='word_1_165' title='bbox 71 2083 213 2137; x_wconf 80' lang='lat' dir='ltr'><strong>lominum</strong></span> <span class='ocrx_word' id='word_1_166' title='bbox 233 2082 267 2136; x_wconf 88' lang='lat' dir='ltr'><strong>de</strong></span> <span class='ocrx_word' id='word_1_167' title='bbox 283 2083 408 2137; x_wconf 73' lang='lat' dir='ltr'><strong>cecitate</strong></span> <span class='ocrx_word' id='word_1_168' title='bbox 429 2083 515 2137; x_wconf 88' lang='lat' dir='ltr'><strong>etiam</strong></span> <span class='ocrx_word' id='word_1_169' title='bbox 533 2082 730 2153; x_wconf 75' lang='lat' dir='ltr'><strong>gloriantium.</strong></span> <span class='ocrx_word' id='word_1_170' title='bbox 754 2083 787 2136; x_wconf 70' lang='lat' dir='ltr'><strong>lit</strong></span> 
     </span>
     <span class='ocr_line' id='line_1_27' title="bbox 72 2170 785 2241; baseline -0.004 -15"><span class='ocrx_word' id='word_1_171' title='bbox 72 2186 100 2226; x_wconf 91' lang='lat' dir='ltr'><strong>m</strong></span> <span class='ocrx_word' id='word_1_172' title='bbox 115 2187 195 2225; x_wconf 89' lang='lat' dir='ltr'><strong>eram</strong></span> <span class='ocrx_word' id='word_1_173' title='bbox 209 2170 239 2223; x_wconf 92' lang='lat' dir='ltr'><strong>in</strong></span> <span class='ocrx_word' id='word_1_174' title='bbox 255 2170 350 2225; x_wconf 89' lang='lat' dir='ltr'><strong>schola</strong></span> <span class='ocrx_word' id='word_1_175' title='bbox 364 2171 504 2234; x_wconf 88' lang='lat' dir='ltr'><strong>rhetoris;</strong></span> <span class='ocrx_word' id='word_1_176' title='bbox 521 2176 549 2224; x_wconf 87' lang='lat' dir='ltr'><strong>et</strong></span> <span class='ocrx_word' id='word_1_177' title='bbox 564 2170 724 2241; x_wconf 84' lang='lat' dir='ltr'><strong>gaudebam</strong></span> <span class='ocrx_word' id='word_1_178' title='bbox 739 2185 785 2223; x_wconf 90' lang='lat' dir='ltr'><strong>su-</strong></span> 
     </span>
     <span class='ocr_line' id='line_1_28' title="bbox 71 2257 785 2329; baseline -0.006 -16"><span class='ocrx_word' id='word_1_179' title='bbox 71 2259 236 2314; x_wconf 88' lang='lat' dir='ltr'><strong>ltamebam</strong></span> <span class='ocrx_word' id='word_1_180' title='bbox 247 2259 335 2329; x_wconf 80' lang='lat' dir='ltr'><strong>typho</strong></span> <span class='ocrx_word' id='word_1_181' title='bbox 348 2275 354 2325; x_wconf 96' lang='lat'>;</span> <span class='ocrx_word' id='word_1_182' title='bbox 372 2274 537 2329; x_wconf 87' lang='lat' dir='ltr'><strong>quanquam</strong></span> <span class='ocrx_word' id='word_1_183' title='bbox 553 2259 638 2328; x_wconf 87' lang='lat' dir='ltr'><strong>longe</strong></span> <span class='ocrx_word' id='word_1_184' title='bbox 652 2257 785 2322; x_wconf 85' lang='lat' dir='ltr'><strong>sedatior,</strong></span> 
     </span>
     <span class='ocr_line' id='line_1_29' title="bbox 83 2338 786 2411; baseline -0.006 -10"><span class='ocrx_word' id='word_1_185' title='bbox 83 2347 190 2411; x_wconf 89' lang='lat' dir='ltr'><strong>tuscis,</strong></span> <span class='ocrx_word' id='word_1_186' title='bbox 209 2351 237 2400; x_wconf 90' lang='lat' dir='ltr'><strong>et</strong></span> <span class='ocrx_word' id='word_1_187' title='bbox 254 2350 381 2401; x_wconf 87' lang='lat' dir='ltr'><strong>remotas</strong></span> <span class='ocrx_word' id='word_1_188' title='bbox 400 2347 518 2400; x_wconf 90' lang='lat' dir='ltr'><strong>omuino</strong></span> <span class='ocrx_word' id='word_1_189' title='bbox 538 2346 573 2400; x_wconf 88' lang='lat' dir='ltr'><strong>ab</strong></span> <span class='ocrx_word' id='word_1_190' title='bbox 593 2338 786 2400; x_wconf 78' lang='lat' dir='ltr'><strong>eversionibus</strong></span> 
     </span>
     <span class='ocr_line' id='line_1_30' title="bbox 71 2434 785 2505; baseline -0.001 -16"><span class='ocrx_word' id='word_1_191' title='bbox 71 2434 176 2490; x_wconf 86' lang='lat' dir='ltr'><strong>:iebant</strong></span> <span class='ocrx_word' id='word_1_192' title='bbox 208 2437 357 2489; x_wconf 85' lang='lat' dir='ltr'><strong>Eversorcs</strong></span> <span class='ocrx_word' id='word_1_193' title='bbox 376 2435 439 2505; x_wconf 76' lang='lat' dir='ltr'><strong>(hoc</strong></span> <span class='ocrx_word' id='word_1_194' title='bbox 475 2435 553 2489; x_wconf 91' lang='lat' dir='ltr'><strong>enim</strong></span> <span class='ocrx_word' id='word_1_195' title='bbox 581 2450 686 2489; x_wconf 89' lang='lat' dir='ltr'><strong>nomen</strong></span> <span class='ocrx_word' id='word_1_196' title='bbox 718 2450 785 2488; x_wconf 83' lang='lat' dir='ltr'><strong>sca-</strong></span> 
     </span>
     <span class='ocr_line' id='line_1_31' title="bbox 93 2522 785 2594; baseline -0.003 -16"><span class='ocrx_word' id='word_1_197' title='bbox 93 2523 278 2588; x_wconf 89' lang='lat' dir='ltr'><strong>diabolieam,</strong></span> <span class='ocrx_word' id='word_1_198' title='bbox 293 2524 371 2577; x_wconf 91' lang='lat' dir='ltr'><strong>velat</strong></span> <span class='ocrx_word' id='word_1_199' title='bbox 388 2523 502 2593; x_wconf 91' lang='lat' dir='ltr'><strong>insigne</strong></span> <span class='ocrx_word' id='word_1_200' title='bbox 517 2522 687 2578; x_wconf 87' lang='lat' dir='ltr'><strong>urbanitatis</strong></span> <span class='ocrx_word' id='word_1_201' title='bbox 702 2529 744 2577; x_wconf 89' lang='lat' dir='ltr'><strong>est</strong></span> <span class='ocrx_word' id='word_1_202' title='bbox 758 2523 785 2594; x_wconf 88' lang='lat'><strong>),</strong></span> 
     </span>
     <span class='ocr_line' id='line_1_32' title="bbox 71 2610 788 2683; baseline -0.004 -15"><span class='ocrx_word' id='word_1_203' title='bbox 71 2629 99 2668; x_wconf 89' lang='lat' dir='ltr'><strong>os</strong></span> <span class='ocrx_word' id='word_1_204' title='bbox 113 2612 242 2666; x_wconf 78' lang='lat' dir='ltr'><strong>viveliam</strong></span> <span class='ocrx_word' id='word_1_205' title='bbox 257 2612 368 2682; x_wconf 89' lang='lat' dir='ltr'><strong>pudore</strong></span> <span class='ocrx_word' id='word_1_206' title='bbox 383 2611 555 2681; x_wconf 86' lang='lat' dir='ltr'><strong>impudenti,</strong></span> <span class='ocrx_word' id='word_1_207' title='bbox 572 2612 639 2683; x_wconf 85' lang='lat' dir='ltr'><strong>qaia</strong></span> <span class='ocrx_word' id='word_1_208' title='bbox 655 2610 720 2665; x_wconf 88' lang='lat' dir='ltr'><strong>talis</strong></span> <span class='ocrx_word' id='word_1_209' title='bbox 730 2627 788 2665; x_wconf 93' lang='lat' dir='ltr'><strong>noa</strong></span> 
     </span>
     <span class='ocr_line' id='line_1_33' title="bbox 71 2699 786 2764; baseline 0.001 -12"><span class='ocrx_word' id='word_1_210' title='bbox 71 2705 88 2755; x_wconf 77' lang='lat' dir='ltr'><strong>:t</strong></span> <span class='ocrx_word' id='word_1_211' title='bbox 108 2716 172 2754; x_wconf 90' lang='lat' dir='ltr'><strong>cam</strong></span> <span class='ocrx_word' id='word_1_212' title='bbox 190 2701 230 2754; x_wconf 93' lang='lat' dir='ltr'><strong>eis</strong></span> <span class='ocrx_word' id='word_1_213' title='bbox 247 2716 336 2764; x_wconf 89' lang='lat' dir='ltr'><strong>eram,</strong></span> <span class='ocrx_word' id='word_1_214' title='bbox 353 2705 380 2754; x_wconf 93' lang='lat' dir='ltr'><strong>et</strong></span> <span class='ocrx_word' id='word_1_215' title='bbox 400 2699 531 2754; x_wconf 86' lang='lat' dir='ltr'><strong>amicitas</strong></span> <span class='ocrx_word' id='word_1_216' title='bbox 547 2715 648 2754; x_wconf 90' lang='lat' dir='ltr'><strong>eoram</strong></span> <span class='ocrx_word' id='word_1_217' title='bbox 664 2699 786 2754; x_wconf 89' lang='lat' dir='ltr'><strong>delecta·</strong></span> 
     </span>
     <span class='ocr_line' id='line_1_34' title="bbox 71 2787 786 2860; baseline -0.003 -16"><span class='ocrx_word' id='word_1_218' title='bbox 71 2789 172 2856; x_wconf 84' lang='lat' dir='ltr'><strong>aenda,</strong></span> <span class='ocrx_word' id='word_1_219' title='bbox 189 2807 205 2843; x_wconf 94' lang='lat' dir='ltr'><strong>a</strong></span> <span class='ocrx_word' id='word_1_220' title='bbox 224 2806 348 2860; x_wconf 90' lang='lat' dir='ltr'><strong>quorum</strong></span> <span class='ocrx_word' id='word_1_221' title='bbox 362 2804 474 2858; x_wconf 87' lang='lat' dir='ltr'><strong>semper</strong></span> <span class='ocrx_word' id='word_1_222' title='bbox 487 2788 569 2843; x_wconf 87' lang='lat' dir='ltr'><strong>factis</strong></span> <span class='ocrx_word' id='word_1_223' title='bbox 583 2787 786 2854; x_wconf 79' lang='lat' dir='ltr'><strong>abhorrebam,</strong></span> 
     </span>
     <span class='ocr_line' id='line_1_35' title="bbox 80 2876 786 2948; baseline -0.006 -16"><span class='ocrx_word' id='word_1_224' title='bbox 80 2879 115 2933; x_wconf 87' lang='lat' dir='ltr'><strong>ab</strong></span> <span class='ocrx_word' id='word_1_225' title='bbox 150 2879 354 2945; x_wconf 80' lang='lat' dir='ltr'><strong>eversionibus,</strong></span> <span class='ocrx_word' id='word_1_226' title='bbox 382 2877 486 2948; x_wconf 89' lang='lat' dir='ltr'><strong>quibas</strong></span> <span class='ocrx_word' id='word_1_227' title='bbox 510 2880 640 2947; x_wconf 85' lang='lat' dir='ltr'><strong>proterve</strong></span> <span class='ocrx_word' id='word_1_228' title='bbox 667 2876 786 2929; x_wconf 90' lang='lat' dir='ltr'><strong>insecta-</strong></span> 
     </span>
     <span class='ocr_line' id='line_1_36' title="bbox 71 2962 789 3036; baseline -0.007 -16"><span class='ocrx_word' id='word_1_229' title='bbox 71 2965 229 3036; x_wconf 89' lang='lat' dir='ltr'><strong>ignotoram</strong></span> <span class='ocrx_word' id='word_1_230' title='bbox 250 2966 439 3030; x_wconf 85' lang='lat' dir='ltr'><strong>verecudiam,</strong></span> <span class='ocrx_word' id='word_1_231' title='bbox 472 2981 558 3036; x_wconf 90' lang='lat' dir='ltr'><strong>qaam</strong></span> <span class='ocrx_word' id='word_1_232' title='bbox 588 2962 789 3034; x_wconf 86' lang='lat' dir='ltr'><strong>perturbarent</strong></span> 
     </span>
     <span class='ocr_line' id='line_1_37' title="bbox 71 3051 786 3125; baseline -0.006 -17"><span class='ocrx_word' id='word_1_233' title='bbox 71 3054 193 3110; x_wconf 88' lang='lat' dir='ltr'><strong>ludendo</strong></span> <span class='ocrx_word' id='word_1_234' title='bbox 206 3060 290 3125; x_wconf 88' lang='lat' dir='ltr'><strong>atque</strong></span> <span class='ocrx_word' id='word_1_235' title='bbox 307 3055 372 3108; x_wconf 89' lang='lat' dir='ltr'><strong>inde</strong></span> <span class='ocrx_word' id='word_1_236' title='bbox 389 3053 533 3124; x_wconf 88' lang='lat' dir='ltr'><strong>pascendo</strong></span> <span class='ocrx_word' id='word_1_237' title='bbox 548 3054 702 3106; x_wconf 84' lang='lat' dir='ltr'><strong>malevolas</strong></span> <span class='ocrx_word' id='word_1_238' title='bbox 716 3051 786 3105; x_wconf 79' lang='lat' dir='ltr'><strong>lali·</strong></span> 
     </span>
     <span class='ocr_line' id='line_1_38' title="bbox 74 3139 786 3197; baseline -0.003 -2"><span class='ocrx_word' id='word_1_239' title='bbox 74 3180 81 3195; x_wconf 89' lang='lat'><strong>.</strong></span> <span class='ocrx_word' id='word_1_240' title='bbox 109 3143 184 3196; x_wconf 74' lang='lat' dir='ltr'><strong>Nihil</strong></span> <span class='ocrx_word' id='word_1_241' title='bbox 200 3147 241 3195; x_wconf 89' lang='lat' dir='ltr'><strong>cst</strong></span> <span class='ocrx_word' id='word_1_242' title='bbox 256 3143 306 3196; x_wconf 93' lang='lat' dir='ltr'><strong>illo</strong></span> <span class='ocrx_word' id='word_1_243' title='bbox 327 3148 389 3197; x_wconf 89' lang='lat' dir='ltr'><strong>acta</strong></span> <span class='ocrx_word' id='word_1_244' title='bbox 412 3142 534 3195; x_wconf 91' lang='lat' dir='ltr'><strong>similias</strong></span> <span class='ocrx_word' id='word_1_245' title='bbox 549 3140 658 3195; x_wconf 91' lang='lat' dir='ltr'><strong>actibus</strong></span> <span class='ocrx_word' id='word_1_246' title='bbox 680 3139 786 3193; x_wconf 78' lang='lat' dir='ltr'><strong>damo-</strong></span> 
     </span>
     <span class='ocr_line' id='line_1_39' title="bbox 79 3229 786 3301; baseline -0.003 -18"><span class='ocrx_word' id='word_1_247' title='bbox 79 3229 150 3296; x_wconf 85' lang='lat' dir='ltr'><strong>Qaid</strong></span> <span class='ocrx_word' id='word_1_248' title='bbox 166 3230 263 3301; x_wconf 88' lang='lat' dir='ltr'><strong>itaque</strong></span> <span class='ocrx_word' id='word_1_249' title='bbox 281 3231 375 3284; x_wconf 86' lang='lat' dir='ltr'><strong>verius</strong></span> <span class='ocrx_word' id='word_1_250' title='bbox 390 3246 476 3301; x_wconf 88' lang='lat' dir='ltr'><strong>qaam</strong></span> <span class='ocrx_word' id='word_1_251' title='bbox 490 3245 633 3284; x_wconf 85' lang='lat' dir='ltr'><strong>eversores</strong></span> <span class='ocrx_word' id='word_1_252' title='bbox 653 3244 786 3282; x_wconf 89' lang='lat' dir='ltr'><strong>vocaren-</strong></span> 
     </span>
     <span class='ocr_line' id='line_1_40' title="bbox 74 3316 787 3389; baseline -0.004 -16"><span class='ocrx_word' id='word_1_253' title='bbox 74 3318 113 3373; x_wconf 89' lang='lat' dir='ltr'><strong>rsi</strong></span> <span class='ocrx_word' id='word_1_254' title='bbox 131 3319 215 3388; x_wconf 90' lang='lat' dir='ltr'><strong>plane</strong></span> <span class='ocrx_word' id='word_1_255' title='bbox 231 3318 309 3388; x_wconf 90' lang='lat' dir='ltr'><strong>prias</strong></span> <span class='ocrx_word' id='word_1_256' title='bbox 330 3318 384 3388; x_wconf 92' lang='lat' dir='ltr'><strong>ipsi</strong></span> <span class='ocrx_word' id='word_1_257' title='bbox 400 3323 485 3389; x_wconf 88' lang='lat' dir='ltr'><strong>atque</strong></span> <span class='ocrx_word' id='word_1_258' title='bbox 501 3316 637 3389; x_wconf 90' lang='lat' dir='ltr'><strong>perversi,</strong></span> <span class='ocrx_word' id='word_1_259' title='bbox 654 3316 787 3371; x_wconf 91' lang='lat' dir='ltr'><strong>deriden-</strong></span> 
     </span>
     <span class='ocr_line' id='line_1_41' title="bbox 71 3404 786 3476; baseline -0.007 -15"><span class='ocrx_word' id='word_1_260' title='bbox 71 3443 72 3454; x_wconf 51' lang='grc' dir='ltr'>ι</span> <span class='ocrx_word' id='word_1_261' title='bbox 87 3413 116 3461; x_wconf 87' lang='lat' dir='ltr'><strong>ct</strong></span> <span class='ocrx_word' id='word_1_262' title='bbox 127 3408 328 3461; x_wconf 86' lang='lat' dir='ltr'><strong>seducentibus</strong></span> <span class='ocrx_word' id='word_1_263' title='bbox 343 3407 492 3462; x_wconf 81' lang='lat' dir='ltr'><strong>fallacibus</strong></span> <span class='ocrx_word' id='word_1_264' title='bbox 507 3408 614 3460; x_wconf 90' lang='lat' dir='ltr'><strong>occulte</strong></span> <span class='ocrx_word' id='word_1_265' title='bbox 630 3404 786 3476; x_wconf 85' lang='lat' dir='ltr'><strong>spiritibus,</strong></span> 
     </span>
     <span class='ocr_line' id='line_1_42' title="bbox 71 3495 647 3568; baseline -0.003 -19"><span class='ocrx_word' id='word_1_266' title='bbox 71 3512 93 3551; x_wconf 85' lang='grc' dir='ltr'><strong>ιο</strong></span> <span class='ocrx_word' id='word_1_267' title='bbox 108 3513 164 3568; x_wconf 93' lang='lat' dir='ltr'><strong>qao</strong></span> <span class='ocrx_word' id='word_1_268' title='bbox 179 3495 248 3551; x_wconf 88' lang='lat' dir='ltr'><strong>alios</strong></span> <span class='ocrx_word' id='word_1_269' title='bbox 261 3496 379 3550; x_wconf 86' lang='lat' dir='ltr'><strong>irridere</strong></span> <span class='ocrx_word' id='word_1_270' title='bbox 392 3501 489 3551; x_wconf 91' lang='lat' dir='ltr'><strong>amant</strong></span> <span class='ocrx_word' id='word_1_271' title='bbox 498 3500 526 3550; x_wconf 91' lang='lat' dir='ltr'><strong>et</strong></span> <span class='ocrx_word' id='word_1_272' title='bbox 540 3495 647 3550; x_wconf 88' lang='lat' dir='ltr'><strong>fallere.</strong></span> 
     </span>
     <span class='ocr_line' id='line_1_43' title="bbox 280 3586 452 3640; baseline 0 -1"><span class='ocrx_word' id='word_1_273' title='bbox 280 3586 452 3640; x_wconf 75' lang='lat' dir='ltr'><strong>aeraria.</strong></span> 
     </span>
     <span class='ocr_line' id='line_1_44' title="bbox 71 3671 699 3730; baseline -0.005 -1"><span class='ocrx_word' id='word_1_274' title='bbox 71 3677 132 3730; x_wconf 74' lang='lat' dir='ltr'><strong>isias</strong></span> <span class='ocrx_word' id='word_1_275' title='bbox 145 3677 277 3730; x_wconf 76' lang='lat' dir='ltr'><strong>Cicereius</strong></span> <span class='ocrx_word' id='word_1_276' title='bbox 290 3677 422 3730; x_wconf 83' lang='lat' dir='ltr'><strong>recitavit</strong></span> <span class='ocrx_word' id='word_1_277' title='bbox 435 3674 512 3728; x_wconf 83' lang='lat' dir='ltr'><strong>illam</strong></span> <span class='ocrx_word' id='word_1_278' title='bbox 523 3673 560 3727; x_wconf 87' lang='lat' dir='ltr'><strong>ed</strong></span> <span class='ocrx_word' id='word_1_279' title='bbox 574 3671 699 3727; x_wconf 82' lang='lat' dir='ltr'><strong>ardorem</strong></span> 
     </span>
     <span class='ocr_line' id='line_1_45' title="bbox 257 3763 447 3831; baseline 0.016 -19"><span class='ocrx_word' id='word_1_280' title='bbox 257 3763 447 3831; x_wconf 73' lang='lat' dir='ltr'><strong>philosophia.</strong></span> 
     </span>
     <span class='ocr_line' id='line_1_46' title="bbox 71 3847 786 3920; baseline -0.003 -16"><span class='ocrx_word' id='word_1_281' title='bbox 71 3867 94 3905; x_wconf 79' lang='grc' dir='ltr'><strong>ιι</strong></span> <span class='ocrx_word' id='word_1_282' title='bbox 107 3851 159 3905; x_wconf 89' lang='lat' dir='ltr'><strong>hos</strong></span> <span class='ocrx_word' id='word_1_283' title='bbox 174 3867 235 3920; x_wconf 87' lang='lat' dir='ltr'><strong>ego,</strong></span> <span class='ocrx_word' id='word_1_284' title='bbox 256 3850 396 3904; x_wconf 88' lang='lat' dir='ltr'><strong>imbecilla</strong></span> <span class='ocrx_word' id='word_1_285' title='bbox 414 3855 481 3904; x_wconf 89' lang='lat' dir='ltr'><strong>lanc</strong></span> <span class='ocrx_word' id='word_1_286' title='bbox 495 3853 577 3904; x_wconf 71' lang='lat' dir='ltr'><strong>{etate</strong></span> <span class='ocrx_word' id='word_1_287' title='bbox 592 3848 736 3904; x_wconf 89' lang='lat' dir='ltr'><strong>discebam</strong></span> <span class='ocrx_word' id='word_1_288' title='bbox 751 3847 786 3902; x_wconf 93' lang='lat' dir='ltr'><strong>li·</strong></span> 
     </span>
     <span class='ocr_line' id='line_1_47' title="bbox 73 3937 788 4010; baseline -0.006 -16"><span class='ocrx_word' id='word_1_289' title='bbox 73 3939 207 4010; x_wconf 60' lang='lat' dir='ltr'><strong>quentiae,</strong></span> <span class='ocrx_word' id='word_1_290' title='bbox 224 3939 255 3992; x_wconf 92' lang='lat' dir='ltr'><strong>in</strong></span> <span class='ocrx_word' id='word_1_291' title='bbox 271 3956 327 4009; x_wconf 90' lang='lat' dir='ltr'><strong>qna</strong></span> <span class='ocrx_word' id='word_1_292' title='bbox 342 3938 468 3992; x_wconf 87' lang='lat' dir='ltr'><strong>eminere</strong></span> <span class='ocrx_word' id='word_1_293' title='bbox 491 3938 640 4008; x_wconf 87' lang='lat' dir='ltr'><strong>capiebam</strong></span> <span class='ocrx_word' id='word_1_294' title='bbox 662 3938 719 3991; x_wconf 91' lang='lat' dir='ltr'><strong>line</strong></span> <span class='ocrx_word' id='word_1_295' title='bbox 739 3937 788 3991; x_wconf 88' lang='lat' dir='ltr'><strong>da-</strong></span> 
     </span>
     <span class='ocr_line' id='line_1_48' title="bbox 80 4026 789 4097; baseline -0.004 -15"><span class='ocrx_word' id='word_1_296' title='bbox 80 4033 108 4082; x_wconf 86' lang='lat' dir='ltr'><strong>el</strong></span> <span class='ocrx_word' id='word_1_297' title='bbox 125 4033 242 4082; x_wconf 86' lang='lat' dir='ltr'><strong>ventoso</strong></span> <span class='ocrx_word' id='word_1_298' title='bbox 257 4044 308 4097; x_wconf 88' lang='lat' dir='ltr'><strong>per</strong></span> <span class='ocrx_word' id='word_1_299' title='bbox 327 4027 432 4097; x_wconf 87' lang='lat' dir='ltr'><strong>gaudia</strong></span> <span class='ocrx_word' id='word_1_300' title='bbox 447 4026 577 4080; x_wconf 83' lang='lat' dir='ltr'><strong>vanitatis</strong></span> <span class='ocrx_word' id='word_1_301' title='bbox 591 4026 740 4090; x_wconf 85' lang='lat' dir='ltr'><strong>hamanae;</strong></span> <span class='ocrx_word' id='word_1_302' title='bbox 762 4029 789 4079; x_wconf 90' lang='lat' dir='ltr'><strong>ot</strong></span> 
     </span>
     <span class='ocr_line' id='line_1_49' title="bbox 71 4113 788 4185; baseline -0.008 -15"><span class='ocrx_word' id='word_1_303' title='bbox 71 4116 124 4184; x_wconf 77' lang='lat' dir='ltr'><strong>jam</strong></span> <span class='ocrx_word' id='word_1_304' title='bbox 148 4115 274 4170; x_wconf 88' lang='lat' dir='ltr'><strong>discendi</strong></span> <span class='ocrx_word' id='word_1_305' title='bbox 303 4115 402 4169; x_wconf 89' lang='lat' dir='ltr'><strong>ordine</strong></span> <span class='ocrx_word' id='word_1_306' title='bbox 427 4130 615 4185; x_wconf 80' lang='lat' dir='ltr'><strong>perveneram</strong></span> <span class='ocrx_word' id='word_1_307' title='bbox 639 4113 788 4167; x_wconf 89' lang='lat' dir='ltr'><strong>inlibram</strong></span> 
     </span>
     <span class='ocr_line' id='line_1_50' title="bbox 71 4200 789 4274; baseline -0.007 -16"><span class='ocrx_word' id='word_1_308' title='bbox 71 4219 94 4258; x_wconf 85' lang='lat' dir='ltr'><strong>m</strong></span> <span class='ocrx_word' id='word_1_309' title='bbox 113 4203 268 4272; x_wconf 77' lang='lat' dir='ltr'><strong>Ciceronis,</strong></span> <span class='ocrx_word' id='word_1_310' title='bbox 284 4206 363 4274; x_wconf 89' lang='lat' dir='ltr'><strong>cajus</strong></span> <span class='ocrx_word' id='word_1_311' title='bbox 383 4204 512 4273; x_wconf 85' lang='lat' dir='ltr'><strong>linguam</strong></span> <span class='ocrx_word' id='word_1_312' title='bbox 533 4202 592 4257; x_wconf 88' lang='lat' dir='ltr'><strong>fera</strong></span> <span class='ocrx_word' id='word_1_313' title='bbox 621 4217 720 4255; x_wconf 89' lang='lat' dir='ltr'><strong>omnes</strong></span> <span class='ocrx_word' id='word_1_314' title='bbox 735 4200 789 4254; x_wconf 91' lang='lat' dir='ltr'><strong>mi-</strong></span> 
     </span>
     <span class='ocr_line' id='line_1_51' title="bbox 74 4289 791 4363; baseline -0.007 -16"><span class='ocrx_word' id='word_1_315' title='bbox 74 4298 174 4363; x_wconf 87' lang='lat' dir='ltr'><strong>pectus</strong></span> <span class='ocrx_word' id='word_1_316' title='bbox 191 4309 247 4346; x_wconf 91' lang='lat' dir='ltr'><strong>non</strong></span> <span class='ocrx_word' id='word_1_317' title='bbox 270 4293 318 4346; x_wconf 87' lang='lat' dir='ltr'><strong>ita.</strong></span> <span class='ocrx_word' id='word_1_318' title='bbox 344 4293 397 4347; x_wconf 88' lang='lat' dir='ltr'><strong>Sed</strong></span> <span class='ocrx_word' id='word_1_319' title='bbox 418 4293 490 4348; x_wconf 89' lang='lat' dir='ltr'><strong>liber</strong></span> <span class='ocrx_word' id='word_1_320' title='bbox 514 4292 562 4344; x_wconf 91' lang='lat' dir='ltr'><strong>ille</strong></span> <span class='ocrx_word' id='word_1_321' title='bbox 586 4290 676 4361; x_wconf 88' lang='lat' dir='ltr'><strong>ipsias</strong></span> <span class='ocrx_word' id='word_1_322' title='bbox 691 4289 791 4343; x_wconf 80' lang='lat' dir='ltr'><strong>exhor-</strong></span> 
     </span>
     <span class='ocr_line' id='line_1_52' title="bbox 71 4379 791 4451; baseline -0.007 -16"><span class='ocrx_word' id='word_1_323' title='bbox 71 4397 80 4435; x_wconf 88' lang='lat'>1</span> <span class='ocrx_word' id='word_1_324' title='bbox 103 4381 230 4436; x_wconf 84' lang='lat' dir='ltr'><strong>continet</strong></span> <span class='ocrx_word' id='word_1_325' title='bbox 244 4382 278 4436; x_wconf 90' lang='lat' dir='ltr'><strong>ad</strong></span> <span class='ocrx_word' id='word_1_326' title='bbox 299 4381 522 4451; x_wconf 86' lang='lat' dir='ltr'><strong>philosophiam,</strong></span> <span class='ocrx_word' id='word_1_327' title='bbox 544 4384 571 4433; x_wconf 88' lang='lat' dir='ltr'><strong>et</strong></span> <span class='ocrx_word' id='word_1_328' title='bbox 588 4382 705 4432; x_wconf 88' lang='lat' dir='ltr'><strong>vocatur</strong></span> <span class='ocrx_word' id='word_1_329' title='bbox 720 4379 791 4431; x_wconf 89' lang='lat' dir='ltr'><strong>llor-</strong></span> 
     </span>
     <span class='ocr_line' id='line_1_53' title="bbox 97 4467 790 4544; baseline -0.01 -19"><span class='ocrx_word' id='word_1_330' title='bbox 97 4471 148 4525; x_wconf 91' lang='lat' dir='ltr'><strong>llle</strong></span> <span class='ocrx_word' id='word_1_331' title='bbox 178 4486 245 4524; x_wconf 89' lang='lat' dir='ltr'><strong>vero</strong></span> <span class='ocrx_word' id='word_1_332' title='bbox 277 4470 349 4523; x_wconf 90' lang='lat' dir='ltr'><strong>liber</strong></span> <span class='ocrx_word' id='word_1_333' title='bbox 378 4469 499 4524; x_wconf 81' lang='lat' dir='ltr'><strong>mutavit</strong></span> <span class='ocrx_word' id='word_1_334' title='bbox 521 4467 654 4544; x_wconf 82' lang='lat' dir='ltr'><strong>affectam</strong></span> <span class='ocrx_word' id='word_1_335' title='bbox 682 4482 790 4530; x_wconf 90' lang='lat' dir='ltr'><strong>meum,</strong></span> 
     </span>
     <span class='ocr_line' id='line_1_54' title="bbox 71 4557 794 4633; baseline -0.01 -19"><span class='ocrx_word' id='word_1_336' title='bbox 71 4559 191 4633; x_wconf 89' lang='lat' dir='ltr'><strong>eipsum,</strong></span> <span class='ocrx_word' id='word_1_337' title='bbox 217 4559 348 4622; x_wconf 85' lang='lat' dir='ltr'><strong>Domine,</strong></span> <span class='ocrx_word' id='word_1_338' title='bbox 372 4557 492 4612; x_wconf 88' lang='lat' dir='ltr'><strong>mutavit</strong></span> <span class='ocrx_word' id='word_1_339' title='bbox 519 4573 616 4627; x_wconf 90' lang='lat' dir='ltr'><strong>preces</strong></span> <span class='ocrx_word' id='word_1_340' title='bbox 649 4570 735 4615; x_wconf 86' lang='lat' dir='ltr'><strong>meas.</strong></span> <span class='ocrx_word' id='word_1_341' title='bbox 766 4557 794 4607; x_wconf 89' lang='lat' dir='ltr'><strong>et</strong></span> 
     </span>
     <span class='ocr_line' id='line_1_55' title="bbox 80 4644 793 4714; baseline -0.011 -11"><span class='ocrx_word' id='word_1_342' title='bbox 80 4648 221 4703; x_wconf 88' lang='lat' dir='ltr'><strong>desideria</strong></span> <span class='ocrx_word' id='word_1_343' title='bbox 237 4665 300 4702; x_wconf 88' lang='lat' dir='ltr'><strong>mea</strong></span> <span class='ocrx_word' id='word_1_344' title='bbox 320 4647 387 4701; x_wconf 90' lang='lat' dir='ltr'><strong>fecit</strong></span> <span class='ocrx_word' id='word_1_345' title='bbox 401 4645 464 4700; x_wconf 89' lang='lat' dir='ltr'><strong>alia.</strong></span> <span class='ocrx_word' id='word_1_346' title='bbox 481 4646 568 4700; x_wconf 79' lang='lat' dir='ltr'><strong>l&#39;ilait</strong></span> <span class='ocrx_word' id='word_1_347' title='bbox 590 4644 660 4698; x_wconf 91' lang='lat' dir='ltr'><strong>mihi</strong></span> <span class='ocrx_word' id='word_1_348' title='bbox 676 4647 793 4714; x_wconf 88' lang='lat' dir='ltr'><strong>repente</strong></span> 
     </span>
     <span class='ocr_line' id='line_1_56' title="bbox 71 4733 793 4808; baseline -0.008 -17"><span class='ocrx_word' id='word_1_349' title='bbox 71 4752 125 4792; x_wconf 84' lang='lat' dir='ltr'><strong>ana</strong></span> <span class='ocrx_word' id='word_1_350' title='bbox 135 4754 208 4808; x_wconf 87' lang='lat' dir='ltr'><strong>spes,</strong></span> <span class='ocrx_word' id='word_1_351' title='bbox 225 4740 252 4790; x_wconf 90' lang='lat' dir='ltr'><strong>et</strong></span> <span class='ocrx_word' id='word_1_352' title='bbox 267 4735 512 4790; x_wconf 86' lang='lat' dir='ltr'><strong>immortalitatem</strong></span> <span class='ocrx_word' id='word_1_353' title='bbox 528 4733 675 4805; x_wconf 79' lang='lat' dir='ltr'><strong>sapientia</strong></span> <span class='ocrx_word' id='word_1_354' title='bbox 689 4747 793 4786; x_wconf 92' lang='lat' dir='ltr'><strong>conca·</strong></span> 
     </span>
     <span class='ocr_line' id='line_1_57' title="bbox 71 4823 831 4893; baseline -0.005 -13"><span class='ocrx_word' id='word_1_355' title='bbox 71 4831 171 4880; x_wconf 78' lang='lat' dir='ltr'><strong>nasta</strong></span> <span class='ocrx_word' id='word_1_356' title='bbox 187 4826 279 4880; x_wconf 90' lang='lat' dir='ltr'><strong>cordis</strong></span> <span class='ocrx_word' id='word_1_357' title='bbox 295 4823 472 4889; x_wconf 86' lang='lat' dir='ltr'><strong>incredibili;</strong></span> <span class='ocrx_word' id='word_1_358' title='bbox 487 4826 515 4876; x_wconf 89' lang='lat' dir='ltr'><strong>et</strong></span> <span class='ocrx_word' id='word_1_359' title='bbox 528 4837 644 4893; x_wconf 87' lang='lat' dir='ltr'><strong>surgere</strong></span> <span class='ocrx_word' id='word_1_360' title='bbox 653 4835 794 4891; x_wconf 73' lang='lat' dir='ltr'><strong>coeperam</strong></span> <span class='ocrx_word' id='word_1_361' title='bbox 829 4869 831 4876; x_wconf 92' lang='lat'>.</span> 
     </span>
     <span class='ocr_line' id='line_1_58' title="bbox 85 4909 793 4980; baseline -0.007 -12"><span class='ocrx_word' id='word_1_362' title='bbox 85 4913 220 4969; x_wconf 87' lang='lat' dir='ltr'><strong>redirem.</strong></span> <span class='ocrx_word' id='word_1_363' title='bbox 246 4915 309 4968; x_wconf 78' lang='lat' dir='ltr'><strong>Nan</strong></span> <span class='ocrx_word' id='word_1_364' title='bbox 328 4913 404 4967; x_wconf 91' lang='lat' dir='ltr'><strong>enim</strong></span> <span class='ocrx_word' id='word_1_365' title='bbox 424 4911 457 4965; x_wconf 91' lang='lat' dir='ltr'><strong>ad</strong></span> <span class='ocrx_word' id='word_1_366' title='bbox 473 4911 628 4964; x_wconf 70' lang='lat' dir='ltr'><strong>acciendum</strong></span> <span class='ocrx_word' id='word_1_367' title='bbox 653 4909 793 4980; x_wconf 82' lang='lat' dir='ltr'><strong>lingnam,</strong></span> 
     </span>
     <span class='ocr_line' id='line_1_59' title="bbox 71 4999 795 5068; baseline -0.01 -11"><span class='ocrx_word' id='word_1_368' title='bbox 71 5002 156 5057; x_wconf 85' lang='lat' dir='ltr'><strong>dehac</strong></span> <span class='ocrx_word' id='word_1_369' title='bbox 181 5019 275 5057; x_wconf 89' lang='lat' dir='ltr'><strong>emere</strong></span> <span class='ocrx_word' id='word_1_370' title='bbox 291 5002 428 5055; x_wconf 89' lang='lat' dir='ltr'><strong>maternis</strong></span> <span class='ocrx_word' id='word_1_371' title='bbox 443 4999 631 5065; x_wconf 87' lang='lat' dir='ltr'><strong>mercedibus,</strong></span> <span class='ocrx_word' id='word_1_372' title='bbox 647 5015 712 5052; x_wconf 81' lang='lat' dir='ltr'><strong>oiim</strong></span> <span class='ocrx_word' id='word_1_373' title='bbox 728 5013 795 5068; x_wconf 90' lang='lat' dir='ltr'><strong>age-</strong></span> 
     </span>
     <span class='ocr_line' id='line_1_60' title="bbox 71 5087 796 5160; baseline -0.01 -14"><span class='ocrx_word' id='word_1_374' title='bbox 71 5108 127 5147; x_wconf 74' lang='lat' dir='ltr'><strong>lam</strong></span> <span class='ocrx_word' id='word_1_375' title='bbox 138 5087 796 5160; x_wconf 80' lang='lat' dir='ltr'><strong>aetatisundevigesimumjamdefunctopatre</strong></span> 
     </span>
     <span class='ocr_line' id='line_1_61' title="bbox 71 5174 797 5250; baseline -0.011 -15"><span class='ocrx_word' id='word_1_376' title='bbox 71 5181 193 5236; x_wconf 84' lang='lat' dir='ltr'><strong>aniam:</strong></span> <span class='ocrx_word' id='word_1_377' title='bbox 210 5197 268 5234; x_wconf 93' lang='lat' dir='ltr'><strong>non</strong></span> <span class='ocrx_word' id='word_1_378' title='bbox 281 5178 392 5250; x_wconf 87' lang='lat' dir='ltr'><strong>ergoad</strong></span> <span class='ocrx_word' id='word_1_379' title='bbox 408 5178 566 5232; x_wconf 88' lang='lat' dir='ltr'><strong>acuendam</strong></span> <span class='ocrx_word' id='word_1_380' title='bbox 582 5177 709 5247; x_wconf 82' lang='lat' dir='ltr'><strong>linguam</strong></span> <span class='ocrx_word' id='word_1_381' title='bbox 724 5174 768 5229; x_wconf 88' lang='lat' dir='ltr'><strong>ref</strong></span> <span class='ocrx_word' id='word_1_382' title='bbox 782 5203 797 5213; x_wconf 92' lang='lat'>·</span> 
     </span>
     <span class='ocr_line' id='line_1_62' title="bbox 71 5263 797 5340; baseline -0.011 -16"><span class='ocrx_word' id='word_1_383' title='bbox 71 5270 140 5324; x_wconf 91' lang='lat' dir='ltr'><strong>llam</strong></span> <span class='ocrx_word' id='word_1_384' title='bbox 151 5269 254 5323; x_wconf 89' lang='lat' dir='ltr'><strong>libram</strong></span> <span class='ocrx_word' id='word_1_385' title='bbox 264 5285 271 5335; x_wconf 87' lang='lat'>;</span> <span class='ocrx_word' id='word_1_386' title='bbox 282 5284 374 5340; x_wconf 86' lang='lat' dir='ltr'><strong>neque</strong></span> <span class='ocrx_word' id='word_1_387' title='bbox 384 5267 456 5321; x_wconf 88' lang='lat' dir='ltr'><strong>mihi</strong></span> <span class='ocrx_word' id='word_1_388' title='bbox 465 5266 651 5325; x_wconf 87' lang='lat' dir='ltr'><strong>locationem.</strong></span> <span class='ocrx_word' id='word_1_389' title='bbox 660 5263 709 5317; x_wconf 86' lang='lat' dir='ltr'><strong>scd</strong></span> <span class='ocrx_word' id='word_1_390' title='bbox 722 5263 797 5333; x_wconf 91' lang='lat' dir='ltr'><strong>qaod</strong></span> 
     </span>
     <span class='ocr_line' id='line_1_63' title="bbox 71 5361 319 5429; baseline 0 -17"><span class='ocrx_word' id='word_1_391' title='bbox 71 5363 119 5413; x_wconf 87' lang='lat' dir='ltr'><strong>tar</strong></span> <span class='ocrx_word' id='word_1_392' title='bbox 132 5361 319 5429; x_wconf 84' lang='lat' dir='ltr'><strong>persuaserat.</strong></span> 
     </span>
    </p>
   </div>
   <div class='ocr_carea' id='block_1_6' title="bbox 71 5457 800 5586">
    <p class='ocr_par' dir='ltr' id='par_1_6' title="bbox 71 5457 800 5586">
     <span class='ocr_line' id='line_1_64' title="bbox 73 5457 800 5517; baseline -0.011 -4"><span class='ocrx_word' id='word_1_393' title='bbox 73 5467 263 5514; x_wconf 76' lang='lat' dir='ltr'><strong>artaretastos</strong></span> <span class='ocrx_word' id='word_1_394' title='bbox 274 5463 339 5512; x_wconf 89' lang='lat' dir='ltr'><strong>Cdd.</strong></span> <span class='ocrx_word' id='word_1_395' title='bbox 354 5460 522 5511; x_wconf 86' lang='lat' dir='ltr'><strong>scribendam</strong></span> <span class='ocrx_word' id='word_1_396' title='bbox 532 5460 712 5517; x_wconf 73' lang='lat' dir='ltr'><strong>blascorum,</strong></span> <span class='ocrx_word' id='word_1_397' title='bbox 723 5457 749 5505; x_wconf 91' lang='lat' dir='ltr'><strong>id</strong></span> <span class='ocrx_word' id='word_1_398' title='bbox 760 5460 800 5506; x_wconf 87' lang='lat' dir='ltr'><strong>est</strong></span> 
     </span>
     <span class='ocr_line' id='line_1_65' title="bbox 71 5521 727 5586; baseline -0.011 -12"><span class='ocrx_word' id='word_1_399' title='bbox 71 5540 102 5586; x_wconf 69' lang='lat' dir='ltr'><strong>a,</strong></span> <span class='ocrx_word' id='word_1_400' title='bbox 118 5539 172 5574; x_wconf 93' lang='lat' dir='ltr'><strong>non</strong></span> <span class='ocrx_word' id='word_1_401' title='bbox 190 5539 301 5583; x_wconf 75' lang='lat' dir='ltr'><strong>scaevam,</strong></span> <span class='ocrx_word' id='word_1_402' title='bbox 316 5528 346 5573; x_wconf 91' lang='lat' dir='ltr'><strong>at</strong></span> <span class='ocrx_word' id='word_1_403' title='bbox 357 5525 482 5574; x_wconf 83' lang='lat' dir='ltr'><strong>scribitur</strong></span> <span class='ocrx_word' id='word_1_404' title='bbox 494 5523 563 5586; x_wconf 83' lang='lat' dir='ltr'><strong>apud</strong></span> <span class='ocrx_word' id='word_1_405' title='bbox 575 5522 616 5570; x_wconf 86' lang='lat' dir='ltr'><strong>Er.</strong></span> <span class='ocrx_word' id='word_1_406' title='bbox 630 5524 656 5570; x_wconf 88' lang='lat' dir='ltr'><strong>ct</strong></span> <span class='ocrx_word' id='word_1_407' title='bbox 666 5521 727 5569; x_wconf 86' lang='lat' dir='ltr'><strong>Lov.</strong></span> 
     </span>
    </p>
   </div>
   <div class='ocr_carea' id='block_1_7' title="bbox 839 933 1698 4716">
    <p class='ocr_par' dir='ltr' id='par_1_7' title="bbox 839 933 1697 3017">
     <span class='ocr_line' id='line_1_66' title="bbox 840 933 1695 1007; baseline 0.007 -22"><span class='ocrx_word' id='word_1_408' title='bbox 840 933 999 988; x_wconf 88' lang='lat' dir='ltr'><strong>colorantes</strong></span> <span class='ocrx_word' id='word_1_409' title='bbox 1014 939 1041 987; x_wconf 91' lang='lat' dir='ltr'><strong>et</strong></span> <span class='ocrx_word' id='word_1_410' title='bbox 1056 934 1184 987; x_wconf 89' lang='lat' dir='ltr'><strong>fucantes</strong></span> <span class='ocrx_word' id='word_1_411' title='bbox 1201 951 1312 989; x_wconf 88' lang='lat' dir='ltr'><strong>errores</strong></span> <span class='ocrx_word' id='word_1_412' title='bbox 1333 952 1414 1002; x_wconf 90' lang='lat' dir='ltr'><strong>suos;</strong></span> <span class='ocrx_word' id='word_1_413' title='bbox 1439 941 1467 991; x_wconf 92' lang='lat' dir='ltr'><strong>et</strong></span> <span class='ocrx_word' id='word_1_414' title='bbox 1480 953 1571 1007; x_wconf 90' lang='lat' dir='ltr'><strong>prope</strong></span> <span class='ocrx_word' id='word_1_415' title='bbox 1595 955 1695 994; x_wconf 85' lang='lat' dir='ltr'><strong>omnes</strong></span> 
     </span>
     <span class='ocr_line' id='line_1_67' title="bbox 841 1021 1694 1105; baseline 0.007 -31"><span class='ocrx_word' id='word_1_416' title='bbox 841 1021 890 1091; x_wconf 93' lang='lat' dir='ltr'><strong>qui</strong></span> <span class='ocrx_word' id='word_1_417' title='bbox 905 1037 940 1075; x_wconf 86' lang='lat' dir='ltr'><strong>ex</strong></span> <span class='ocrx_word' id='word_1_418' title='bbox 955 1021 1011 1076; x_wconf 89' lang='lat' dir='ltr'><strong>illis</strong></span> <span class='ocrx_word' id='word_1_419' title='bbox 1027 1025 1055 1076; x_wconf 89' lang='lat' dir='ltr'><strong>et</strong></span> <span class='ocrx_word' id='word_1_420' title='bbox 1067 1038 1154 1093; x_wconf 89' lang='lat' dir='ltr'><strong>supra</strong></span> <span class='ocrx_word' id='word_1_421' title='bbox 1167 1023 1345 1093; x_wconf 86' lang='lat' dir='ltr'><strong>temporibus</strong></span> <span class='ocrx_word' id='word_1_422' title='bbox 1358 1026 1430 1079; x_wconf 87' lang='lat' dir='ltr'><strong>tales</strong></span> <span class='ocrx_word' id='word_1_423' title='bbox 1453 1030 1545 1105; x_wconf 73' lang='lat' dir='ltr'><strong>erant,</strong></span> <span class='ocrx_word' id='word_1_424' title='bbox 1559 1032 1694 1082; x_wconf 82' lang='lat' dir='ltr'><strong>notantur</strong></span> 
     </span>
     <span class='ocr_line' id='line_1_68' title="bbox 839 1110 1691 1178; baseline 0.007 -15"><span class='ocrx_word' id='word_1_425' title='bbox 839 1110 870 1163; x_wconf 91' lang='lat' dir='ltr'><strong>iu</strong></span> <span class='ocrx_word' id='word_1_426' title='bbox 883 1126 918 1163; x_wconf 88' lang='lat' dir='ltr'><strong>co</strong></span> <span class='ocrx_word' id='word_1_427' title='bbox 933 1110 1004 1164; x_wconf 88' lang='lat' dir='ltr'><strong>libro</strong></span> <span class='ocrx_word' id='word_1_428' title='bbox 1020 1115 1048 1164; x_wconf 93' lang='lat' dir='ltr'><strong>et</strong></span> <span class='ocrx_word' id='word_1_429' title='bbox 1060 1110 1315 1178; x_wconf 76' lang='lat' dir='ltr'><strong>demonstrantur,</strong></span> <span class='ocrx_word' id='word_1_430' title='bbox 1330 1116 1359 1166; x_wconf 89' lang='lat' dir='ltr'><strong>et</strong></span> <span class='ocrx_word' id='word_1_431' title='bbox 1374 1113 1573 1168; x_wconf 80' lang='lat' dir='ltr'><strong>manifestatur</strong></span> <span class='ocrx_word' id='word_1_432' title='bbox 1592 1115 1632 1168; x_wconf 92' lang='lat' dir='ltr'><strong>ibi</strong></span> <span class='ocrx_word' id='word_1_433' title='bbox 1647 1131 1691 1169; x_wconf 87' lang='lat' dir='ltr'><strong>sa-</strong></span> 
     </span>
     <span class='ocr_line' id='line_1_69' title="bbox 841 1197 1693 1269; baseline 0.005 -18"><span class='ocrx_word' id='word_1_434' title='bbox 841 1197 956 1252; x_wconf 88' lang='lat' dir='ltr'><strong>lutifera</strong></span> <span class='ocrx_word' id='word_1_435' title='bbox 971 1198 1020 1253; x_wconf 89' lang='lat' dir='ltr'><strong>illa</strong></span> <span class='ocrx_word' id='word_1_436' title='bbox 1039 1198 1194 1253; x_wconf 87' lang='lat' dir='ltr'><strong>admonitio</strong></span> <span class='ocrx_word' id='word_1_437' title='bbox 1209 1199 1331 1269; x_wconf 87' lang='lat' dir='ltr'><strong>Spiritus</strong></span> <span class='ocrx_word' id='word_1_438' title='bbox 1347 1200 1389 1254; x_wconf 92' lang='lat' dir='ltr'><strong>tui</strong></span> <span class='ocrx_word' id='word_1_439' title='bbox 1407 1216 1459 1269; x_wconf 88' lang='lat' dir='ltr'><strong>per</strong></span> <span class='ocrx_word' id='word_1_440' title='bbox 1483 1217 1595 1255; x_wconf 90' lang='lat' dir='ltr'><strong>servum</strong></span> <span class='ocrx_word' id='word_1_441' title='bbox 1610 1208 1693 1257; x_wconf 89' lang='lat' dir='ltr'><strong>taam</strong></span> 
     </span>
     <span class='ocr_line' id='line_1_70' title="bbox 840 1285 1693 1360; baseline 0.006 -20"><span class='ocrx_word' id='word_1_442' title='bbox 840 1285 949 1340; x_wconf 91' lang='lat' dir='ltr'><strong>bonum</strong></span> <span class='ocrx_word' id='word_1_443' title='bbox 959 1291 988 1341; x_wconf 88' lang='lat' dir='ltr'><strong>et</strong></span> <span class='ocrx_word' id='word_1_444' title='bbox 998 1287 1078 1358; x_wconf 92' lang='lat' dir='ltr'><strong>piam</strong></span> <span class='ocrx_word' id='word_1_445' title='bbox 1092 1303 1098 1340; x_wconf 93' lang='lat'>:</span> <span class='ocrx_word' id='word_1_446' title='bbox 1117 1287 1212 1341; x_wconf 79' lang='lat' dir='ltr'><strong>Videte</strong></span> <span class='ocrx_word' id='word_1_447' title='bbox 1222 1304 1255 1341; x_wconf 85' lang='lat' dir='ltr'><strong>ae</strong></span> <span class='ocrx_word' id='word_1_448' title='bbox 1269 1291 1330 1357; x_wconf 85' lang='lat' dir='ltr'><strong>qais</strong></span> <span class='ocrx_word' id='word_1_449' title='bbox 1346 1304 1390 1342; x_wconf 85' lang='lat' dir='ltr'><strong>ros</strong></span> <span class='ocrx_word' id='word_1_450' title='bbox 1412 1289 1532 1358; x_wconf 81' lang='lat' dir='ltr'><strong>decipiet</strong></span> <span class='ocrx_word' id='word_1_451' title='bbox 1544 1307 1594 1360; x_wconf 85' lang='lat' dir='ltr'><strong>per</strong></span> <span class='ocrx_word' id='word_1_452' title='bbox 1604 1293 1693 1360; x_wconf 84' lang='lat' dir='ltr'><strong>philo-</strong></span> 
     </span>
     <span class='ocr_line' id='line_1_71' title="bbox 840 1375 1691 1445; baseline 0.002 -16"><span class='ocrx_word' id='word_1_453' title='bbox 840 1375 964 1445; x_wconf 85' lang='lat' dir='ltr'><strong>sophiam</strong></span> <span class='ocrx_word' id='word_1_454' title='bbox 985 1380 1009 1429; x_wconf 86' lang='lat' dir='ltr'><strong>et</strong></span> <span class='ocrx_word' id='word_1_455' title='bbox 1026 1377 1133 1429; x_wconf 79' lang='lat' dir='ltr'><strong>tacciam</strong></span> <span class='ocrx_word' id='word_1_456' title='bbox 1148 1376 1337 1440; x_wconf 73' lang='lat' dir='ltr'><strong>scortationem,</strong></span> <span class='ocrx_word' id='word_1_457' title='bbox 1357 1377 1503 1431; x_wconf 79' lang='lat' dir='ltr'><strong>seoaadaaa</strong></span> <span class='ocrx_word' id='word_1_458' title='bbox 1518 1378 1691 1433; x_wconf 80' lang='lat' dir='ltr'><strong>traditionem</strong></span> 
     </span>
     <span class='ocr_line' id='line_1_72' title="bbox 840 1462 1692 1532; baseline 0.005 -16"><span class='ocrx_word' id='word_1_459' title='bbox 840 1463 989 1523; x_wconf 82' lang='lat' dir='ltr'><strong>horaiaam,</strong></span> <span class='ocrx_word' id='word_1_460' title='bbox 1006 1462 1151 1517; x_wconf 84' lang='lat' dir='ltr'><strong>secondum</strong></span> <span class='ocrx_word' id='word_1_461' title='bbox 1166 1464 1294 1517; x_wconf 80' lang='lat' dir='ltr'><strong>elemento</strong></span> <span class='ocrx_word' id='word_1_462' title='bbox 1313 1463 1396 1532; x_wconf 86' lang='lat' dir='ltr'><strong>bajas</strong></span> <span class='ocrx_word' id='word_1_463' title='bbox 1411 1464 1517 1530; x_wconf 72' lang='lat' dir='ltr'><strong>melodi,</strong></span> <span class='ocrx_word' id='word_1_464' title='bbox 1538 1469 1563 1518; x_wconf 89' lang='lat' dir='ltr'><strong>et</strong></span> <span class='ocrx_word' id='word_1_465' title='bbox 1586 1481 1639 1519; x_wconf 82' lang='lat' dir='ltr'><strong>eoa</strong></span> <span class='ocrx_word' id='word_1_466' title='bbox 1652 1481 1692 1520; x_wconf 88' lang='lat' dir='ltr'><strong>se-</strong></span> 
     </span>
     <span class='ocr_line' id='line_1_73' title="bbox 839 1551 1694 1622; baseline 0.004 -18"><span class='ocrx_word' id='word_1_467' title='bbox 839 1551 957 1605; x_wconf 77' lang='lat' dir='ltr'><strong>candam</strong></span> <span class='ocrx_word' id='word_1_468' title='bbox 969 1552 1129 1615; x_wconf 85' lang='lat' dir='ltr'><strong>Christom;</strong></span> <span class='ocrx_word' id='word_1_469' title='bbox 1148 1553 1215 1619; x_wconf 82' lang='lat' dir='ltr'><strong>quio</strong></span> <span class='ocrx_word' id='word_1_470' title='bbox 1234 1554 1264 1605; x_wconf 82' lang='lat' dir='ltr'><strong>ia</strong></span> <span class='ocrx_word' id='word_1_471' title='bbox 1279 1553 1338 1620; x_wconf 84' lang='lat' dir='ltr'><strong>ipso</strong></span> <span class='ocrx_word' id='word_1_472' title='bbox 1358 1552 1496 1605; x_wconf 74' lang='lat' dir='ltr'><strong>intrabitot</strong></span> <span class='ocrx_word' id='word_1_473' title='bbox 1511 1555 1597 1607; x_wconf 82' lang='lat' dir='ltr'><strong>ome-is</strong></span> <span class='ocrx_word' id='word_1_474' title='bbox 1606 1554 1694 1622; x_wconf 82' lang='lat' dir='ltr'><strong>pleat-</strong></span> 
     </span>
     <span class='ocr_line' id='line_1_74' title="bbox 840 1639 1693 1712; baseline 0.004 -19"><span class='ocrx_word' id='word_1_475' title='bbox 840 1639 905 1694; x_wconf 83' lang='lat' dir='ltr'><strong>tado</strong></span> <span class='ocrx_word' id='word_1_476' title='bbox 933 1639 1089 1695; x_wconf 81' lang='lat' dir='ltr'><strong>diuinitatis</strong></span> <span class='ocrx_word' id='word_1_477' title='bbox 1109 1641 1286 1709; x_wconf 83' lang='lat' dir='ltr'><strong>corporaliter</strong></span> <span class='ocrx_word' id='word_1_478' title='bbox 1309 1641 1417 1710; x_wconf 87' lang='lat' dir='ltr'><strong>(Coloss.</strong></span> <span class='ocrx_word' id='word_1_479' title='bbox 1440 1657 1470 1707; x_wconf 92' lang='grc' dir='ltr'>ιι,</span> <span class='ocrx_word' id='word_1_480' title='bbox 1486 1643 1512 1703; x_wconf 88' lang='grc'><strong>8,</strong></span> <span class='ocrx_word' id='word_1_481' title='bbox 1531 1641 1571 1710; x_wconf 84' lang='lat' dir='ltr'><strong>e).</strong></span> <span class='ocrx_word' id='word_1_482' title='bbox 1588 1642 1622 1695; x_wconf 88' lang='lat' dir='ltr'><strong>Et</strong></span> <span class='ocrx_word' id='word_1_483' title='bbox 1640 1657 1693 1712; x_wconf 89' lang='lat' dir='ltr'><strong>ego</strong></span> 
     </span>
     <span class='ocr_line' id='line_1_75' title="bbox 840 1728 1692 1799; baseline 0.004 -18"><span class='ocrx_word' id='word_1_484' title='bbox 840 1728 889 1781; x_wconf 93' lang='lat' dir='ltr'><strong>illo</strong></span> <span class='ocrx_word' id='word_1_485' title='bbox 900 1732 1039 1799; x_wconf 88' lang='lat' dir='ltr'><strong>tempore,</strong></span> <span class='ocrx_word' id='word_1_486' title='bbox 1056 1728 1109 1781; x_wconf 89' lang='lat' dir='ltr'><strong>scis</strong></span> <span class='ocrx_word' id='word_1_487' title='bbox 1120 1734 1160 1794; x_wconf 93' lang='lat' dir='ltr'><strong>ta,</strong></span> <span class='ocrx_word' id='word_1_488' title='bbox 1178 1729 1276 1782; x_wconf 92' lang='lat' dir='ltr'><strong>lamen</strong></span> <span class='ocrx_word' id='word_1_489' title='bbox 1286 1728 1379 1783; x_wconf 88' lang='lat' dir='ltr'><strong>cordis</strong></span> <span class='ocrx_word' id='word_1_490' title='bbox 1389 1728 1457 1798; x_wconf 90' lang='lat' dir='ltr'><strong>mci,</strong></span> <span class='ocrx_word' id='word_1_491' title='bbox 1470 1728 1608 1799; x_wconf 89' lang='lat' dir='ltr'><strong>quoniam</strong></span> <span class='ocrx_word' id='word_1_492' title='bbox 1619 1747 1692 1784; x_wconf 92' lang='lat' dir='ltr'><strong>noa-</strong></span> 
     </span>
     <span class='ocr_line' id='line_1_76' title="bbox 840 1816 1694 1886; baseline 0 -15"><span class='ocrx_word' id='word_1_493' title='bbox 840 1817 908 1871; x_wconf 91' lang='lat' dir='ltr'><strong>dum</strong></span> <span class='ocrx_word' id='word_1_494' title='bbox 923 1816 996 1871; x_wconf 90' lang='lat' dir='ltr'><strong>mibi</strong></span> <span class='ocrx_word' id='word_1_495' title='bbox 1010 1816 1070 1870; x_wconf 79' lang='lat' dir='ltr'><strong>haee</strong></span> <span class='ocrx_word' id='word_1_496' title='bbox 1083 1817 1240 1886; x_wconf 83' lang='lat' dir='ltr'><strong>apostolica</strong></span> <span class='ocrx_word' id='word_1_497' title='bbox 1255 1821 1323 1870; x_wconf 87' lang='lat' dir='ltr'><strong>nota</strong></span> <span class='ocrx_word' id='word_1_498' title='bbox 1339 1821 1429 1882; x_wconf 90' lang='lat' dir='ltr'><strong>erant,</strong></span> <span class='ocrx_word' id='word_1_499' title='bbox 1449 1816 1503 1871; x_wconf 92' lang='lat' dir='ltr'><strong>hoe</strong></span> <span class='ocrx_word' id='word_1_500' title='bbox 1518 1822 1614 1871; x_wconf 87' lang='lat' dir='ltr'><strong>tamen</strong></span> <span class='ocrx_word' id='word_1_501' title='bbox 1633 1819 1694 1871; x_wconf 91' lang='lat' dir='ltr'><strong>solo</strong></span> 
     </span>
     <span class='ocr_line' id='line_1_77' title="bbox 841 1904 1697 1976; baseline -0.001 -17"><span class='ocrx_word' id='word_1_502' title='bbox 841 1905 1003 1960; x_wconf 87' lang='lat' dir='ltr'><strong>delectabar</strong></span> <span class='ocrx_word' id='word_1_503' title='bbox 1017 1904 1047 1958; x_wconf 88' lang='grc' dir='ltr'><strong>ιιι</strong></span> <span class='ocrx_word' id='word_1_504' title='bbox 1067 1904 1116 1957; x_wconf 92' lang='lat' dir='ltr'><strong>illa</strong></span> <span class='ocrx_word' id='word_1_505' title='bbox 1135 1905 1342 1971; x_wconf 85' lang='lat' dir='ltr'><strong>exhortatione,</strong></span> <span class='ocrx_word' id='word_1_506' title='bbox 1368 1905 1445 1976; x_wconf 88' lang='lat' dir='ltr'><strong>qaod</strong></span> <span class='ocrx_word' id='word_1_507' title='bbox 1470 1921 1527 1958; x_wconf 90' lang='lat' dir='ltr'><strong>aon</strong></span> <span class='ocrx_word' id='word_1_508' title='bbox 1552 1905 1631 1958; x_wconf 89' lang='lat' dir='ltr'><strong>illam</strong></span> <span class='ocrx_word' id='word_1_509' title='bbox 1646 1909 1697 1958; x_wconf 88' lang='lat' dir='ltr'><strong>aat</strong></span> 
     </span>
     <span class='ocr_line' id='line_1_78' title="bbox 840 1993 1694 2065; baseline 0.001 -18"><span class='ocrx_word' id='word_1_510' title='bbox 840 1993 920 2047; x_wconf 89' lang='lat' dir='ltr'><strong>illam</strong></span> <span class='ocrx_word' id='word_1_511' title='bbox 936 1997 1051 2058; x_wconf 91' lang='lat' dir='ltr'><strong>sectam,</strong></span> <span class='ocrx_word' id='word_1_512' title='bbox 1069 1994 1118 2048; x_wconf 88' lang='lat' dir='ltr'><strong>sed</strong></span> <span class='ocrx_word' id='word_1_513' title='bbox 1126 1993 1228 2064; x_wconf 90' lang='lat' dir='ltr'><strong>ipsam,</strong></span> <span class='ocrx_word' id='word_1_514' title='bbox 1246 2008 1434 2065; x_wconf 88' lang='lat' dir='ltr'><strong>quaecamque</strong></span> <span class='ocrx_word' id='word_1_515' title='bbox 1445 1997 1527 2062; x_wconf 90' lang='lat' dir='ltr'><strong>esset,</strong></span> <span class='ocrx_word' id='word_1_516' title='bbox 1542 1993 1694 2063; x_wconf 85' lang='lat' dir='ltr'><strong>elsapicn·</strong></span> 
     </span>
     <span class='ocr_line' id='line_1_79' title="bbox 840 2080 1695 2153; baseline 0.001 -17"><span class='ocrx_word' id='word_1_517' title='bbox 840 2082 911 2136; x_wconf 89' lang='lat' dir='ltr'><strong>tiam</strong></span> <span class='ocrx_word' id='word_1_518' title='bbox 927 2085 961 2136; x_wconf 94' lang='lat' dir='ltr'><strong>ut</strong></span> <span class='ocrx_word' id='word_1_519' title='bbox 974 2080 1135 2152; x_wconf 80' lang='lat' dir='ltr'><strong>diligerem,</strong></span> <span class='ocrx_word' id='word_1_520' title='bbox 1152 2086 1180 2136; x_wconf 90' lang='lat' dir='ltr'><strong>et</strong></span> <span class='ocrx_word' id='word_1_521' title='bbox 1196 2097 1366 2153; x_wconf 77' lang='lat' dir='ltr'><strong>quaererem,</strong></span> <span class='ocrx_word' id='word_1_522' title='bbox 1382 2085 1410 2136; x_wconf 89' lang='lat' dir='ltr'><strong>ot</strong></span> <span class='ocrx_word' id='word_1_523' title='bbox 1424 2097 1601 2153; x_wconf 85' lang='lat' dir='ltr'><strong>assequerer,</strong></span> <span class='ocrx_word' id='word_1_524' title='bbox 1615 2086 1695 2138; x_wconf 85' lang='lat' dir='ltr'><strong>ette-</strong></span> 
     </span>
     <span class='ocr_line' id='line_1_80' title="bbox 840 2168 1694 2242; baseline 0 -18"><span class='ocrx_word' id='word_1_525' title='bbox 840 2186 940 2224; x_wconf 90' lang='lat' dir='ltr'><strong>nerem</strong></span> <span class='ocrx_word' id='word_1_526' title='bbox 952 2173 1037 2241; x_wconf 90' lang='lat' dir='ltr'><strong>atquo</strong></span> <span class='ocrx_word' id='word_1_527' title='bbox 1058 2172 1237 2242; x_wconf 87' lang='lat' dir='ltr'><strong>amplexarer</strong></span> <span class='ocrx_word' id='word_1_528' title='bbox 1251 2170 1373 2233; x_wconf 88' lang='lat' dir='ltr'><strong>fortiter,</strong></span> <span class='ocrx_word' id='word_1_529' title='bbox 1400 2168 1543 2224; x_wconf 84' lang='lat' dir='ltr'><strong>excitabar</strong></span> <span class='ocrx_word' id='word_1_530' title='bbox 1562 2185 1694 2224; x_wconf 88' lang='lat' dir='ltr'><strong>sermone</strong></span> 
     </span>
     <span class='ocr_line' id='line_1_81' title="bbox 840 2256 1694 2330; baseline 0.001 -19"><span class='ocrx_word' id='word_1_531' title='bbox 840 2256 901 2324; x_wconf 95' lang='lat' dir='ltr'><strong>illo,</strong></span> <span class='ocrx_word' id='word_1_532' title='bbox 916 2261 944 2312; x_wconf 88' lang='lat' dir='ltr'><strong>et</strong></span> <span class='ocrx_word' id='word_1_533' title='bbox 957 2258 1141 2330; x_wconf 78' lang='lat' dir='ltr'><strong>accendebar,</strong></span> <span class='ocrx_word' id='word_1_534' title='bbox 1158 2263 1186 2313; x_wconf 91' lang='lat' dir='ltr'><strong>ct</strong></span> <span class='ocrx_word' id='word_1_535' title='bbox 1208 2258 1344 2314; x_wconf 88' lang='lat' dir='ltr'><strong>ardebam</strong></span> <span class='ocrx_word' id='word_1_536' title='bbox 1357 2275 1364 2324; x_wconf 92' lang='lat'>;</span> <span class='ocrx_word' id='word_1_537' title='bbox 1379 2262 1407 2313; x_wconf 91' lang='lat' dir='ltr'><strong>et</strong></span> <span class='ocrx_word' id='word_1_538' title='bbox 1427 2259 1480 2313; x_wconf 91' lang='lat' dir='ltr'><strong>hoc</strong></span> <span class='ocrx_word' id='word_1_539' title='bbox 1495 2258 1588 2313; x_wconf 92' lang='lat' dir='ltr'><strong>solum</strong></span> <span class='ocrx_word' id='word_1_540' title='bbox 1604 2275 1650 2313; x_wconf 87' lang='lat' dir='ltr'><strong>me</strong></span> <span class='ocrx_word' id='word_1_541' title='bbox 1663 2258 1694 2312; x_wconf 91' lang='lat' dir='ltr'><strong>in</strong></span> 
     </span>
     <span class='ocr_line' id='line_1_82' title="bbox 841 2344 1693 2417; baseline 0.001 -18"><span class='ocrx_word' id='word_1_542' title='bbox 841 2347 921 2399; x_wconf 87' lang='lat' dir='ltr'><strong>tanta</strong></span> <span class='ocrx_word' id='word_1_543' title='bbox 932 2344 1272 2416; x_wconf 81' lang='lat' dir='ltr'><strong>flagrantiorefrangebot</strong></span> <span class='ocrx_word' id='word_1_544' title='bbox 1281 2348 1301 2412; x_wconf 88' lang='lat'><strong>¹,</strong></span> <span class='ocrx_word' id='word_1_545' title='bbox 1316 2347 1392 2417; x_wconf 90' lang='lat' dir='ltr'><strong>qaod</strong></span> <span class='ocrx_word' id='word_1_546' title='bbox 1403 2361 1510 2401; x_wconf 87' lang='lat' dir='ltr'><strong>nomen</strong></span> <span class='ocrx_word' id='word_1_547' title='bbox 1521 2346 1624 2401; x_wconf 83' lang='lat' dir='ltr'><strong>Christi</strong></span> <span class='ocrx_word' id='word_1_548' title='bbox 1634 2362 1693 2401; x_wconf 91' lang='lat' dir='ltr'><strong>non</strong></span> 
     </span>
     <span class='ocr_line' id='line_1_83' title="bbox 842 2431 1695 2497; baseline 0.002 -11"><span class='ocrx_word' id='word_1_549' title='bbox 842 2436 903 2487; x_wconf 89' lang='lat' dir='ltr'><strong>erat</strong></span> <span class='ocrx_word' id='word_1_550' title='bbox 918 2432 968 2488; x_wconf 89' lang='lat' dir='ltr'><strong>ibi.</strong></span> <span class='ocrx_word' id='word_1_551' title='bbox 986 2432 1128 2497; x_wconf 86' lang='lat' dir='ltr'><strong>Quoniam</strong></span> <span class='ocrx_word' id='word_1_552' title='bbox 1152 2432 1206 2487; x_wconf 91' lang='lat' dir='ltr'><strong>hoo</strong></span> <span class='ocrx_word' id='word_1_553' title='bbox 1221 2449 1327 2488; x_wconf 87' lang='lat' dir='ltr'><strong>nomen</strong></span> <span class='ocrx_word' id='word_1_554' title='bbox 1351 2435 1509 2489; x_wconf 88' lang='lat' dir='ltr'><strong>secandum</strong></span> <span class='ocrx_word' id='word_1_555' title='bbox 1533 2431 1695 2489; x_wconf 87' lang='lat' dir='ltr'><strong>misericor·</strong></span> 
     </span>
     <span class='ocr_line' id='line_1_84' title="bbox 843 2520 1696 2588; baseline 0.001 -14"><span class='ocrx_word' id='word_1_556' title='bbox 843 2521 920 2575; x_wconf 84' lang='lat' dir='ltr'><strong>diam</strong></span> <span class='ocrx_word' id='word_1_557' title='bbox 936 2527 1025 2588; x_wconf 89' lang='lat' dir='ltr'><strong>tuam,</strong></span> <span class='ocrx_word' id='word_1_558' title='bbox 1047 2520 1177 2587; x_wconf 86' lang='lat' dir='ltr'><strong>Domine,</strong></span> <span class='ocrx_word' id='word_1_559' title='bbox 1199 2521 1252 2575; x_wconf 87' lang='lat' dir='ltr'><strong>boc</strong></span> <span class='ocrx_word' id='word_1_560' title='bbox 1268 2538 1372 2576; x_wconf 90' lang='lat' dir='ltr'><strong>nomen</strong></span> <span class='ocrx_word' id='word_1_561' title='bbox 1385 2522 1537 2577; x_wconf 89' lang='lat' dir='ltr'><strong>Salvatoris</strong></span> <span class='ocrx_word' id='word_1_562' title='bbox 1559 2524 1616 2578; x_wconf 91' lang='lat' dir='ltr'><strong>mei</strong></span> <span class='ocrx_word' id='word_1_563' title='bbox 1633 2522 1696 2578; x_wconf 85' lang='lat' dir='ltr'><strong>Filii</strong></span> 
     </span>
     <span class='ocr_line' id='line_1_85' title="bbox 843 2609 1694 2681; baseline -0.002 -17"><span class='ocrx_word' id='word_1_564' title='bbox 843 2610 893 2676; x_wconf 92' lang='lat' dir='ltr'><strong>tai,</strong></span> <span class='ocrx_word' id='word_1_565' title='bbox 910 2609 1019 2681; x_wconf 92' lang='lat' dir='ltr'><strong>inipso</strong></span> <span class='ocrx_word' id='word_1_566' title='bbox 1039 2610 1133 2665; x_wconf 87' lang='lat' dir='ltr'><strong>adhuc</strong></span> <span class='ocrx_word' id='word_1_567' title='bbox 1147 2611 1217 2664; x_wconf 87' lang='lat' dir='ltr'><strong>lacte</strong></span> <span class='ocrx_word' id='word_1_568' title='bbox 1234 2611 1344 2680; x_wconf 88' lang='lat' dir='ltr'><strong>matris,</strong></span> <span class='ocrx_word' id='word_1_569' title='bbox 1369 2616 1502 2666; x_wconf 90' lang='lat' dir='ltr'><strong>teneram</strong></span> <span class='ocrx_word' id='word_1_570' title='bbox 1526 2628 1575 2665; x_wconf 89' lang='lat' dir='ltr'><strong>eor</strong></span> <span class='ocrx_word' id='word_1_571' title='bbox 1597 2627 1694 2665; x_wconf 89' lang='lat' dir='ltr'><strong>mcum</strong></span> 
     </span>
     <span class='ocr_line' id='line_1_86' title="bbox 842 2695 1695 2770; baseline -0.002 -18"><span class='ocrx_word' id='word_1_572' title='bbox 842 2698 1017 2770; x_wconf 75' lang='lat' dir='ltr'><strong>praebiberat</strong></span> <span class='ocrx_word' id='word_1_573' title='bbox 1031 2695 1054 2764; x_wconf 81' lang='lat'><strong>²,</strong></span> <span class='ocrx_word' id='word_1_574' title='bbox 1071 2702 1099 2752; x_wconf 91' lang='lat' dir='ltr'><strong>et</strong></span> <span class='ocrx_word' id='word_1_575' title='bbox 1118 2697 1173 2751; x_wconf 90' lang='lat' dir='ltr'><strong>alte</strong></span> <span class='ocrx_word' id='word_1_576' title='bbox 1189 2697 1351 2764; x_wconf 81' lang='lat' dir='ltr'><strong>retinebot3</strong></span> <span class='ocrx_word' id='word_1_577' title='bbox 1369 2704 1397 2752; x_wconf 92' lang='lat' dir='ltr'><strong>et</strong></span> <span class='ocrx_word' id='word_1_578' title='bbox 1411 2698 1552 2769; x_wconf 89' lang='lat' dir='ltr'><strong>quidquid</strong></span> <span class='ocrx_word' id='word_1_579' title='bbox 1562 2698 1623 2752; x_wconf 87' lang='lat' dir='ltr'><strong>sine</strong></span> <span class='ocrx_word' id='word_1_580' title='bbox 1642 2699 1695 2753; x_wconf 86' lang='lat' dir='ltr'><strong>hoe</strong></span> 
     </span>
     <span class='ocr_line' id='line_1_87' title="bbox 840 2785 1696 2857; baseline -0.002 -16"><span class='ocrx_word' id='word_1_581' title='bbox 840 2787 960 2857; x_wconf 86' lang='lat' dir='ltr'><strong>nomine</strong></span> <span class='ocrx_word' id='word_1_582' title='bbox 975 2786 1085 2851; x_wconf 87' lang='lat' dir='ltr'><strong>fuisset,</strong></span> <span class='ocrx_word' id='word_1_583' title='bbox 1097 2785 1227 2857; x_wconf 90' lang='lat' dir='ltr'><strong>quamvis</strong></span> <span class='ocrx_word' id='word_1_584' title='bbox 1247 2785 1415 2855; x_wconf 88' lang='lat' dir='ltr'><strong>litteratam,</strong></span> <span class='ocrx_word' id='word_1_585' title='bbox 1442 2791 1470 2840; x_wconf 92' lang='lat' dir='ltr'><strong>et</strong></span> <span class='ocrx_word' id='word_1_586' title='bbox 1485 2786 1650 2856; x_wconf 82' lang='lat' dir='ltr'><strong>expolitam,</strong></span> <span class='ocrx_word' id='word_1_587' title='bbox 1667 2791 1696 2839; x_wconf 90' lang='lat' dir='ltr'><strong>et</strong></span> 
     </span>
     <span class='ocr_line' id='line_1_88' title="bbox 843 2874 1404 2943; baseline -0.002 -15"><span class='ocrx_word' id='word_1_588' title='bbox 843 2876 1010 2943; x_wconf 88' lang='lat' dir='ltr'><strong>veridicam,</strong></span> <span class='ocrx_word' id='word_1_589' title='bbox 1028 2891 1084 2928; x_wconf 93' lang='lat' dir='ltr'><strong>non</strong></span> <span class='ocrx_word' id='word_1_590' title='bbox 1100 2890 1146 2927; x_wconf 90' lang='lat' dir='ltr'><strong>me</strong></span> <span class='ocrx_word' id='word_1_591' title='bbox 1162 2878 1253 2928; x_wconf 90' lang='lat' dir='ltr'><strong>totam</strong></span> <span class='ocrx_word' id='word_1_592' title='bbox 1266 2874 1404 2943; x_wconf 88' lang='lat' dir='ltr'><strong>rapiebat.</strong></span> 
     </span>
     <span class='ocr_line' id='line_1_89' title="bbox 1188 2963 1348 3017; baseline 0.019 -4"><span class='ocrx_word' id='word_1_593' title='bbox 1188 2964 1300 3017; x_wconf 75' lang='lat' dir='ltr'><strong>ChPlIT</strong></span> <span class='ocrx_word' id='word_1_594' title='bbox 1319 2963 1348 3016; x_wconf 87' lang='lat' dir='ltr'><strong>V.</strong></span> 
     </span>
    </p>

    <p class='ocr_par' dir='ltr' id='par_1_8' title="bbox 869 3052 1666 3121">
     <span class='ocr_line' id='line_1_90' title="bbox 869 3052 1666 3121; baseline -0.005 -13"><span class='ocrx_word' id='word_1_595' title='bbox 869 3053 998 3108; x_wconf 77' lang='lat' dir='ltr'><strong>fastidiit</strong></span> <span class='ocrx_word' id='word_1_596' title='bbox 1012 3067 1105 3107; x_wconf 86' lang='lat' dir='ltr'><strong>saeros</strong></span> <span class='ocrx_word' id='word_1_597' title='bbox 1121 3053 1237 3107; x_wconf 73' lang='lat' dir='ltr'><strong>Litteras</strong></span> <span class='ocrx_word' id='word_1_598' title='bbox 1252 3056 1365 3121; x_wconf 84' lang='lat' dir='ltr'><strong>propter</strong></span> <span class='ocrx_word' id='word_1_599' title='bbox 1382 3052 1584 3121; x_wconf 83' lang='lat' dir='ltr'><strong>simplicitatem</strong></span> <span class='ocrx_word' id='word_1_600' title='bbox 1599 3052 1666 3106; x_wconf 79' lang='lat' dir='ltr'><strong>stili.</strong></span> 
     </span>
    </p>

    <p class='ocr_par' dir='ltr' id='par_1_9' title="bbox 842 3139 1698 4275">
     <span class='ocr_line' id='line_1_91' title="bbox 879 3139 1695 3212; baseline -0.005 -17"><span class='ocrx_word' id='word_1_601' title='bbox 879 3146 907 3197; x_wconf 86' lang='lat' dir='ltr'><strong>o.</strong></span> <span class='ocrx_word' id='word_1_602' title='bbox 927 3141 1026 3212; x_wconf 88' lang='lat' dir='ltr'><strong>ltaque</strong></span> <span class='ocrx_word' id='word_1_603' title='bbox 1041 3140 1154 3194; x_wconf 89' lang='lat' dir='ltr'><strong>institui</strong></span> <span class='ocrx_word' id='word_1_604' title='bbox 1168 3139 1296 3194; x_wconf 92' lang='lat' dir='ltr'><strong>animam</strong></span> <span class='ocrx_word' id='word_1_605' title='bbox 1317 3139 1465 3194; x_wconf 88' lang='lat' dir='ltr'><strong>intendere</strong></span> <span class='ocrx_word' id='word_1_606' title='bbox 1490 3140 1519 3193; x_wconf 95' lang='lat' dir='ltr'><strong>in</strong></span> <span class='ocrx_word' id='word_1_607' title='bbox 1535 3139 1695 3209; x_wconf 86' lang='lat' dir='ltr'><strong>Scripturas</strong></span> 
     </span>
     <span class='ocr_line' id='line_1_92' title="bbox 843 3229 1693 3299; baseline -0.005 -14"><span class='ocrx_word' id='word_1_608' title='bbox 843 3234 965 3296; x_wconf 88' lang='lat' dir='ltr'><strong>sanetas,</strong></span> <span class='ocrx_word' id='word_1_609' title='bbox 980 3233 1011 3284; x_wconf 93' lang='lat' dir='ltr'><strong>ut</strong></span> <span class='ocrx_word' id='word_1_610' title='bbox 1026 3229 1153 3283; x_wconf 89' lang='lat' dir='ltr'><strong>viderem</strong></span> <span class='ocrx_word' id='word_1_611' title='bbox 1169 3229 1267 3299; x_wconf 89' lang='lat' dir='ltr'><strong>quales</strong></span> <span class='ocrx_word' id='word_1_612' title='bbox 1282 3232 1388 3284; x_wconf 89' lang='lat' dir='ltr'><strong>essent.</strong></span> <span class='ocrx_word' id='word_1_613' title='bbox 1410 3230 1444 3284; x_wconf 88' lang='lat' dir='ltr'><strong>Et</strong></span> <span class='ocrx_word' id='word_1_614' title='bbox 1459 3244 1522 3283; x_wconf 86' lang='lat' dir='ltr'><strong>ecce</strong></span> <span class='ocrx_word' id='word_1_615' title='bbox 1535 3229 1618 3283; x_wconf 75' lang='lat' dir='ltr'><strong>rideo</strong></span> <span class='ocrx_word' id='word_1_616' title='bbox 1633 3243 1693 3281; x_wconf 89' lang='lat' dir='ltr'><strong>rem</strong></span> 
     </span>
     <span class='ocr_line' id='line_1_93' title="bbox 842 3317 1694 3390; baseline -0.006 -16"><span class='ocrx_word' id='word_1_617' title='bbox 842 3336 901 3374; x_wconf 93' lang='lat' dir='ltr'><strong>non</strong></span> <span class='ocrx_word' id='word_1_618' title='bbox 916 3323 1092 3390; x_wconf 86' lang='lat' dir='ltr'><strong>compertam</strong></span> <span class='ocrx_word' id='word_1_619' title='bbox 1108 3317 1248 3388; x_wconf 88' lang='lat' dir='ltr'><strong>superbis,</strong></span> <span class='ocrx_word' id='word_1_620' title='bbox 1261 3333 1354 3388; x_wconf 89' lang='lat' dir='ltr'><strong>nequo</strong></span> <span class='ocrx_word' id='word_1_621' title='bbox 1366 3317 1503 3372; x_wconf 89' lang='lat' dir='ltr'><strong>nudatam</strong></span> <span class='ocrx_word' id='word_1_622' title='bbox 1519 3317 1616 3387; x_wconf 89' lang='lat' dir='ltr'><strong>pueris</strong></span> <span class='ocrx_word' id='word_1_623' title='bbox 1627 3335 1634 3383; x_wconf 87' lang='lat'>;</span> <span class='ocrx_word' id='word_1_624' title='bbox 1645 3317 1694 3370; x_wconf 90' lang='lat' dir='ltr'><strong>sod</strong></span> 
     </span>
     <span class='ocr_line' id='line_1_94' title="bbox 843 3405 1695 3473; baseline -0.007 -11"><span class='ocrx_word' id='word_1_625' title='bbox 843 3409 953 3463; x_wconf 89' lang='lat' dir='ltr'><strong>incessu</strong></span> <span class='ocrx_word' id='word_1_626' title='bbox 966 3406 1116 3473; x_wconf 88' lang='lat' dir='ltr'><strong>hamilem,</strong></span> <span class='ocrx_word' id='word_1_627' title='bbox 1134 3421 1264 3459; x_wconf 88' lang='lat' dir='ltr'><strong>successa</strong></span> <span class='ocrx_word' id='word_1_628' title='bbox 1279 3405 1420 3459; x_wconf 75' lang='lat' dir='ltr'><strong>excelsam</strong></span> <span class='ocrx_word' id='word_1_629' title='bbox 1445 3410 1474 3459; x_wconf 91' lang='lat' dir='ltr'><strong>et</strong></span> <span class='ocrx_word' id='word_1_630' title='bbox 1499 3405 1621 3459; x_wconf 76' lang='lat' dir='ltr'><strong>velatam</strong></span> <span class='ocrx_word' id='word_1_631' title='bbox 1637 3420 1695 3473; x_wconf 81' lang='lat' dir='ltr'><strong>my-</strong></span> 
     </span>
     <span class='ocr_line' id='line_1_95' title="bbox 843 3493 1694 3565; baseline -0.008 -14"><span class='ocrx_word' id='word_1_632' title='bbox 843 3496 936 3551; x_wconf 89' lang='lat' dir='ltr'><strong>steriis</strong></span> <span class='ocrx_word' id='word_1_633' title='bbox 951 3513 958 3551; x_wconf 91' lang='lat'>:</span> <span class='ocrx_word' id='word_1_634' title='bbox 977 3499 1005 3549; x_wconf 90' lang='lat' dir='ltr'><strong>et</strong></span> <span class='ocrx_word' id='word_1_635' title='bbox 1020 3511 1077 3548; x_wconf 77' lang='grc' dir='ltr'>ιιιιιι</span> <span class='ocrx_word' id='word_1_636' title='bbox 1092 3509 1170 3548; x_wconf 89' lang='lat' dir='ltr'><strong>eram</strong></span> <span class='ocrx_word' id='word_1_637' title='bbox 1183 3510 1236 3565; x_wconf 92' lang='lat' dir='ltr'><strong>cgo</strong></span> <span class='ocrx_word' id='word_1_638' title='bbox 1250 3493 1315 3547; x_wconf 89' lang='lat' dir='ltr'><strong>talis</strong></span> <span class='ocrx_word' id='word_1_639' title='bbox 1331 3497 1364 3547; x_wconf 88' lang='lat' dir='ltr'><strong>al</strong></span> <span class='ocrx_word' id='word_1_640' title='bbox 1377 3493 1484 3547; x_wconf 88' lang='lat' dir='ltr'><strong>intrare</strong></span> <span class='ocrx_word' id='word_1_641' title='bbox 1499 3493 1529 3546; x_wconf 94' lang='lat' dir='ltr'><strong>in</strong></span> <span class='ocrx_word' id='word_1_642' title='bbox 1545 3508 1608 3546; x_wconf 88' lang='lat' dir='ltr'><strong>eam</strong></span> <span class='ocrx_word' id='word_1_643' title='bbox 1625 3508 1694 3562; x_wconf 87' lang='lat' dir='ltr'><strong>pos-</strong></span> 
     </span>
     <span class='ocr_line' id='line_1_96' title="bbox 843 3580 1694 3652; baseline -0.009 -12"><span class='ocrx_word' id='word_1_644' title='bbox 843 3602 913 3649; x_wconf 88' lang='lat' dir='ltr'><strong>sem,</strong></span> <span class='ocrx_word' id='word_1_645' title='bbox 942 3587 992 3637; x_wconf 89' lang='lat' dir='ltr'><strong>aat</strong></span> <span class='ocrx_word' id='word_1_646' title='bbox 1013 3582 1149 3649; x_wconf 83' lang='lat' dir='ltr'><strong>inclinare</strong></span> <span class='ocrx_word' id='word_1_647' title='bbox 1178 3582 1316 3636; x_wconf 86' lang='lat' dir='ltr'><strong>cervicem</strong></span> <span class='ocrx_word' id='word_1_648' title='bbox 1343 3581 1380 3635; x_wconf 89' lang='lat' dir='ltr'><strong>ad</strong></span> <span class='ocrx_word' id='word_1_649' title='bbox 1404 3581 1465 3652; x_wconf 90' lang='lat' dir='ltr'><strong>ejas</strong></span> <span class='ocrx_word' id='word_1_650' title='bbox 1494 3596 1617 3651; x_wconf 88' lang='lat' dir='ltr'><strong>gressus.</strong></span> <span class='ocrx_word' id='word_1_651' title='bbox 1634 3580 1694 3633; x_wconf 85' lang='lat' dir='ltr'><strong>Non</strong></span> 
     </span>
     <span class='ocr_line' id='line_1_97' title="bbox 843 3668 1696 3740; baseline -0.006 -13"><span class='ocrx_word' id='word_1_652' title='bbox 843 3673 920 3728; x_wconf 89' lang='lat' dir='ltr'><strong>enim</strong></span> <span class='ocrx_word' id='word_1_653' title='bbox 936 3671 1104 3726; x_wconf 81' lang='lat' dir='ltr'><strong>sicutmodo</strong></span> <span class='ocrx_word' id='word_1_654' title='bbox 1117 3671 1229 3740; x_wconf 88' lang='lat' dir='ltr'><strong>loquor,</strong></span> <span class='ocrx_word' id='word_1_655' title='bbox 1247 3670 1287 3724; x_wconf 90' lang='lat' dir='ltr'><strong>ila</strong></span> <span class='ocrx_word' id='word_1_656' title='bbox 1307 3669 1382 3723; x_wconf 89' lang='lat' dir='ltr'><strong>sensi</strong></span> <span class='ocrx_word' id='word_1_657' title='bbox 1404 3686 1469 3723; x_wconf 93' lang='lat' dir='ltr'><strong>cam</strong></span> <span class='ocrx_word' id='word_1_658' title='bbox 1490 3668 1598 3723; x_wconf 89' lang='lat' dir='ltr'><strong>attendi</strong></span> <span class='ocrx_word' id='word_1_659' title='bbox 1613 3668 1648 3723; x_wconf 90' lang='lat' dir='ltr'><strong>ad</strong></span> <span class='ocrx_word' id='word_1_660' title='bbox 1663 3668 1696 3721; x_wconf 92' lang='lat' dir='ltr'><strong>il·</strong></span> 
     </span>
     <span class='ocr_line' id='line_1_98' title="bbox 843 3757 1694 3832; baseline -0.006 -16"><span class='ocrx_word' id='word_1_661' title='bbox 843 3763 900 3817; x_wconf 89' lang='lat' dir='ltr'><strong>lam</strong></span> <span class='ocrx_word' id='word_1_662' title='bbox 914 3761 1108 3832; x_wconf 84' lang='lat' dir='ltr'><strong>Scriptorum:</strong></span> <span class='ocrx_word' id='word_1_663' title='bbox 1122 3759 1172 3813; x_wconf 90' lang='lat' dir='ltr'><strong>sed</strong></span> <span class='ocrx_word' id='word_1_664' title='bbox 1185 3759 1244 3812; x_wconf 90' lang='lat' dir='ltr'><strong>visa</strong></span> <span class='ocrx_word' id='word_1_665' title='bbox 1255 3763 1298 3813; x_wconf 92' lang='lat' dir='ltr'><strong>est</strong></span> <span class='ocrx_word' id='word_1_666' title='bbox 1312 3758 1386 3812; x_wconf 91' lang='lat' dir='ltr'><strong>mihi</strong></span> <span class='ocrx_word' id='word_1_667' title='bbox 1400 3759 1519 3828; x_wconf 91' lang='lat' dir='ltr'><strong>indigna</strong></span> <span class='ocrx_word' id='word_1_668' title='bbox 1527 3774 1614 3829; x_wconf 89' lang='lat' dir='ltr'><strong>qaam</strong></span> <span class='ocrx_word' id='word_1_669' title='bbox 1628 3757 1694 3811; x_wconf 91' lang='lat' dir='ltr'><strong>Tul·</strong></span> 
     </span>
     <span class='ocr_line' id='line_1_99' title="bbox 842 3845 1697 3922; baseline -0.007 -17"><span class='ocrx_word' id='word_1_670' title='bbox 842 3851 927 3906; x_wconf 76' lang='lat' dir='ltr'><strong>liena</strong></span> <span class='ocrx_word' id='word_1_671' title='bbox 940 3849 1297 3922; x_wconf 77' lang='lat' dir='ltr'><strong>dignitaticompavarem.</strong></span> <span class='ocrx_word' id='word_1_672' title='bbox 1314 3849 1419 3902; x_wconf 77' lang='lat' dir='ltr'><strong>Tremor</strong></span> <span class='ocrx_word' id='word_1_673' title='bbox 1433 3847 1510 3902; x_wconf 92' lang='lat' dir='ltr'><strong>enim</strong></span> <span class='ocrx_word' id='word_1_674' title='bbox 1527 3862 1608 3901; x_wconf 89' lang='lat' dir='ltr'><strong>meas</strong></span> <span class='ocrx_word' id='word_1_675' title='bbox 1622 3845 1697 3900; x_wconf 86' lang='lat' dir='ltr'><strong>rela-</strong></span> 
     </span>
     <span class='ocr_line' id='line_1_100' title="bbox 844 3933 1697 4013; baseline -0.009 -18"><span class='ocrx_word' id='word_1_676' title='bbox 844 3941 940 4013; x_wconf 88' lang='lat' dir='ltr'><strong>gicbat</strong></span> <span class='ocrx_word' id='word_1_677' title='bbox 965 3938 1083 3994; x_wconf 90' lang='lat' dir='ltr'><strong>modam</strong></span> <span class='ocrx_word' id='word_1_678' title='bbox 1106 3939 1187 4008; x_wconf 80' lang='lat' dir='ltr'><strong>ejas;</strong></span> <span class='ocrx_word' id='word_1_679' title='bbox 1205 3942 1233 3993; x_wconf 90' lang='lat' dir='ltr'><strong>et</strong></span> <span class='ocrx_word' id='word_1_680' title='bbox 1262 3937 1336 3990; x_wconf 88' lang='lat' dir='ltr'><strong>acies</strong></span> <span class='ocrx_word' id='word_1_681' title='bbox 1365 3953 1430 3991; x_wconf 89' lang='lat' dir='ltr'><strong>mea</strong></span> <span class='ocrx_word' id='word_1_682' title='bbox 1455 3952 1516 3991; x_wconf 90' lang='lat' dir='ltr'><strong>noa</strong></span> <span class='ocrx_word' id='word_1_683' title='bbox 1529 3933 1697 4006; x_wconf 85' lang='lat' dir='ltr'><strong>penetrabat</strong></span> 
     </span>
     <span class='ocr_line' id='line_1_101' title="bbox 844 4025 1698 4098; baseline -0.008 -16"><span class='ocrx_word' id='word_1_684' title='bbox 844 4028 981 4083; x_wconf 89' lang='lat' dir='ltr'><strong>interiora</strong></span> <span class='ocrx_word' id='word_1_685' title='bbox 1000 4027 1070 4098; x_wconf 86' lang='lat' dir='ltr'><strong>ejas,</strong></span> <span class='ocrx_word' id='word_1_686' title='bbox 1097 4029 1301 4081; x_wconf 78' lang='lat' dir='ltr'><strong>l⁷eraaitamcn</strong></span> <span class='ocrx_word' id='word_1_687' title='bbox 1321 4025 1370 4079; x_wconf 88' lang='lat' dir='ltr'><strong>illa</strong></span> <span class='ocrx_word' id='word_1_688' title='bbox 1389 4031 1451 4080; x_wconf 87' lang='lat' dir='ltr'><strong>erat</strong></span> <span class='ocrx_word' id='word_1_689' title='bbox 1478 4041 1542 4097; x_wconf 85' lang='lat' dir='ltr'><strong>qaae</strong></span> <span class='ocrx_word' id='word_1_690' title='bbox 1561 4027 1698 4079; x_wconf 87' lang='lat' dir='ltr'><strong>cresceret</strong></span> 
     </span>
     <span class='ocr_line' id='line_1_102' title="bbox 844 4112 1698 4188; baseline -0.013 -15"><span class='ocrx_word' id='word_1_691' title='bbox 844 4134 910 4173; x_wconf 90' lang='lat' dir='ltr'><strong>cam</strong></span> <span class='ocrx_word' id='word_1_692' title='bbox 924 4116 1068 4188; x_wconf 82' lang='lat' dir='ltr'><strong>parvalis;</strong></span> <span class='ocrx_word' id='word_1_693' title='bbox 1085 4116 1132 4170; x_wconf 89' lang='lat' dir='ltr'><strong>sed</strong></span> <span class='ocrx_word' id='word_1_694' title='bbox 1150 4133 1202 4186; x_wconf 90' lang='lat' dir='ltr'><strong>ego</strong></span> <span class='ocrx_word' id='word_1_695' title='bbox 1216 4115 1395 4186; x_wconf 88' lang='lat' dir='ltr'><strong>dedignabar</strong></span> <span class='ocrx_word' id='word_1_696' title='bbox 1424 4130 1484 4169; x_wconf 87' lang='lat' dir='ltr'><strong>esse</strong></span> <span class='ocrx_word' id='word_1_697' title='bbox 1506 4112 1652 4184; x_wconf 83' lang='lat' dir='ltr'><strong>parvulus,</strong></span> <span class='ocrx_word' id='word_1_698' title='bbox 1669 4115 1698 4163; x_wconf 87' lang='lat' dir='ltr'><strong>et</strong></span> 
     </span>
     <span class='ocr_line' id='line_1_103' title="bbox 845 4203 1417 4275; baseline -0.007 -14"><span class='ocrx_word' id='word_1_699' title='bbox 845 4206 975 4275; x_wconf 88' lang='lat' dir='ltr'><strong>turgidus</strong></span> <span class='ocrx_word' id='word_1_700' title='bbox 989 4203 1064 4259; x_wconf 88' lang='lat' dir='ltr'><strong>fasta</strong></span> <span class='ocrx_word' id='word_1_701' title='bbox 1078 4203 1148 4258; x_wconf 90' lang='lat' dir='ltr'><strong>mihi</strong></span> <span class='ocrx_word' id='word_1_702' title='bbox 1163 4204 1278 4273; x_wconf 87' lang='lat' dir='ltr'><strong>grandis</strong></span> <span class='ocrx_word' id='word_1_703' title='bbox 1290 4203 1417 4258; x_wconf 87' lang='lat' dir='ltr'><strong>videbar.</strong></span> 
     </span>
    </p>

    <p class='ocr_par' dir='ltr' id='par_1_10' title="bbox 1023 4292 1515 4448">
     <span class='ocr_line' id='line_1_104' title="bbox 1177 4292 1360 4346; baseline -0.005 -1"><span class='ocrx_word' id='word_1_704' title='bbox 1177 4292 1290 4346; x_wconf 73' lang='lat' dir='ltr'><strong>CAPUT</strong></span> <span class='ocrx_word' id='word_1_705' title='bbox 1314 4293 1360 4345; x_wconf 83' lang='lat' dir='ltr'><strong>l&#39;l.</strong></span> 
     </span>
     <span class='ocr_line' id='line_1_105' title="bbox 1023 4379 1515 4448; baseline -0.01 -13"><span class='ocrx_word' id='word_1_706' title='bbox 1023 4382 1046 4435; x_wconf 74' lang='grc' dir='ltr'><strong>Α,</strong></span> <span class='ocrx_word' id='word_1_707' title='bbox 1072 4382 1231 4436; x_wconf 74' lang='lat' dir='ltr'><strong>Maccabeis</strong></span> <span class='ocrx_word' id='word_1_708' title='bbox 1255 4379 1387 4448; x_wconf 81' lang='lat' dir='ltr'><strong>quomodo</strong></span> <span class='ocrx_word' id='word_1_709' title='bbox 1410 4383 1515 4447; x_wconf 82' lang='lat' dir='ltr'><strong>eaptus.</strong></span> 
     </span>
    </p>

    <p class='ocr_par' dir='ltr' id='par_1_11' title="bbox 847 4465 1698 4716">
     <span class='ocr_line' id='line_1_106' title="bbox 884 4465 1698 4542; baseline -0.012 -15"><span class='ocrx_word' id='word_1_710' title='bbox 884 4476 925 4527; x_wconf 86' lang='lat' dir='ltr'><strong>ta.</strong></span> <span class='ocrx_word' id='word_1_711' title='bbox 942 4469 1030 4526; x_wconf 88' lang='lat' dir='ltr'><strong>lucidi</strong></span> <span class='ocrx_word' id='word_1_712' title='bbox 1045 4469 1142 4542; x_wconf 87' lang='lat' dir='ltr'><strong>itaque</strong></span> <span class='ocrx_word' id='word_1_713' title='bbox 1161 4470 1192 4523; x_wconf 94' lang='grc' dir='ltr'><strong>ιιι</strong></span> <span class='ocrx_word' id='word_1_714' title='bbox 1207 4470 1340 4523; x_wconf 88' lang='lat' dir='ltr'><strong>homines</strong></span> <span class='ocrx_word' id='word_1_715' title='bbox 1353 4467 1474 4538; x_wconf 90' lang='lat' dir='ltr'><strong>superbe</strong></span> <span class='ocrx_word' id='word_1_716' title='bbox 1490 4465 1654 4531; x_wconf 90' lang='lat' dir='ltr'><strong>delirantes,</strong></span> <span class='ocrx_word' id='word_1_717' title='bbox 1671 4469 1698 4517; x_wconf 90' lang='lat' dir='ltr'><strong>ot</strong></span> 
     </span>
     <span class='ocr_line' id='line_1_107' title="bbox 847 4553 1697 4630; baseline -0.011 -14"><span class='ocrx_word' id='word_1_718' title='bbox 847 4560 975 4617; x_wconf 90' lang='lat' dir='ltr'><strong>carnales</strong></span> <span class='ocrx_word' id='word_1_719' title='bbox 988 4559 1076 4614; x_wconf 88' lang='lat' dir='ltr'><strong>nimis</strong></span> <span class='ocrx_word' id='word_1_720' title='bbox 1090 4565 1118 4613; x_wconf 93' lang='lat' dir='ltr'><strong>ct</strong></span> <span class='ocrx_word' id='word_1_721' title='bbox 1129 4560 1274 4630; x_wconf 89' lang='lat' dir='ltr'><strong>loquaces,</strong></span> <span class='ocrx_word' id='word_1_722' title='bbox 1290 4557 1319 4610; x_wconf 91' lang='lat' dir='ltr'><strong>ia</strong></span> <span class='ocrx_word' id='word_1_723' title='bbox 1332 4571 1456 4627; x_wconf 91' lang='lat' dir='ltr'><strong>qaorum</strong></span> <span class='ocrx_word' id='word_1_724' title='bbox 1470 4568 1518 4608; x_wconf 92' lang='lat' dir='ltr'><strong>ore</strong></span> <span class='ocrx_word' id='word_1_725' title='bbox 1530 4553 1625 4623; x_wconf 88' lang='lat' dir='ltr'><strong>laquei</strong></span> <span class='ocrx_word' id='word_1_726' title='bbox 1634 4553 1697 4608; x_wconf 90' lang='lat' dir='ltr'><strong>dia-</strong></span> 
     </span>
     <span class='ocr_line' id='line_1_108' title="bbox 848 4641 1698 4716; baseline -0.009 -13"><span class='ocrx_word' id='word_1_727' title='bbox 848 4649 917 4716; x_wconf 91' lang='lat' dir='ltr'><strong>boli,</strong></span> <span class='ocrx_word' id='word_1_728' title='bbox 935 4654 963 4702; x_wconf 90' lang='lat' dir='ltr'><strong>et</strong></span> <span class='ocrx_word' id='word_1_729' title='bbox 976 4647 1086 4702; x_wconf 91' lang='lat' dir='ltr'><strong>viscum</strong></span> <span class='ocrx_word' id='word_1_730' title='bbox 1115 4647 1277 4702; x_wconf 85' lang='lat' dir='ltr'><strong>confectam</strong></span> <span class='ocrx_word' id='word_1_731' title='bbox 1297 4642 1499 4698; x_wconf 80' lang='lat' dir='ltr'><strong>commixtione</strong></span> <span class='ocrx_word' id='word_1_732' title='bbox 1526 4641 1698 4712; x_wconf 81' lang='lat' dir='ltr'><strong>syllabarum</strong></span> 
     </span>
    </p>
   </div>
   <div class='ocr_carea' id='block_1_8' title="bbox 849 4731 1700 4890">
    <p class='ocr_par' dir='ltr' id='par_1_12' title="bbox 849 4731 1700 4890">
     <span class='ocr_line' id='line_1_109' title="bbox 849 4731 1700 4802; baseline -0.009 -10"><span class='ocrx_word' id='word_1_733' title='bbox 849 4737 975 4792; x_wconf 90' lang='lat' dir='ltr'><strong>nominis</strong></span> <span class='ocrx_word' id='word_1_734' title='bbox 989 4737 1043 4802; x_wconf 88' lang='lat' dir='ltr'><strong>tui,</strong></span> <span class='ocrx_word' id='word_1_735' title='bbox 1059 4740 1087 4790; x_wconf 88' lang='lat' dir='ltr'><strong>ct</strong></span> <span class='ocrx_word' id='word_1_736' title='bbox 1102 4735 1216 4790; x_wconf 89' lang='lat' dir='ltr'><strong>Domini</strong></span> <span class='ocrx_word' id='word_1_737' title='bbox 1230 4735 1297 4789; x_wconf 89' lang='lat' dir='ltr'><strong>lesa</strong></span> <span class='ocrx_word' id='word_1_738' title='bbox 1311 4731 1426 4797; x_wconf 87' lang='lat' dir='ltr'><strong>Christi,</strong></span> <span class='ocrx_word' id='word_1_739' title='bbox 1444 4736 1472 4786; x_wconf 90' lang='lat' dir='ltr'><strong>et</strong></span> <span class='ocrx_word' id='word_1_740' title='bbox 1485 4731 1622 4786; x_wconf 87' lang='lat' dir='ltr'><strong>Paracleti</strong></span> <span class='ocrx_word' id='word_1_741' title='bbox 1636 4747 1700 4785; x_wconf 91' lang='lat' dir='ltr'><strong>con-</strong></span> 
     </span>
     <span class='ocr_line' id='line_1_110' title="bbox 849 4817 1699 4890; baseline -0.011 -12"><span class='ocrx_word' id='word_1_742' title='bbox 849 4823 980 4879; x_wconf 89' lang='lat' dir='ltr'><strong>solatoris</strong></span> <span class='ocrx_word' id='word_1_743' title='bbox 1001 4821 1093 4876; x_wconf 91' lang='lat' dir='ltr'><strong>nostri</strong></span> <span class='ocrx_word' id='word_1_744' title='bbox 1117 4820 1239 4890; x_wconf 87' lang='lat' dir='ltr'><strong>Spiritus</strong></span> <span class='ocrx_word' id='word_1_745' title='bbox 1263 4817 1361 4872; x_wconf 87' lang='lat' dir='ltr'><strong>sancti.</strong></span> <span class='ocrx_word' id='word_1_746' title='bbox 1388 4818 1453 4871; x_wconf 77' lang='lat' dir='ltr'><strong>llaec</strong></span> <span class='ocrx_word' id='word_1_747' title='bbox 1476 4817 1616 4870; x_wconf 85' lang='lat' dir='ltr'><strong>aomina³</strong></span> <span class='ocrx_word' id='word_1_748' title='bbox 1640 4829 1699 4870; x_wconf 92' lang='lat' dir='ltr'><strong>non</strong></span> 
     </span>
    </p>
   </div>
   <div class='ocr_carea' id='block_1_9' title="bbox 850 4903 1700 5072">
    <p class='ocr_par' dir='ltr' id='par_1_13' title="bbox 850 4903 1700 5072">
     <span class='ocr_line' id='line_1_111' title="bbox 850 4903 1700 4975; baseline -0.012 -8"><span class='ocrx_word' id='word_1_749' title='bbox 850 4912 1021 4967; x_wconf 88' lang='lat' dir='ltr'><strong>recedebant</strong></span> <span class='ocrx_word' id='word_1_750' title='bbox 1036 4911 1070 4965; x_wconf 88' lang='lat' dir='ltr'><strong>de</strong></span> <span class='ocrx_word' id='word_1_751' title='bbox 1084 4925 1133 4963; x_wconf 86' lang='lat' dir='ltr'><strong>oro</strong></span> <span class='ocrx_word' id='word_1_752' title='bbox 1149 4922 1259 4973; x_wconf 76' lang='lat' dir='ltr'><strong>cortun,</strong></span> <span class='ocrx_word' id='word_1_753' title='bbox 1277 4907 1325 4960; x_wconf 89' lang='lat' dir='ltr'><strong>sed</strong></span> <span class='ocrx_word' id='word_1_754' title='bbox 1336 4910 1418 4960; x_wconf 86' lang='lat' dir='ltr'><strong>lenas</strong></span> <span class='ocrx_word' id='word_1_755' title='bbox 1428 4920 1496 4960; x_wconf 90' lang='lat' dir='ltr'><strong>sono</strong></span> <span class='ocrx_word' id='word_1_756' title='bbox 1511 4903 1523 4940; x_wconf 73' lang='lat'>⁸</span> <span class='ocrx_word' id='word_1_757' title='bbox 1537 4910 1565 4959; x_wconf 91' lang='lat' dir='ltr'><strong>et</strong></span> <span class='ocrx_word' id='word_1_758' title='bbox 1579 4904 1700 4975; x_wconf 90' lang='lat' dir='ltr'><strong>strepitu</strong></span> 
     </span>
     <span class='ocr_line' id='line_1_112' title="bbox 850 4993 1699 5072; baseline -0.013 -16"><span class='ocrx_word' id='word_1_759' title='bbox 850 5002 969 5072; x_wconf 81' lang='lat' dir='ltr'><strong>lingaae3</strong></span> <span class='ocrx_word' id='word_1_760' title='bbox 984 5004 1012 5054; x_wconf 90' lang='lat' dir='ltr'><strong>et</strong></span> <span class='ocrx_word' id='word_1_761' title='bbox 1026 5002 1174 5062; x_wconf 74' lang='lat' dir='ltr'><strong>caeteram,</strong></span> <span class='ocrx_word' id='word_1_762' title='bbox 1195 5011 1242 5050; x_wconf 89' lang='lat' dir='ltr'><strong>cor</strong></span> <span class='ocrx_word' id='word_1_763' title='bbox 1256 4995 1342 5049; x_wconf 90' lang='lat' dir='ltr'><strong>inane</strong></span> <span class='ocrx_word' id='word_1_764' title='bbox 1355 4993 1425 5050; x_wconf 85' lang='lat' dir='ltr'><strong>vari.</strong></span> <span class='ocrx_word' id='word_1_765' title='bbox 1441 4995 1473 5048; x_wconf 88' lang='lat' dir='ltr'><strong>Et</strong></span> <span class='ocrx_word' id='word_1_766' title='bbox 1488 4993 1629 5058; x_wconf 88' lang='lat' dir='ltr'><strong>dicebant,</strong></span> <span class='ocrx_word' id='word_1_767' title='bbox 1647 4993 1699 5047; x_wconf 81' lang='lat' dir='ltr'><strong>Vo-</strong></span> 
     </span>
    </p>
   </div>
   <div class='ocr_carea' id='block_1_10' title="bbox 851 5133 1701 5573">
    <p class='ocr_par' dir='ltr' id='par_1_14' title="bbox 851 5133 1701 5325">
     <span class='ocr_line' id='line_1_113' title="bbox 883 5133 1701 5204; baseline -0.016 -11"><span class='ocrx_word' id='word_1_768' title='bbox 883 5147 890 5179; x_wconf 90' lang='lat'>¹</span> <span class='ocrx_word' id='word_1_769' title='bbox 903 5144 946 5193; x_wconf 86' lang='lat' dir='ltr'><strong>Sic</strong></span> <span class='ocrx_word' id='word_1_770' title='bbox 960 5143 1020 5192; x_wconf 80' lang='lat' dir='ltr'><strong>hlss.</strong></span> <span class='ocrx_word' id='word_1_771' title='bbox 1036 5153 1117 5204; x_wconf 86' lang='lat' dir='ltr'><strong>prope</strong></span> <span class='ocrx_word' id='word_1_772' title='bbox 1132 5150 1224 5188; x_wconf 88' lang='lat' dir='ltr'><strong>omnes</strong></span> <span class='ocrx_word' id='word_1_773' title='bbox 1239 5151 1298 5187; x_wconf 80' lang='lat' dir='ltr'><strong>erim</strong></span> <span class='ocrx_word' id='word_1_774' title='bbox 1321 5137 1394 5193; x_wconf 78' lang='lat' dir='ltr'><strong>aaa..</strong></span> <span class='ocrx_word' id='word_1_775' title='bbox 1410 5149 1495 5200; x_wconf 88' lang='lat' dir='ltr'><strong>neque</strong></span> <span class='ocrx_word' id='word_1_776' title='bbox 1512 5149 1587 5184; x_wconf 72' lang='lat' dir='ltr'><strong>sectis</strong></span> <span class='ocrx_word' id='word_1_777' title='bbox 1601 5133 1660 5180; x_wconf 84' lang='lat' dir='ltr'><strong>Am.</strong></span> <span class='ocrx_word' id='word_1_778' title='bbox 1676 5137 1701 5181; x_wconf 90' lang='lat' dir='ltr'><strong>ot</strong></span> 
     </span>
     <span class='ocr_line' id='line_1_114' title="bbox 851 5194 1701 5266; baseline -0.016 -11"><span class='ocrx_word' id='word_1_779' title='bbox 851 5208 905 5264; x_wconf 79' lang='lat' dir='ltr'><strong>En,</strong></span> <span class='ocrx_word' id='word_1_780' title='bbox 918 5205 969 5254; x_wconf 91' lang='lat' dir='ltr'><strong>nisi</strong></span> <span class='ocrx_word' id='word_1_781' title='bbox 979 5206 1050 5266; x_wconf 87' lang='lat' dir='ltr'><strong>qood</strong></span> <span class='ocrx_word' id='word_1_782' title='bbox 1063 5203 1218 5251; x_wconf 80' lang='lat' dir='ltr'><strong>scribantre</strong></span> <span class='ocrx_word' id='word_1_783' title='bbox 1233 5199 1367 5262; x_wconf 62' lang='lat' dir='ltr'><strong>vincebam</strong></span> <span class='ocrx_word' id='word_1_784' title='bbox 1379 5200 1474 5249; x_wconf 88' lang='lat' dir='ltr'><strong>atLov.</strong></span> <span class='ocrx_word' id='word_1_785' title='bbox 1485 5194 1701 5247; x_wconf 80' lang='lat' dir='ltr'><strong>othrababeat:</strong></span> 
     </span>
     <span class='ocr_line' id='line_1_115' title="bbox 853 5261 1522 5325; baseline -0.018 -5"><span class='ocrx_word' id='word_1_786' title='bbox 853 5271 887 5320; x_wconf 80' lang='lat' dir='ltr'><strong>at</strong></span> <span class='ocrx_word' id='word_1_787' title='bbox 904 5267 951 5318; x_wconf 87' lang='lat' dir='ltr'><strong>hoo</strong></span> <span class='ocrx_word' id='word_1_788' title='bbox 965 5266 1018 5316; x_wconf 87' lang='lat' dir='ltr'><strong>solo</strong></span> <span class='ocrx_word' id='word_1_789' title='bbox 1033 5265 1059 5314; x_wconf 85' lang='lat' dir='ltr'><strong>io</strong></span> <span class='ocrx_word' id='word_1_790' title='bbox 1073 5277 1112 5313; x_wconf 83' lang='lat' dir='ltr'><strong>ave</strong></span> <span class='ocrx_word' id='word_1_791' title='bbox 1123 5268 1197 5312; x_wconf 85' lang='lat' dir='ltr'><strong>tonia</strong></span> <span class='ocrx_word' id='word_1_792' title='bbox 1226 5264 1352 5323; x_wconf 77' lang='lat' dir='ltr'><strong>aaronita</strong></span> <span class='ocrx_word' id='word_1_793' title='bbox 1367 5261 1522 5325; x_wconf 72' lang='lat' dir='ltr'><strong>resciaebot.</strong></span> 
     </span>
    </p>

    <p class='ocr_par' dir='ltr' id='par_1_15' title="bbox 853 5319 1700 5443">
     <span class='ocr_line' id='line_1_116' title="bbox 885 5319 1700 5390; baseline -0.016 -10"><span class='ocrx_word' id='word_1_794' title='bbox 885 5329 894 5360; x_wconf 86' lang='lat'>²</span> <span class='ocrx_word' id='word_1_795' title='bbox 911 5332 956 5381; x_wconf 85' lang='lat' dir='ltr'><strong>l&#39;ia</strong></span> <span class='ocrx_word' id='word_1_796' title='bbox 971 5327 1080 5383; x_wconf 65' lang='lat' dir='ltr'><strong>biberat</strong></span> <span class='ocrx_word' id='word_1_797' title='bbox 1093 5326 1170 5390; x_wconf 84' lang='lat' dir='ltr'><strong>juxta</strong></span> <span class='ocrx_word' id='word_1_798' title='bbox 1190 5326 1231 5375; x_wconf 85' lang='lat' dir='ltr'><strong>Er.</strong></span> <span class='ocrx_word' id='word_1_799' title='bbox 1246 5325 1329 5387; x_wconf 83' lang='lat' dir='ltr'><strong>chgd.</strong></span> <span class='ocrx_word' id='word_1_800' title='bbox 1348 5325 1412 5375; x_wconf 83' lang='lat' dir='ltr'><strong>l’eu.</strong></span> <span class='ocrx_word' id='word_1_801' title='bbox 1427 5323 1495 5372; x_wconf 84' lang='lat' dir='ltr'><strong>Flor.</strong></span> <span class='ocrx_word' id='word_1_802' title='bbox 1516 5325 1540 5367; x_wconf 87' lang='lat' dir='ltr'><strong>et</strong></span> <span class='ocrx_word' id='word_1_803' title='bbox 1552 5319 1624 5367; x_wconf 78' lang='lat' dir='ltr'><strong>biart.</strong></span> <span class='ocrx_word' id='word_1_804' title='bbox 1641 5331 1700 5367; x_wconf 82' lang='lat' dir='ltr'><strong>cani</strong></span> 
     </span>
     <span class='ocr_line' id='line_1_117' title="bbox 853 5391 996 5443; baseline -0.042 0"><span class='ocrx_word' id='word_1_805' title='bbox 853 5394 942 5443; x_wconf 71' lang='lat' dir='ltr'><strong>alles.</strong></span> <span class='ocrx_word' id='word_1_806' title='bbox 961 5391 996 5440; x_wconf 83' lang='lat' dir='ltr'><strong>M.</strong></span> 
     </span>
    </p>

    <p class='ocr_par' dir='ltr' id='par_1_16' title="bbox 885 5453 1332 5504">
     <span class='ocr_line' id='line_1_118' title="bbox 885 5453 1332 5504; baseline -0.013 0"><span class='ocrx_word' id='word_1_807' title='bbox 885 5459 895 5489; x_wconf 77' lang='lat'><strong>³</strong></span> <span class='ocrx_word' id='word_1_808' title='bbox 910 5457 972 5504; x_wconf 85' lang='lat' dir='ltr'><strong>Lov.</strong></span> <span class='ocrx_word' id='word_1_809' title='bbox 988 5466 994 5502; x_wconf 94' lang='lat'>:</span> <span class='ocrx_word' id='word_1_810' title='bbox 1012 5453 1072 5501; x_wconf 74' lang='lat' dir='ltr'><strong>Ha&#39;o</strong></span> <span class='ocrx_word' id='word_1_811' title='bbox 1085 5453 1155 5500; x_wconf 82' lang='lat' dir='ltr'><strong>enim</strong></span> <span class='ocrx_word' id='word_1_812' title='bbox 1168 5453 1257 5500; x_wconf 83' lang='lat' dir='ltr'><strong>oeveaia</strong></span> <span class='ocrx_word' id='word_1_813' title='bbox 1272 5464 1332 5500; x_wconf 90' lang='grc' dir='ltr'>ιιοιι.</span> 
     </span>
    </p>

    <p class='ocr_par' dir='ltr' id='par_1_17' title="bbox 886 5513 1428 5573">
     <span class='ocr_line' id='line_1_119' title="bbox 886 5513 1428 5573; baseline -0.011 -9"><span class='ocrx_word' id='word_1_814' title='bbox 886 5519 896 5550; x_wconf 68' lang='lat'>⁸</span> <span class='ocrx_word' id='word_1_815' title='bbox 911 5521 923 5563; x_wconf 82' lang='grc' dir='ltr'><strong>ι</strong></span> <span class='ocrx_word' id='word_1_816' title='bbox 938 5518 1010 5572; x_wconf 76' lang='lat' dir='ltr'><strong>blas..</strong></span> <span class='ocrx_word' id='word_1_817' title='bbox 1025 5516 1097 5564; x_wconf 76' lang='lat' dir='ltr'><strong>tentet</strong></span> <span class='ocrx_word' id='word_1_818' title='bbox 1107 5526 1187 5573; x_wconf 76' lang='lat' dir='ltr'><strong>soevo3</strong></span> <span class='ocrx_word' id='word_1_819' title='bbox 1204 5513 1257 5573; x_wconf 88' lang='lat' dir='ltr'><strong>alii,</strong></span> <span class='ocrx_word' id='word_1_820' title='bbox 1272 5516 1350 5562; x_wconf 79' lang='lat' dir='ltr'><strong>terere</strong></span> <span class='ocrx_word' id='word_1_821' title='bbox 1360 5523 1428 5558; x_wconf 80' lang='grc' dir='ltr'>ιοιιο.</span> 
     </span>
    </p>
   </div>
   <div class='ocr_carea' id='block_1_11' title="bbox 0 0 1953 6112">
    <p class='ocr_par' dir='ltr' id='par_1_18' title="bbox 0 0 1953 6112">
     <span class='ocr_line' id='line_1_120' title="bbox 0 0 1953 6112; baseline 0 0"><span class='ocrx_word' id='word_1_822' title='bbox 0 0 1953 6112; x_wconf 95' lang='lat' dir='ltr'><strong> </strong></span> 
     </span>
    </p>
   </div>
  </div>
 </body>
</html>
