3884 6112
90 270 162 321 1273

88 387 257 460 aperiatque
272 379 473 456 pulsantibus.
488 383 693 438 Verumtamen
707 383 862 439 maximam
879 400 943 456 par·

88 475 150 535 tem
164 474 316 530 bominum
330 473 384 528 ista
399 472 556 544 quaestione
576 473 704 544 torqueri
731 490 789 530 non
812 474 849 529 ob
864 472 943 528 aliud

90 562 272 632 crediderim,
288 562 344 616 nisi
359 562 496 633 quianon
511 561 557 633 pic
571 566 714 632 quaerunt,
730 562 942 633 velocioresque

90 651 209 706 suntad
225 650 446 715 exeusationem,
463 664 552 719 quam
566 648 602 702 ad
616 649 826 704 confessionem
847 664 943 721 pacea-

91 744 187 794 torum
205 754 331 794 suorum.
347 737 403 792 Alii
418 737 495 792 enim
510 737 620 791 nullam
646 736 773 792 divinam
786 737 942 809 providen-

91 827 163 884 tiam
177 843 299 899 praeesse
314 826 398 881 rebus
412 825 842 897 humanislibenteropinantur,
858 825 942 880 dum-

90 931 149 988 que
166 915 291 970 fortuitis
306 912 606 969 committunteasibus
621 918 650 968 et
661 913 773 970 animos
786 919 816 969 et
823 930 943 985 corpora

92 1021 155 1072 sua,
174 1004 290 1058 tradunt
313 1018 343 1057 se
363 1002 506 1057 feriendos
530 1006 559 1056 et
573 1000 752 1057 dilaniandos
766 1001 942 1070 libidinibus,

93 1092 191 1149 divina
202 1091 311 1164 judicia
330 1095 476 1162 negantes,
492 1090 620 1145 humana
633 1090 774 1159 fallentes,
791 1107 865 1146 cosa
880 1090 942 1162 qni·

91 1182 147 1238 bns
161 1184 340 1247 accusantur,
354 1180 478 1234 fortunae
491 1178 652 1250 patrocinio
666 1181 835 1252 propulsare
849 1196 878 1234 se
892 1196 945 1251 pu·

92 1271 176 1338 tant;
193 1286 280 1341 quam
292 1273 390 1324 tamen
406 1284 510 1324 eaeeam
525 1268 661 1340 effingere
687 1285 718 1324 ac
737 1268 857 1340 pingere
873 1285 944 1323 con-

92 1363 259 1427 sueverunt,
280 1363 313 1413 ut
336 1364 385 1412 aut
401 1359 534 1413 meliores
557 1373 591 1413 ea
614 1357 672 1412 sint
698 1374 716 1412 a
743 1375 800 1430 qua
829 1373 859 1412 se
883 1357 945 1429 regi

93 1444 279 1515 arbitrantur,
295 1452 346 1501 aut
359 1463 389 1501 se
405 1462 519 1519 quoque
544 1462 610 1501 cnm
637 1446 738 1502 eadem
766 1446 894 1502 caecitate
918 1451 946 1502 et

94 1535 200 1592 sentire
221 1535 275 1590 ista
302 1536 446 1590 fateantur
462 1540 491 1590 et
516 1534 620 1590 dicerc.
649 1537 705 1590 Nec
733 1535 812 1591 enim
840 1535 945 1591 talibus

92 1624 216 1680 absurde
230 1624 315 1679 etiam
335 1623 500 1679 conceditur
528 1624 639 1678 casibus
654 1640 702 1682 sos
730 1639 814 1696 agere
836 1623 943 1692 omnia,

94 1713 210 1786 quando
226 1713 337 1783 agendo
355 1713 466 1767 eadunt.
483 1711 538 1767 Sed
550 1714 685 1768 adversus
695 1713 769 1768 bane
779 1712 945 1784 opinionem

92 1802 211 1874 plenam
223 1800 383 1856 stultissimi
398 1818 430 1855 ae
444 1800 650 1856 dementissimi
663 1801 780 1868 erroris,
811 1802 889 1869 satis,
913 1807 944 1857 nt

94 1890 230 1957 arbitror,
255 1891 379 1944 secunda
400 1896 498 1945 nostra
526 1889 764 1945 sermocinatione
791 1890 945 1946 dissertum

49 2020 51 2027 .
95 1978 149 2035 est.
163 1978 221 2034 Alii
234 1995 301 2034 vero
318 1995 483 2051 quanquam
509 1994 615 2050 negare
630 1995 688 2034 non
702 1979 828 2034 audeant
849 1979 945 2051 preasi-

96 2068 165 2124 dere
180 2068 314 2123 humanae
329 2067 394 2122 vitae
409 2067 621 2138 providentiam
637 2068 699 2138 Dei,
723 2069 835 2124 malunt
849 2073 946 2123 temen

96 2174 161 2215 eam
176 2158 221 2212 vel
234 2157 391 2227 infirmam,
407 2158 450 2212 rel
475 2157 624 2229 injustam,
643 2159 688 2214 vel
716 2159 822 2214 malam
837 2157 946 2213 nefario

96 2264 193 2304 errore
212 2248 337 2314 credere,
365 2262 453 2319 quarn
481 2263 532 2301 sua
559 2250 675 2318 peccata
693 2247 799 2319 pietate
825 2246 947 2319 supplici

96 2335 241 2392 confiteri.
261 2335 315 2400 Oui
329 2351 428 2390 omncs
443 2335 467 2388 si
477 2335 645 2406 persuaderi
657 2334 712 2390 sibi
726 2340 902 2407 paterentur,
916 2338 949 2391 ut

95 2440 165 2481 eum
180 2425 214 2480 de
228 2425 335 2497 optimo
346 2428 374 2479 et
385 2423 544 2495 justissimo
560 2428 588 2479 et
599 2424 797 2495 potentissimo
811 2424 948 2496 cogitant,

95 2513 255 2570 bonitatem
273 2520 302 2567 et
313 2512 453 2584 justitiam
466 2517 494 2566 et
507 2515 667 2584 potentiam
682 2514 733 2568 Dei
747 2513 833 2585 longe
856 2513 947 2585 majo·

49 2607 51 2613 “
95 2618 161 2658 rem
176 2601 412 2672 superioremque
427 2618 487 2657 esse
511 2602 668 2669 crederent,
694 2618 782 2674 quom
808 2601 949 2674 quidquid

96 2689 272 2762 cogitatione
285 2688 467 2760 concipiunt;
483 2689 754 2762 considerantesque
769 2690 947 2761 semetipsos,

96 2779 206 2852 gratias
220 2780 277 2834 Deo
297 2795 326 2832 sa
342 2778 445 2834 debere
469 2779 674 2849 intelligerent,
704 2779 817 2834 etiamsi
840 2777 950 2850 aliquid

96 2869 220 2926 inferius
235 2884 282 2923 eos
301 2866 439 2923 voluisset
466 2883 627 2939 essequam
656 2871 731 2932 sunt,
759 2867 949 2938 omnibusque

97 2955 211 3012 ossibus
228 2960 257 3010 et
268 2954 400 3010 medullis
413 2954 594 3010 conscientiae
609 2970 669 3010 suae
690 2955 849 3010 clamarent
864 2970 871 3010 :
892 2957 950 3023 Ego

97 3044 171 3113 dici,
185 3047 304 3112 Domine,
321 3047 448 3099 miserere
460 3045 522 3110 mn,
538 3057 604 3098 euro
627 3045 748 3099 enimam
771 3059 867 3110 mom,
885 3045 951 3113 quie

95 3135 211 3206 meconi
225 3131 276 3186 tibi
285 3132 369 3202 (Psoi.
386 3147 431 3201 nx,
447 3131 474 3199 5)
491 3147 498 3185 ε
514 3130 554 3186 ita
568 3130 651 3187 certis
670 3131 822 3187 itineribus
847 3132 950 3187 divinae

98 3220 304 3277 misericordiae
318 3219 348 3274 in
360 3218 530 3291 sapientiam
544 3219 725 3288 ducerentur,
740 3226 773 3276 ut
787 3236 881 3292 neque
906 3221 952 3274 in·

98 3309 192 3366 ventis
207 3309 292 3364 rebus
305 3307 408 3378 intlati,
425 3324 518 3381 neque
534 3325 592 3363 non
600 3309 724 3364 inventis
738 3309 906 3377 turbulenti,
924 3314 952 3365 et

99 3397 300 3471 cognoscendo
314 3397 510 3452 instructiores
533 3397 636 3453 fierent
662 3400 698 3454 ad
724 3398 906 3467 videndum²,
924 3403 952 3454 et

76 3489 138 3575 'ad
153 3487 341 3560 quaerendum
353 3486 513 3559 ignorando
527 3487 663 3542 mitiores.
681 3487 743 3542 Tibi
752 3504 819 3543 vero
833 3489 879 3543 eui
891 3489 951 3560 jam

98 3578 155 3635 hoc
167 3592 336 3648 persuasum
350 3591 410 3630 esse
426 3592 485 3630 non
500 3575 610 3644 dubito,
626 3576 689 3631 vide
705 3592 793 3648 quam
808 3577 891 3632 leeile
914 3577 949 3632 de

97 3669 160 3721 tam
175 3681 280 3735 magna
294 3664 452 3737 quaestione
481 3665 682 3736 respondeam,
702 3681 767 3721 eum
784 3665 855 3721 mibi
869 3665 951 3737 prior

99 3753 293 3825 interroganti
306 3771 397 3826 panea
408 3753 600 3825 responderis.

100 3861 216 3918 CAPUT
227 3861 275 3916 111.
291 3889 327 3901 —
340 3863 389 3916 Dei
403 3863 577 3931 praecinctio
601 3877 655 3918 aron
670 3863 755 3932 efficit
781 3866 812 3917 nt
834 3877 888 3918 non
916 3863 951 3918 o·-

334 3951 398 4004 bero
419 3951 556 4006 votnirtote
573 3967 722 4022 peccemus.

138 4059 168 4113 6.
188 4056 270 4111 Certe
278 4056 414 4112 enimhoe
423 4060 448 4112 te
454 4061 559 4123 movet,
570 4061 598 4112 et
607 4059 660 4113 hoc
671 4058 793 4126 miraris,
807 4058 952 4130 quomodo

100 4161 162 4202 non
177 4145 233 4200 sint
247 4146 389 4200 contraria
402 4150 430 4201 et
443 4147 645 4217 repugnantia,
656 4149 722 4201 utet
732 4148 807 4200 Dens
817 4146 953 4218 praescius

100 4233 141 4290 sit
157 4233 286 4289 omnium
300 4234 472 4301 futurorum,
500 4240 529 4289 et
552 4250 604 4289 nos
627 4250 685 4289 non
710 4235 887 4303 necessitate,
896 4234 952 4308 ¹sed

99 4323 250 4379 voluntate
262 4339 421 4395 peccemus.
440 4323 469 4379 Si
484 4323 561 4378 enim
575 4322 710 4394 praescius
737 4327 781 4378 est
806 4324 891 4390 Dens,
907 4322 952 4377 in·

100 4411 178 4484 quis,
192 4417 376 4482 peccaturum
391 4428 452 4467 esse
467 4411 624 4479 hominem,
640 4426 754 4466 neeesse
774 4416 818 4466 est
831 4416 862 4466 nt
883 4427 952 4483 peo-

99 4503 149 4556 cet
164 4516 171 4554 :
188 4500 211 4554 si
225 4505 321 4556 antem
336 4516 450 4555 necesse
463 4505 516 4570 est,
531 4517 592 4555 non
614 4516 683 4572 ergo
707 4500 796 4555 estin
810 4501 952 4570 peccando

99 4587 258 4644 voluntatis
274 4589 436 4656 arbitrium,
452 4590 501 4644 sed
511 4590 607 4661 potius
622 4588 792 4644 inevitabilis
803 4589 953 4645 etfixane·

99 4678 227 4735 cessitas.
243 4678 304 4743 Qua
318 4678 536 4733 ratiocinatione
550 4679 603 4732 hoc
615 4677 746 4733 videlieet
768 4693 804 4732 ne
819 4678 951 4732 conficia-

97 4771 150 4824 tur
163 4767 256 4834 times,
273 4772 306 4823 ut
320 4774 369 4823 aut
384 4769 458 4823 Deus
473 4769 636 4822 futurorum
659 4766 791 4822 omnium
815 4767 951 4838 praescius

91 4855 190 4926 ‘impie
204 4861 336 4929 negetur,
353 4862 403 4912 aut
414 4856 438 4910 si
452 4857 507 4910 hoe
521 4872 627 4926 negare
654 4872 712 4911 non
725 4872 887 4927 possumus,
912 4856 948 4911 la·

97 4949 215 5001 teamur
228 4962 286 5000 non
310 4946 466 5011 voluntate,
495 4944 544 4999 sed
568 4944 735 4999 necessitate
763 4943 874 5015 peccari
890 4960 897 4998 :
913 4960 951 4998 an

99 5033 211 5105 aliquid
221 5034 300 5088 alind
311 5039 339 5087 te
353 5035 471 5088 movet?
484 5036 517 5088 Ε.
534 5032 610 5088 Nihil
624 5032 833 5087 interimaliud.
848 5033 884 5088 A.
896 5033 951 5088 Res

99 5139 171 5193 ergo
186 5122 331 5177 universas
338 5138 461 5192 quarum
475 5123 550 5178 Deus
564 5127 606 5177 cst
615 5122 762 5194 praescius,
778 5138 838 5176 non
851 5122 950 5176 volun·

98 5215 160 5268 tate
175 5210 225 5266 sed
244 5208 412 5264 necessitate
427 5209 490 5264 lieri
504 5214 596 5281 putas.
620 5211 653 5266 Ε.
670 5209 793 5266 Omnino
812 5210 854 5264 ita
867 5213 948 5280 puto.

134 5353 142 5386 ¹
160 5351 192 5402 lu
207 5352 268 5400 ltlss.
277 5349 472 5414 septemdecim,
485 5349 609 5402 Panaeti
618 5349 791 5404 vehementer
804 5353 951 5404 moneor·

99 5413 176 5466 dum
190 5417 244 5464 Dei.
256 5414 340 5472 Adsit,
353 5417 403 5462 etc.

135 5476 146 5510 ²
160 5476 202 5525 Sic
212 5477 239 5526 in
254 5478 314 5526 Mes.
331 5488 434 5525 novem.
446 5475 526 5525 Porro
539 5475 566 5525 in
579 5474 679 5541 aliquot
687 5476 755 5537 aliis,
770 5477 876 5542 etapud
886 5478 948 5528 lind.

100 5539 146 5589 Er.
162 5544 188 5589 et
197 5539 260 5589 ιον.
272 5539 392 5598 babetur,
406 5536 443 5590 od
451 5539 604 5589 vivendum.

824 261 930 317 LIBER
958 257 1120 317 TERTIUS.

1775 258 1844 312 {274

999 388 1035 440 A.
1054 384 1253 457 Expergiscere
1281 384 1408 454 undem,
1424 389 1512 456 teque
1525 384 1621 455 ipsum
1633 383 1784 455 paululum
1798 383 1842 438 in-

998 479 1089 542 tuere,
1106 479 1135 530 et
1149 474 1194 530 die
1206 473 1288 544 mihi,
1302 474 1326 530 si
1338 478 1428 546 potes,
1444 476 1558 546 qualem
1573 474 1611 530 sis
1625 474 1773 529 habiturus
1783 490 1845 530 cras

997 564 1183 632 voluntatem,
1198 562 1447 634 utrumpeccandi,
1460 579 1496 618 an
1510 567 1585 618 recte
1599 561 1731 618 faciendi.
1744 562 1844 617 mua-

998 651 1064 706 scio.
1089 653 1128 708 A.
1153 651 1251 716 Quid?
1272 655 1363 707 Deum
1394 651 1497 706 itidem
1520 651 1629 706 nescire
1657 651 1711 706 boe
1736 651 1844 722 putas?

997 741 1036 796 Ε.
1052 741 1136 796 Nullo
1151 741 1238 796 modo
1253 742 1284 797 id
1298 741 1468 812 putaverim.
1482 741 1519 796 A.
1535 739 1564 796 Si
1578 756 1647 811 ergo
1669 741 1845 795 voluntatem

999 833 1077 884 tuam
1093 829 1245 884 crastinam
1258 829 1348 897 novit,
1363 833 1391 884 et
1403 828 1533 885 omnium
1546 827 1708 894 hominurn,
1724 826 1782 881 sive
1795 825 1846 896 qui

999 922 1075 984 sunt,
1086 918 1144 972 sive
1155 918 1203 989 qui
1218 918 1307 974 futuri
1315 923 1390 986 sunt,
1403 918 1514 973 suturas
1524 916 1663 990 praevidet
1676 915 1845 981 voluntates,

998 1005 1089 1059 multo
1105 1005 1196 1076 magis
1210 1006 1348 1086 praevidet
1362 1005 1431 1077 quid
1446 1005 1481 1060 de
1493 1005 1577 1076 justis
1591 1004 1745 1075 impiisque
1759 1002 1846 1057 iaetu-

997 1109 1046 1147 rus
1060 1093 1152 1149 sitE.
1161 1096 1278 1149 Prorsus
1291 1094 1314 1149 si
1322 1110 1454 1149 meorum
1460 1109 1582 1165 operum
1590 1092 1744 1164 praescium
1754 1092 1845 1144 Deum

999 1181 1073 1249 dico,
1088 1183 1179 1237 multo
1197 1183 1332 1237 fidentius
1361 1199 1428 1238 eum
1456 1182 1578 1238 dixerim
1605 1180 1737 1259 praescire
1757 1194 1846 1250 opera

999 1287 1061 1339 sua,
1069 1276 1096 1326 et
1105 1271 1173 1342 quid
1182 1271 1218 1325 sit
1226 1271 1515 1327 facturuscertissime
1523 1270 1689 1342 praevidere.
1698 1270 1734 1324 A.
1746 1270 1846 1324 Nonne

999 1359 1088 1432 igitur
1103 1376 1183 1415 caves
1197 1375 1234 1414 ne
1249 1360 1301 1415 tibi
1315 1359 1434 1429 dicatur,
1450 1361 1537 1416 etiam
1549 1360 1645 1432 ipsum
1658 1372 1846 1431 quaecumque

999 1449 1124 1504 facturus
1138 1453 1189 1515 est,
1205 1465 1263 1504 non
1273 1450 1420 1504 voluntate
1435 1449 1484 1504 sed
1508 1448 1675 1503 necessitate
1693 1447 1846 1512 facturum,

1000 1536 1025 1591 si
1036 1537 1133 1592 omnia
1147 1553 1269 1609 quorum
1280 1539 1355 1593 Deus
1367 1537 1502 1609 praescius
1517 1541 1567 1605 est,
1582 1535 1749 1591 necessitate
1763 1534 1846 1597 liunt,

1000 1641 1059 1680 non
1075 1627 1243 1681 voluntate?
1258 1628 1299 1683 Ε.
1316 1628 1375 1698 Ego
1390 1643 1455 1682 cum
1469 1624 1770 1696 diceremssneeessitate
1783 1621 1849 1677 nni·

999 1731 1080 1769 versa
1094 1714 1158 1769 fieri
1171 1731 1236 1787 quos
1251 1717 1326 1772 Deus
1339 1717 1436 1771 lutura
1445 1715 1594 1787 praescivit,
1605 1731 1639 1769 ea
1652 1711 1849 1767 solaintuebar

1000 1818 1065 1875 quaa
1079 1803 1109 1857 in
1124 1808 1253 1858 ereatura
1268 1805 1329 1875 eius
1341 1804 1425 1872 finnt,
1446 1819 1503 1858 non
1521 1807 1618 1858 autem
1633 1817 1698 1873 qnae
1719 1800 1846 1871 inipso:

1000 1892 1150 1947 nonenim
1165 1909 1198 1947 ea
1208 1894 1291 1961 liunt,
1307 1894 1358 1948 sed
1372 1897 1439 1947 sunt
1448 1892 1631 1963 sempiterna.
1643 1892 1679 1946 A.
1694 1889 1770 1944 Nihil
1779 1904 1848 1960 ergo

999 1979 1031 2035 in
1045 1996 1097 2034 sua
1110 1984 1241 2036 creatura
1254 1985 1391 2051 operatur
1406 1981 1491 2035 Deus.
1511 1979 1550 2036 Ε.
1565 1980 1629 2034 lam
1642 1977 1730 2032 semel
1747 1975 1847 2031 statuit

1002 2067 1246 2140 quemadmodum
1259 2069 1369 2126 teratur
1383 2068 1452 2122 ordo
1468 2069 1531 2139 ejus
1553 2065 1747 2122 universitatis
1761 2080 1849 2136 qnam

1001 2157 1129 2212 condidit
1141 2178 1150 2226 3
1163 2174 1255 2229 neque
1269 2158 1349 2213 enim
1362 2157 1472 2229 aliquid
1490 2172 1565 2211 nova
1591 2155 1736 2210 voluntate
1755 2152 1850 2209 admi-

1001 2246 1111 2301 nistrat.
1122 2246 1159 2302 A.
1176 2247 1322 2318 Numquid
1337 2245 1607 2302 neminembeatum
1618 2244 1709 2299 taciti
1724 2244 1760 2300 E.
1774 2241 1851 2298 Facit

1002 2353 1078 2393 vero.
1094 2339 1131 2392 A.
1148 2338 1225 2392 Tunc
1238 2338 1337 2409 utique
1351 2337 1428 2406 lacit,
1444 2336 1560 2408 qnando
1575 2335 1625 2390 ille
1638 2333 1679 2389 fit.
1691 2335 1728 2390 E.
1745 2334 1850 2388 ltaest.

1002 2427 1038 2481 A.
1054 2425 1084 2481 Si
1097 2426 1196 2496 igitur,
1211 2426 1291 2481 verbi
1305 2427 1404 2497 gratia,
1428 2429 1493 2496 post
1518 2439 1627 2479 annum
1653 2422 1754 2477 beatus
1773 2421 1849 2476 tntu·

1002 2530 1053 2570 rus
1068 2519 1298 2585 es,postonnum
1314 2521 1339 2570 te
1354 2515 1470 2570 beatum
1491 2514 1619 2569 facturus
1631 2515 1683 2567 est.
1697 2511 1737 2566 Ε.
1749 2509 1851 2565 Etiam.

1002 2605 1039 2658 A.
1055 2604 1118 2658 iarn
1131 2619 1199 2674 ergo
1214 2603 1328 2673 praescit
1340 2603 1425 2658 hodie
1441 2602 1517 2674 quod
1532 2606 1595 2673 post
1609 2599 1852 2655 annumlaeturus

1004 2694 1056 2747 est.
1071 2693 1106 2746 Ε.
1121 2692 1239 2761 Semper
1254 2692 1308 2747 hoc
1321 2690 1462 2762 praescivit
1474 2707 1481 2745 :
1494 2706 1571 2745 nuno
1584 2704 1698 2762 quoqne
1716 2687 1770 2743 hoe
1786 2701 1852 2743 cum

1004 2780 1136 2851 praescire
1151 2780 1310 2846 consentio,
1323 2779 1348 2834 si
1358 2780 1449 2834 estita
1463 2778 1603 2833 futurum.

1038 2872 1066 2923 7.
1081 2869 1117 2924 A.
1136 2867 1194 2936 Die,
1212 2884 1320 2940 quaeso,
1336 2883 1407 2922 num
1421 2871 1453 2922 tu
1465 2866 1662 2938 creaturaejus
1675 2880 1733 2921 non
1748 2879 1788 2932 es,
1804 2868 1854 2920 aut
1872 2915 1875 2921 .

1004 2961 1055 3012 tua
1068 2957 1216 3013 beatitudo
1227 2973 1286 3012 non
1300 2957 1330 3012 in
1345 2961 1372 3012 te
1387 2956 1455 3011 fiat?
1470 2958 1510 3012 E.
1530 2958 1591 3012 lmo
1605 2961 1634 3011 et
1647 2960 1777 3010 ereatura
1791 2955 1853 3026 eiua

1006 3062 1081 3117 sum,
1098 3050 1127 3101 et
1140 3046 1170 3100 in
1185 3062 1230 3101 me
1245 3045 1297 3101 liet
1310 3047 1387 3117 quod
1401 3045 1500 3101 beatus
1515 3061 1572 3101 ero.
1590 3046 1627 3100 A.
1641 3045 1705 3099 Non
1719 3059 1787 3114 ergo
1801 3058 1852 3098 vo·

1005 3135 1115 3190 luntate
1131 3134 1179 3189 sed
1191 3134 1359 3189 necessitate
1373 3134 1404 3189 in
1420 3138 1448 3189 te
1462 3135 1513 3189 liet
1526 3133 1672 3189 beatitudo
1683 3139 1731 3187 tua
1745 3133 1802 3188 Deo
1818 3131 1854 3186 ia-

1005 3222 1107 3279 ciente.
1122 3225 1160 3280 Ε.
1177 3224 1311 3279 Voluntas
1324 3223 1403 3280 illius
1430 3223 1502 3278 mihi
1516 3227 1558 3278 est
1584 3221 1745 3278 necessitas.
1759 3224 1796 3276 A.
1811 3221 1854 3277 'l'u

1005 3313 1103 3384 itaque
1119 3312 1223 3368 invitus
1232 3313 1331 3368 beatus
1344 3313 1409 3368 eris.
1425 3314 1462 3370 Ε.
1480 3312 1548 3368 tlibi
1559 3312 1584 3367 si
1597 3316 1670 3366 esset
1683 3314 1807 3382 potestas
1822 3314 1854 3366 ut

1006 3417 1097 3457 essem
1111 3403 1232 3472 beatus¹‚
1251 3401 1311 3473 jam
1325 3402 1452 3474 proiecto
1467 3417 1560 3457 essem
1576 3417 1584 3456 s
1598 3401 1663 3455 volo
1677 3400 1756 3455 enim
1767 3399 1854 3453 etiam

1005 3506 1092 3560 nune,
1104 3495 1132 3546 et
1146 3507 1204 3547 non
1218 3506 1293 3557 sum,
1307 3491 1374 3562 quia
1388 3506 1447 3544 non
1460 3506 1524 3561 ego,
1548 3489 1599 3544 sed
1612 3489 1661 3544 ille
1675 3503 1722 3544 me
1736 3488 1854 3542 beatum

1003 3578 1082 3636 facit.
1097 3581 1133 3635 A.
1150 3579 1262 3650 Optime
1279 3580 1313 3634 de
1329 3584 1357 3635 te
1371 3578 1477 3634 veritas
1492 3579 1604 3633 clamat.
1622 3579 1685 3633 Non
1700 3578 1777 3631 enirn
1791 3591 1855 3647 pos-

1005 3682 1051 3722 ses
1064 3667 1141 3723 aliud
1161 3668 1265 3722 sentire
1280 3683 1341 3723 esse
1363 3667 1395 3724 in
1417 3671 1557 3739 potestate
1580 3670 1686 3734 nostra,
1701 3665 1758 3721 nisi
1778 3665 1855 3737 quod

1006 3773 1072 3813 cum
1085 3759 1228 3823 volumus,
1244 3756 1373 3812 tacimus.
1387 3756 1568 3827 Quapropter
1581 3755 1655 3810 nihil
1666 3759 1726 3811 tam
1738 3754 1770 3810 in
1797 3770 1851 3810 no-

1006 3850 1065 3901 stra
1077 3850 1228 3917 potestate,
1241 3861 1328 3917 quam
1341 3845 1403 3916 ipsa
1414 3845 1547 3901 voluntas
1559 3849 1611 3900 est.
1628 3846 1666 3900 Ea
1679 3844 1757 3899 enim
1771 3858 1854 3914 pror·

1007 3952 1054 3991 sus
1065 3937 1145 3991 nullo
1165 3936 1323 4003 intervallo,
1339 3951 1406 3990 mox
1435 3939 1468 3990 ut
1481 3935 1614 3990 volumus
1628 3939 1733 4005 praesto
1749 3938 1791 3988 est
1805 3933 1852 4004 (o).

1007 4025 1040 4079 Et
1052 4025 1116 4079 ideo
1128 4029 1203 4079 reete
1216 4039 1368 4095 possumus
1378 4023 1483 4089 dicere,
1500 4024 1562 4077 Non
1576 4020 1854 4077 voluntateseuesci·

1006 4107 1096 4178 mns²,
1111 4109 1160 4163 sed
1174 4108 1340 4162 necessitate
1353 4127 1361 4173 ς
1373 4110 1431 4172 aut,
1457 4121 1516 4161 non
1532 4106 1679 4160 voluntate
1703 4104 1854 4170 morimur,

1007 4197 1057 4251 sed
1071 4196 1239 4251 necessitate
1251 4214 1260 4263 ;
1273 4200 1302 4251 et
1314 4195 1338 4249 si
1353 4195 1423 4267 quid
1437 4194 1515 4250 aliud
1526 4192 1713 4264 anusmodi:
1729 4209 1785 4247 non
1803 4209 1854 4248 vo-

1006 4286 1113 4339 luntate
1128 4287 1225 4338 autem
1236 4285 1378 4354 volumus,
1390 4284 1455 4356 quis
1466 4284 1510 4337 vel
1519 4281 1624 4337 delirus
1635 4281 1855 4336 audeatdioere‘?

1007 4373 1210 4439 Quamobrem,
1225 4373 1355 4444 quamvis
1376 4371 1510 4445 praesciat
1520 4371 1593 4426 Deus
1605 4372 1716 4423 nostras
1726 4369 1855 4424 volunta·

1006 4467 1048 4516 tes
1062 4461 1183 4530 futuras,
1198 4478 1258 4516 non
1272 4478 1305 4516 cx
1317 4477 1351 4516 eo
1365 4466 1463 4517 tamen
1472 4457 1621 4513 conficitur
1634 4462 1667 4512 ut
1680 4473 1739 4512 non
1752 4457 1854 4513 volun-

1006 4556 1064 4606 tate
1073 4551 1182 4623 aliquid
1193 4553 1322 4607 velimus.
1335 4552 1442 4606 Namet
1455 4549 1491 4603 de
1504 4546 1679 4603 beatitudine
1693 4547 1771 4618 quod
1784 4546 1855 4602 dixi-

1006 4641 1053 4708 sti,
1070 4657 1128 4696 non
1140 4641 1189 4696 abs
1203 4642 1293 4711 teipsa
1305 4640 1419 4695 beatum
1434 4636 1508 4704 lieri,
1523 4636 1563 4691 ita
1579 4634 1685 4704 dixisti,
1701 4635 1784 4708 quasi
1799 4637 1855 4692 hoc

1006 4746 1059 4801 ego
1075 4731 1257 4802 negaverim:
1273 4729 1322 4783 sed
1335 4728 1408 4793 dico,
1424 4741 1489 4781 cunr
1500 4725 1613 4780 iuturus
1627 4741 1657 4779 es
1669 4725 1780 4794 beatus,
1795 4742 1854 4781 non

1006 4823 1034 4875 te
1049 4818 1181 4887 invitum,
1197 4819 1245 4874 sed
1259 4817 1402 4871 volentem
1416 4814 1555 4870 futurum.
1572 4813 1643 4869 Cum
1665 4813 1757 4885 igitur
1780 4830 1853 4886 pree·

1005 4907 1080 4962 seius
1097 4910 1170 4963 Deus
1184 4907 1220 4961 sit
1232 4906 1336 4961 rururae
1350 4902 1534 4958 beatitudinis
1548 4907 1615 4971 tuae,
1632 4919 1685 4958 nec
1700 4903 1783 4960 aliter
1800 4903 1854 4958 ali-

1005 4995 1075 5069 quid
1089 4995 1152 5051 fieri
1165 4994 1254 5067 possit
1268 5008 1356 5065 qnam
1370 4992 1419 5047 ille
1445 4991 1597 5065 praescivit,
1629 4992 1756 5065 alioquin
1775 4992 1855 5047 nulla

1004 5084 1185 5156 prescientia
1199 5087 1257 5149 est3
1274 5097 1334 5137 non
1348 5084 1446 5136 tamen
1465 5097 1500 5137 ex
1523 5097 1556 5138 eo
1580 5081 1710 5153 cogimur
1736 5079 1852 5148 sentire,

1038 5212 1046 5245 ¹
1061 5209 1145 5258 Locus
1159 5208 1187 5256 in
1201 5207 1317 5256 editione
1343 5205 1500 5256 lovaniensi
1524 5205 1715 5256 interturbatae
1735 5203 1809 5252 hune
1824 5204 1851 5252 in

1004 5271 1113 5322 modum
1130 5273 1164 5320 Io
1175 5272 1200 5320 te
1213 5266 1257 5329 fiet
1268 5265 1406 5320 beatitudo
1422 5273 1469 5319 teo
1484 5272 1538 5318 Deo
1553 5267 1679 5330 remeate.
1691 5268 1722 5314 Ε.
1738 5267 1774 5316 To
1789 5278 1852 5329 erpo

1003 5334 1107 5385 invitus
1123 5331 1218 5383 beatus
1232 5334 1281 5381 es?
1298 5331 1422 5382 Voluntas
1434 5331 1511 5383 uuae
1525 5328 1592 5378 mibi
1606 5331 1642 5378 est
1655 5330 1800 5379 necessitas.
1824 5329 1855 5379 St

1004 5397 1074 5448 enim
1090 5395 1152 5444 milti
1167 5397 1231 5444 esset
1242 5397 1371 5457 potestas.
1387 5397 1438 5443 etc.

1035 5458 1099 5507 Ἐν.
1111 5456 1192 5520 bugd.
1202 5457 1268 5506 Ven.
1280 5460 1306 5506 ct
1315 5457 1393 5517 bon,
1403 5469 1457 5504 non
1468 5454 1610 5505 volentate
1623 5451 1742 5503 riuturni.
1760 5452 1798 5504 ll.

1036 5538 1072 5602 (a)
1085 5537 1144 5589 Vid.
1159 5538 1272 5588 Retraet.
1288 5535 1347 5587 Lib.
1366 5539 1389 5593 l,
1400 5549 1457 5600 cap.
1474 5535 1498 5594 9,
1515 5546 1540 5583 n.
1553 5534 1576 5582 a.
1592 5573 1597 5583 .
