3884 6112
136 245 187 302 363
758 233 839 288 vua
857 232 885 288 S.
905 230 1094 287 AUGUSTlNl
1116 225 1289 284 eatscorl.
1850 217 1901 272 aas

137 370 306 423 sectatorem
325 378 384 418 esse
398 360 556 434 puduisset.
577 360 603 413 ls
616 359 733 413 demum
751 358 917 430 presbytero
930 357 986 410 lleo
1042 353 1156 409 eosdem
1176 353 1265 407 libros
1282 346 1446 404 Collationis
1458 358 1573 418 quoqne
1586 340 1744 407 breviculo,
1762 339 1815 413 qni
1830 354 1898 395 sanc

137 455 252 530 gratias,
264 470 311 508 sex
325 453 359 508 de
373 450 515 521 religione
537 448 710 520 questiones
728 446 890 518 proposuit,
915 460 987 516 quas
1041 443 1115 497 liber
1126 441 1178 496 sub
1193 439 1262 494 anni
1277 432 1554 510 quadringentesimi
1567 429 1712 487 undecimi
1725 429 1829 495 linem,
1847 433 1900 483 aut

136 544 243 617 partim
256 559 285 596 se
297 540 438 611 accepisse
452 556 469 593 a
482 536 642 608 Porphyrio
662 536 832 607 philosopho
850 532 985 604 jactabat.
1042 547 1100 584 non
1119 529 1160 584 ita
1174 529 1265 583 multo
1280 530 1355 597 post,
1371 524 1465 579 editus
1475 525 1526 588 ost,
1543 521 1628 591 longa
1640 517 1807 590 praemittit.

137 628 327 701 Porphyrium
342 642 408 681 vero
424 625 521 689 istum,
545 622 762 678 acelaberrimo
787 622 847 688 illo,
872 619 987 674 natione
1077 621 1103 673 8.
1137 618 1217 682 Quod
1244 631 1311 669 vero
1339 613 1375 668 ad
1400 628 1471 683 opus
1500 610 1535 665 de
1562 608 1648 664 unico
1679 607 1839 677 baptismo,
1864 605 1896 660 de

138 719 242 785 Siculo,
259 717 310 788 qui
329 710 822 785 subfincmtertiisaeculivivebat,
843 708 986 764 diversum
1042 724 1099 779 quo
1134 722 1200 760 mox
1237 703 1297 775 agit
1323 701 1414 767 troia,
1452 715 1513 770 cop.
1549 698 1608 770 at),
1633 696 1663 752 id
1706 694 1896 752 collationem

136 787 219 879 puiat
238 803 414 875 Augustinus
434 804 560 871 (Ilolroct.
586 800 634 854 lib.
660 802 687 867 2,
703 813 763 868 cap.
779 801 835 867 3l).
860 794 989 866 Proposi·
1041 795 1229 867 praecessisse,
1243 793 1287 847 val
1307 791 1374 845 hinc
1396 788 1579 844 manifestum
1602 787 1688 864 esset,
1708 783 1787 856 qnod
1807 783 1839 838 in
1861 800 1895 838 eo

136 900 179 949 tas
191 893 360 966 quaestiones
375 890 525 960 presbyter
539 886 634 942 statim
655 885 858 956 aCarlhagine
875 883 910 938 ad
926 884 988 936 llu-
1042 880 1122 934 nulla
1136 879 1243 934 mentio
1257 876 1386 947 ejusdem
1397 873 1559 929 Collationis
1573 874 1672 926 exstat.
1690 870 1794 925 Verum
1809 883 1895 923 eam-

135 981 283 1056 gustinnm
299 979 386 1044 misit,
403 994 434 1031 ex
451 977 531 1048 cujus
542 991 592 1030 ore
607 974 778 1029 solutionem
792 973 908 1027 illarum
918 970 989 1024 acci·
1042 970 1108 1025 dem
1127 985 1187 1024 rem
1197 968 1227 1022 id
1242 970 1380 1037 praeterea
1392 964 1525 1028 declarat,
1547 960 1625 1034 quod
1641 958 1803 1014 Donatistae
1822 973 1893 1028 pro-

120 1084 214 1139 pere,
226 1083 313 1139 quarn
327 1066 449 1137 ipsemet
458 1081 521 1119 earn
532 1065 644 1118 tradere
658 1062 792 1116 malebat.
806 1060 857 1116 Cui
871 1059 988 1131 quidem
1043 1059 1104 1126 bra,
1113 1074 1179 1130 quae
1195 1055 1355 1111 Marcellino
1366 1058 1395 1108 et
1404 1052 1586 1125 aliquotaliis
1600 1047 1738 1105 Romanis
1754 1045 1892 1119 epistopis

134 1158 188 1212 hac
202 1156 233 1210 in
247 1171 277 1210 re
292 1159 406 1209 sanctus
430 1155 533 1208 Doctor
552 1166 662 1206 rnorem
676 1149 773 1222 gessit,
798 1148 863 1203 licet
885 1162 937 1218 per
960 1145 989 1200 id
1043 1146 1225 1218 ingerebant,
1237 1144 1284 1199 hic
1294 1147 1380 1213 negat
1389 1141 1455 1197 ullis
1466 1156 1516 1195 eos
1529 1137 1703 1194 testimoniis
1715 1136 1841 1208 probare
1854 1151 1894 1190 co

135 1244 272 1316 temporis
283 1242 535 1314 occupatissimus:
550 1240 775 1294 sedeumtamen
788 1235 989 1307 epistolaopu-
1042 1240 1144 1302 natos3
1174 1235 1224 1305 qui
1244 1239 1342 1288 tamen
1366 1232 1397 1286 in
1420 1228 1578 1286 Collatione
1602 1226 1754 1292 nonnulle,
1783 1224 1893 1280 tamem

136 1335 213 1389 sculo
224 1332 539 1404 suopraallrarogat,ut
546 1328 608 1399 ipse
616 1326 729 1382 ethnico
740 1326 781 1380 illi
792 1323 932 1379 adomnia
941 1339 989 1377 re·
1044 1322 1251 1386 commentitia,
1273 1321 1431 1375 attulerunt
1454 1318 1500 1389 (De
1522 1318 1604 1373 Unico
1621 1316 1775 1386 baptismo,
1795 1329 1825 1368 a.
1840 1313 1892 1385 2⁶1).

136 1419 278 1490 spondere
293 1431 329 1471 ne
349 1419 502 1487 gravetur;
520 1412 690 1483 opusculum
712 1413 808 1464 autem
833 1408 911 1479 quod
932 1406 988 1478 ipsi
1044 1413 1154 1467 Ibidem
1170 1426 1284 1483 quoquo
1299 1409 1329 1463 in
1344 1423 1441 1463 errore
1457 1405 1604 1478 cujusdam
1618 1403 1686 1459 lacti
1701 1403 1794 1458 haeret
1804 1401 1892 1473 (laid,

137 1505 236 1571 mittit,
245 1502 361 1558 nonnisi
368 1502 402 1556 iis
412 1500 516 1572 quibus
526 1514 685 1570 congruum
698 1496 877 1569 judicaverit,
894 1500 990 1550 osten·
1043 1517 1072 1556 η,
1088 1501 1143 1571 28),
1160 1500 1241 1570 cujus
1253 1514 1326 1569 pana
1337 1498 1368 1551 in
1379 1494 1508 1551 omnium
1522 1497 1621 1549 contra
1635 1491 1800 1548 Donatistae
1814 1490 1892 1545 libro

137 1595 194 1650 dat.
207 1594 240 1647 ln
255 1596 382 1647 extrema
396 1595 487 1661 parte,
503 1605 568 1644 cum
590 1586 768 1660 praesentiret
791 1585 900 1650 animo.
924 1599 991 1638 eum
1045 1605 1109 1644 rum
1124 1588 1322 1643 retractatione
1334 1603 1364 1641 se
1383 1585 1444 1656 ipse
1458 1581 1642 1655 reprehendit
1657 1581 1788 1653 (Remeat.
1808 1579 1854 1634 tit.
1866 1581 1890 1645 2,

138 1682 190 1754 qui
203 1680 374 1752 questiones
388 1679 450 1732 illas
461 1677 666 1748 proposuisset,
677 1677 737 1746 iam
751 1675 867 1746 quidem
880 1673 914 1727 de
929 1688 990 1726 am·
1044 1695 1104 1750 cap.
1116 1680 1172 1749 ast:
1187 1667 1888 1747 nimirumquodFelicisnptungansisjudieiumoi

138 1769 289 1842 plectenda
303 1767 405 1823 Christi
420 1767 476 1820 lide
491 1765 626 1836 cogitare,
641 1765 690 1818 sed
709 1763 863 1835 priusqam
875 1761 904 1815 in
920 1758 991 1815 Scri·
1049 1767 1126 1840 quod
1137 1767 1167 1820 in
1177 1765 1299 1837 gratiam
1314 1761 1456 1819 caeciliani
1468 1760 1672 1817 Constantinus
1686 1758 1764 1826 tulit,
1781 1762 1891 1829 postpo-

138 1858 230 1931 pturis
246 1858 366 1912 obscura
381 1858 448 1909 sunt
461 1854 533 1909 selle
548 1853 601 1908 sibi
612 1851 767 1923 explicari:
790 1851 872 1905 illum
892 1849 990 1903 sedulo
1045 1861 1105 1911 nat,
1119 1857 1156 1910 ne
1172 1871 1228 1926 quo
1242 1852 1358 1925 quidem
1372 1853 1403 1906 in
1413 1849 1569 1906 collatione
1584 1848 1707 1903 necdum
1722 1846 1828 1903 certior
1838 1849 1892 1899 snt

99 1970 102 1976 ’
139 1946 314 2002 tumendum
326 1943 589 2013 dtt¹ih1¹ijssmjftffl
604 1941 774 1996 christianus
788 1939 849 2004 flat,
864 1954 917 1993 11θο
930 1936 992 1992 diu-
1044 1944 1134 2000 faclus
1147 1961 1153 1998 :
1166 1942 1287 1997 atillum
1302 1956 1386 1995 suum
1396 1954 1522 1994 errorem
1530 1937 1591 2009 jam
1607 1941 1667 1990 tum
1683 1951 1751 1991 cum
1766 1935 1890 1990 eamdem

138 2027 992 2106 tius2haereatinquestionihus,qualesquasdamproposue-
1046 2023 1890 2100 collationemfincompendiumredegit,agnoveratllireric.

140 2128 197 2179 rat:
208 2126 247 2180 Ne
257 2126 336 2191 sorte,
345 2119 448 2191 inquit,
458 2134 517 2173 curu
524 2122 660 2188 respectat
668 2122 730 2172 ante
737 2116 881 2170 Librorum
890 2119 992 2169 sarecto
1046 2122 1141 2178 Cottae,
1155 2123 1180 2187 3¹
1192 2136 1220 2174 η,
1234 2120 1290 2189 42),
1305 2123 1334 2172 es
1344 2133 1412 2172 sane
1426 2120 1491 2171 ante
1502 2114 1793 2171 decimumoctavum
1808 2112 1892 2167 kalos

139 2212 289 2281 rumfiaim
300 2210 470 2279 quaeslt'ttlttss
485 2223 570 2278 quam
578 2204 806 2271 SilChtiSfitsstlss
822 2205 901 2272 Plias
913 2204 992 2272 finisti
1047 2211 1096 2265 das
1104 2209 1191 2281 julias
1199 2206 1266 2262 anni
1277 2203 1553 2278 quadringentesimi
1563 2201 1727 2258 duodecimi
1738 2202 1855 2258 Librum
1862 2200 1892 2257 de

139 2292 993 2366 ottomtstom‚quomtrauseatomorleodoitam.Suntenimtu-
1048 2299 1134 2353 Unico
1150 2297 1305 2368 Raptim,
1322 2295 1391 2362 siva,
1407 2294 1442 2350 de
1458 2293 1570 2348 Unitata
1590 2291 1741 2364 Baptismi,
1757 2307 1794 2346 eo
1807 2291 1893 2346 animo

139 2381 657 2453 rturnerobites,quaaousurrtfiutcndm
668 2385 729 2434 oute
739 2381 868 2448 fidemne
877 2381 992 2448 finiatur·
1046 2382 1216 2452 composuit,
1229 2382 1350 2436 utalteri
1366 2374 1699 2452 ejusdeminsct·iptionis
1713 2380 1893 2452 responderet

140 2477 201 2530 otto
214 2472 342 2543 sirreltde.
355 2472 408 2528 Sed
415 2473 496 2542 plone
509 2474 613 2524 rotmlo
620 2469 681 2538 jam
696 2468 760 2538 fide,
772 2465 992 2522 odeoerceadom
1047 2470 1174 2541 (Retract.
1192 2472 1238 2526 lio.
1255 2474 1281 2533 2,
1299 2486 1359 2540 cop.
1375 2470 1419 2540 (tl)
1432 2487 1439 2524 :
1454 2470 1535 2540 cujus
1554 2472 1653 2524 auctor
1668 2484 1759 2540 quem
1774 2467 1894 2527 ferebant
1926 2462 1933 2469 ’

137 2565 215 2634 piam
229 2562 429 2616 delectationem
442 2560 571 2613 montium
589 2557 710 2628 fidetium
725 2556 922 2610 studiosissime
944 2571 992 2610 re·
1047 2574 1107 2614 esse
1118 2559 1290 2615 Petilianum
1300 2560 1624 2629 Cirtensem,uonposse
1635 2557 1797 2628 Baptisma,
1808 2556 1892 2612 nislin

142 2651 291 2723 querenda,
307 2654 332 2704 ot
342 2648 415 2718 quod
427 2650 456 2702 in
470 2650 508 2702 eis
523 2647 650 2715 eluserit,
663 2647 721 2700 sine
734 2645 817 2714 tpplto
826 2647 993 2712 arrogantie
1047 2653 1121 2702 secta
1130 2647 1488 2719 Donatistarum,legitime
1499 2646 1693 2702 administrari
1700 2646 1889 2703 contendebat.

141 2738 411 2802 communicandum
426 2735 498 2806 quod
512 2739 601 2789 autem
616 2735 733 2796 lotuett
747 2735 805 2788 sine
818 2734 916 2787 solutis
932 2732 993 2787 dis·
1048 2733 1890 2807 lloclibropreteranrpullataverha,etincredihilescalom·
1932 2722 1934 2727 ’

138 2828 239 2899 pmdr'o
265 2825 434 2881 tolerandum
470 2823 568 2895 (EPt'Sl-
606 2825 674 2888 ¹02.
707 2837 735 2876 n.
764 2821 819 2892 38).
856 2820 994 2891 Scriptio-
1046 2824 1198 2887 nias‚nihil
1209 2825 1420 2891 continebatur,
1432 2824 1510 2895 quod
1521 2828 1595 2878 esset
1604 2823 1837 2880 consideratione
1848 2822 1890 2876 ali·

142 2933 208 2972 nom
220 2916 299 2971 illam
315 2914 498 2986 proterebant
521 2911 678 2982 pelagiani,
704 2910 757 2964 hoc
780 2909 811 2964 in
829 2925 891 2965 rem
911 2925 992 2964 suam
1047 2912 1235 2986 quadignum
1251 2913 1302 2983 (lie
1323 2914 1404 2968 Unico
1423 2914 1572 2983 baptismo,
1592 2928 1621 2967 a.
1648 2912 1685 2983 l).
1701 2912 1742 2966 Ea
1761 2910 1890 2984 siquiden

142 3004 268 3058 converti
283 3019 364 3075 posse
380 3002 540 3073 opinantes,
561 3001 640 3071 quod
654 2998 760 3054 ibidem
779 2997 895 3069 legitur,
912 2997 993 3053 Chri·
1047 3006 1145 3056 auctor
1162 3001 1320 3056 adducebat
1334 3005 1503 3072 argumenta
1521 3016 1553 3054 ac
1571 3000 1748 3067 testimonia,
1770 3016 1832 3072 qnae
1845 2998 1889 3055 cs·

142 3098 218 3147 stum
232 3096 300 3146 tunc
319 3090 441 3145 solarisse
460 3089 626 3143 hominibus
641 3103 791 3160 apparere,
806 3091 833 3142 et
852 3086 927 3158 apud
944 3102 991 3140 cos
1049 3090 1161 3145 tlrolicis
1172 3089 1267 3162 potius
1279 3088 1678 3162 faverent,quamsuisllbid.,
1689 3105 1717 3143 a.
1735 3091 1790 3158 lo).
1805 3089 1889 3144 Plures

142 3179 291 3271 predicari
302 3178 460 3233 doctrinam
470 3192 563 3246 suam,
579 3177 693 3248 quando
707 3175 813 3230 sciebat
827 3179 855 3230 et
865 3174 914 3229 uhi
925 3175 992 3229 scie-
1047 3180 1209 3235 allemania
1224 3179 1365 3251 episcopis
1379 3179 1559 3246 idololatriae,
1576 3179 1624 3234 sed
1637 3179 1699 3234 siue
1710 3179 1772 3235 ulla
1794 3178 1885 3250 proha·

142 3268 191 3322 bat
205 3283 277 3334 esse,
294 3266 388 3338 quiin
405 3281 471 3320 enm
486 3265 600 3319 fuerant
619 3264 765 3318 credituri.
787 3265 891 3318 Verum
912 3263 993 3318 docet
1047 3266 1137 3336 tione,
1149 3268 1307 3323 arcessebat
1320 3267 1411 3339 (idid,
1428 3284 1459 3324 ra.
1478 3269 1532 3336 27).
1545 3267 1626 3332 Quod
1640 3266 1886 3323 autemcatholicos

142 3353 328 3427 Augustinus,
340 3353 369 3409 id
383 3369 412 3407 se
426 3351 581 3407 tantumde
595 3351 886 3421 praescientiasshristi
897 3352 992 3407 dicere
1048 3355 1183 3411 Cirtensis
1208 3356 1337 3411 Ecclesiae
1360 3357 1508 3428 praesules,
1530 3355 1620 3426 probe
1643 3355 1787 3428 cognitos,
1810 3352 1886 3412 ilani·

141 3445 273 3511 voluisse,
289 3442 366 3514 quod
389 3440 589 3496 convincendae
613 3440 794 3511 Paganornm
818 3439 991 3507 infidelitati,
1047 3445 1192 3500 clamorum
1204 3444 1336 3499 haeresim
1351 3445 1432 3517 sequi
1448 3445 1626 3500 asseverabat
1641 3445 1726 3514 (loto.
1744 3461 1773 3500 u.
1792 3444 1848 3517 29),
1859 3458 1885 3498 oo

142 3534 193 3607 qui
207 3536 281 3590 hanc
294 3531 457 3602 objecerant
471 3529 670 3602 questionem,
687 3527 816 3583 sulficere
831 3528 990 3596 videretur;
1048 3533 1109 3604 ipso
1120 3533 1618 3605 ostendebatplanissime,quautum
1632 3533 1701 3588 fidei
1712 3533 1788 3599 aliis,
1797 3532 1886 3606 quibas

142 3622 344 3692 cumaliunale,
355 3618 496 3692 quidquid
509 3618 539 3672 in
555 3634 618 3672 eam
628 3633 689 3672 rem
704 3616 796 3672 lacere
811 3622 916 3688 posset,
927 3633 993 3672 enn·
1051 3622 1081 3677 in
1089 3622 1352 3693 ignotosutebatur,
1362 3622 1607 3677 criminationibus
1616 3622 1803 3678 tribuendum
1812 3625 1885 3677 asset:

142 3714 294 3769 oleandum
314 3710 457 3780 suscipere
475 3708 579 3762 nollet:
598 3712 735 3762 caeterum
750 3706 876 3762 ostendit
897 3708 1002 3781 haud-⁸
1047 3712 1160 3783 quando
1175 3711 1360 3766 Profuturum
1380 3711 1537 3766 Cirtensem
1552 3717 1617 3766 ante
1637 3711 1827 3783 paucissimos
1844 3725 1885 3765 en·

143 3817 288 3873 quaquam
304 3798 377 3854 illud
400 3798 435 3852 ad
454 3796 675 3867 Pelagiauorum
697 3811 812 3849 causam
838 3796 991 3867 pertinere.
1047 3799 1886 3872 nosdefunctum,‘ejusquesuccessoremFortunatumedhoc

142 3891 285 3944 Praeterea
300 3885 452 3941 nonnullas
471 3884 599 3954 ejusdem
617 3883 671 3937 loci
690 3882 838 3947 dictiones,
859 3884 991 3954 quamvis
1047 3888 1239 3960 superstitem,
1251 3889 1381 3943 homines
1397 3893 1455 3944 tam
1471 3888 1626 3959 explorate
1636 3894 1757 3962 tamque
1768 3891 1887 3962 spectata

143 3994 190 4033 eas
203 3974 348 4047 Pelagiani
365 3990 423 4028 non
438 3971 617 4045 objecissent,
639 3970 773 4042 explanat
793 3971 840 4043 (lie
862 3972 988 4028 Praedest.
1046 3976 1224 4043 innocentiae,
1241 3981 1300 4032 tam
1320 3977 1455 4032 atrociter
1473 3976 1676 4032 insectabatur.
1694 3979 1778 4034 lluuc
1793 3978 1887 4034 libram

141 4071 306 4128 ssttlwl'tlm»
321 4081 350 4118 lt·
366 4063 472 4130 Μ0)·
1045 4064 1194 4136 presbyter
1209 4065 1326 4136 quidam
1337 4065 1483 4120 Donatista
1502 4065 1554 4120 uni
1568 4081 1601 4121 ex
1616 4065 1715 4120 amicis
1733 4063 1888 4139 Augustini.

177 4161 203 4212 7.
224 4157 286 4211 lam
300 4169 367 4208 vero
377 4151 408 4206 in
422 4150 481 4205 suis
491 4148 748 4205 detractationibus
763 4149 900 4220 opusculo
910 4165 993 4221 supe·
1045 4153 1162 4208 nomine
1181 4153 1377 4222 Constantino,
1393 4155 1587 4227 dedit;aquo
1602 4154 1684 4210 illum
1710 4161 1826 4211 sanctus
1843 4155 1890 4210 llo·
1932 4156 1934 4215 i

141 4246 211 4301 riori
226 4243 321 4299 subdit
335 4239 545 4311 Expositionem
567 4237 700 4310 Epistolae
714 4236 812 4293 iacobi
826 4237 861 4292 ad
880 4238 991 4293 duode·
1046 4247 1107 4296 ctor
1116 4242 1235 4297 allatum
1246 4244 1281 4297 ad
1292 4259 1332 4306 so,
1347 4242 1416 4297 dum
1431 4243 1493 4298 ruri
1505 4247 1587 4311 esset,
1604 4242 1726 4316 aceepit,
1746 4244 1888 4314 smulque,
1932 4260 1934 4269 ·

141 4335 197 4389 cim
207 4333 299 4389 tribus
314 4333 440 4402 liletroct.
452 4329 498 4383 lib.
512 4331 539 4394 2,
550 4343 611 4397 cop.
628 4329 689 4395 sat:
705 4342 770 4398 quae
786 4325 903 4398 quidem
919 4326 991 4382 nihil
1045 4331 1152 4401 atejus
1167 4330 1392 4387 confutationem
1406 4331 1551 4398 scriberet,
1559 4332 1892 4404 obnixisprecibusroga·

142 4427 203 4477 arat
214 4421 307 4487 aliud,
319 4435 406 4492 quam
425 4416 642 4472 adnotationum
662 4414 697 4470 ad
719 4415 879 4485 marginem
896 4421 991 4471 textus
1044 4423 1090 4475 tus
1105 4422 1156 4474 est.
1186 4419 1309 4475 damico
1324 4420 1501 4491 negandum,
1517 4421 1630 4476 tametsi
1642 4422 1704 4493 jam
1715 4422 1823 4494 saepiu,
1838 4437 1891 4477 mg.

66 4596 72 4601 Ι
142 4511 177 4565 ab
193 4508 242 4564 illo
258 4509 475 4579 adscriplarum,
491 4505 641 4576 diligentia
654 4504 777 4559 fratrum
793 4521 913 4559 suorum
927 4521 992 4559 con·
1045 4508 1147 4563 teriam
1170 4511 1326 4578 tractasset,
1358 4510 1435 4565 haud
1469 4509 1659 4579 existimavil3
1697 4517 1780 4567 ratus
1811 4511 1891 4568 hono·

142 4598 255 4653 cinnata
268 4597 395 4653 collectio
410 4617 416 4665 ;
432 4600 460 4651 et
478 4595 546 4650 hinc
564 4597 662 4649 tamen
678 4593 712 4647 ad
733 4593 886 4648 verborum
905 4593 991 4664 hujus
1046 4612 1110 4650 rum
1125 4596 1263 4651 librorum
1279 4597 1392 4668 copiam
1406 4597 1506 4670 angori
1520 4615 1579 4654 non
1596 4598 1656 4654 sine
1674 4598 1782 4667 lructn,
1795 4605 1855 4656 tnm
1865 4600 1894 4654 ot

142 4686 270 4759 epistolae
280 4685 509 4757 intelligentiam,
521 4682 681 4756 adjumenti
692 4682 821 4736 nonnihil
829 4682 991 4740 accedebat.
1044 4683 1191 4739 faciliusin
1206 4688 1335 4740 omnium
1342 4687 1630 4756 manusperveniant,
1647 4688 1766 4745 tumvel
1776 4689 1893 4745 maximo

142 4777 247 4831 Verum
267 4774 342 4829 istud
356 4790 428 4846 opus
447 4778 542 4828 nostra
562 4770 700 4827 memoria
715 4787 775 4825 non
800 4775 899 4826 exstat.
921 4771 992 4826 Huic
1045 4773 1328 4843 utillissatislacianl,
1343 4775 1689 4847 quivetusargumentum
1704 4778 1896 4834 novarationo

141 4863 245 4920 deinde
260 4866 317 4916 tres
331 4860 399 4915 libri
408 4860 443 4915 da
452 4859 753 4916 Peccatorummerilis
765 4875 797 4914 ac
812 4858 989 4927 remissione,
1044 4861 1225 4933 propositum
1244 4878 1298 4933 pro
1324 4879 1397 4918 novo
1421 4864 1538 4919 ducunt.
1556 4865 1612 4918 lloc
1627 4869 1726 4921 autem
1752 4882 1832 4938 opus·
1844 4861 1894 4938 ipsi

142 4953 246 5028 quihus
265 4948 368 5006 Christi
387 4949 510 5019 gratiam
530 4955 628 5005 contra
652 4947 836 5020 Pelagianam
856 4948 992 5004 heresim
1046 4950 1231 5005 Constantino
1246 4949 1392 5023 inscripsit
1402 4953 1536 5021 (lotam.
1563 4954 1597 5021 l).
1624 4954 1726 5010 Libelli
1749 4955 1903 5028 cujusdam-

139 5054 323 5117 propugnare
332 5041 394 5092 tum
407 5037 534 5107 primum
550 5055 681 5110 agressus
695 5042 745 5101 est,
761 5037 797 5092 ab
813 5053 846 5091 eo
861 5036 991 5108 proxime
1045 5054 1131 5109 supra
1145 5039 1342 5109 meminimus,
1360 5058 1447 5114 quam
1464 5058 1497 5097 ea
1521 5047 1617 5098 mente
1633 5044 1814 5116 Augustinus
1838 5043 1903 5101 edi·.

141 5124 499 5204 subjiciunturllbid.‚cop.
510 5126 568 5195 33):
583 5143 649 5181 cum
659 5130 755 5180 tamen
770 5125 823 5180 hos
835 5125 923 5180 libros
936 5124 992 5180 nisi
1045 5126 1127 5181 derat
1140 5132 1173 5182 ut
1193 5128 1228 5183 ad
1253 5131 1437 5186 evertendum
1459 5131 1587 5187 funditus
1611 5133 1829 5190 Donatistarum
1847 5132 1895 5191 etl·

139 5212 618 5294 postdamnatnmCoelestium,hoc
632 5213 990 5286 estquemadmodumin·
1044 5231 1142 5270 versus
1166 5217 1318 5272 Ecclesiam
1331 5219 1500 5276 catholicam
1522 5220 1645 5293 impium
1668 5238 1701 5277 ac
1725 5220 1906 5296 superbissi·.

140 5301 989 5373 lrademonstrabitur,annoquadringentesimoduodecimo‚
1045 5319 1126 5359 mum
1140 5320 1276 5373 errorem,
1295 5308 1385 5363 solam
1400 5309 1671 5365 maximianistarum
1687 5311 1838 5369 historiam
1847 5310 1900 5369 sul·

141 5415 200 5454 non
214 5395 368 5471 scripserit.
385 5392 466 5460 Quod
482 5405 546 5446 cum
557 5389 597 5445 ita
609 5391 655 5457 sit,
676 5407 744 5447 eum
759 5391 856 5447 bacin
870 5406 901 5447 re
915 5395 989 5447 lem·
1044 5391 1128 5448 ficere
1148 5395 1266 5466 planum
1280 5396 1396 5454 laceret.
1413 5397 1484 5453 Huic
1499 5402 1594 5454 antem
1608 5403 1637 5454 et
1649 5401 1811 5459 secundum
1825 5402 1898 5475 ajus-

140 5503 242 5559 porum
258 5485 352 5543 ordini
363 5483 457 5541 minus
472 5477 606 5536 institisse
623 5483 744 5547 constat;
756 5480 989 5551 quandoquidem
1044 5481 1109 5536 dem
1117 5485 1390 5554 argumentilibrum
1401 5491 1467 5559 post
1474 5487 1583 5560 aliquot
1594 5505 1685 5544 annos
1695 5491 1841 5562 adjunxit,
1852 5490 1899 5549 set
