3884 6112
125 224 188 276 105¹
656 219 703 274 DE
722 216 953 285 Qusuftruru
972 214 1110 283 ANIMAE,
1131 213 1158 270 S.
1179 211 1373 271 AUGUSTINI
1825 215 1886 269 {titt

121 341 271 414 discrepet,
286 341 388 412 magis,
397 341 427 396 ni
438 340 530 400 fallor,
544 339 727 404 offendimur,
744 353 831 410 quam
842 338 865 392 si
876 338 972 410 aliqua
1025 337 1055 391 iu
1075 338 1233 410 plurimum
1251 340 1393 408 tempora,
1417 351 1454 391 ne
1476 336 1546 408 ipsis
1572 336 1702 408 quidem
1723 336 1887 408 corporibus

121 447 189 502 pers
206 430 315 496 clrculi,
333 429 605 500 majoreminoreve
623 427 771 481 intervallo
793 443 879 498 quam
908 430 971 482 allas
1027 426 1233 498 magnitudinis
1247 427 1581 482 afferuntcausamtsed
1597 425 1701 481 omnis
1716 424 1886 481 illasemiuis

120 523 218 591 partes
231 519 343 573 distata
356 522 472 588 puncto.
485 520 527 571 An
541 522 571 570 tu
587 516 670 570 aliter
684 514 850 569 existimas?
861 518 894 570 Ε.
909 517 971 570 Imo
1024 516 1128 584 visast,
1140 516 1367 586 etquorumdam
1377 520 1488 570 naturae
1500 530 1707 570 numerorum
1719 530 1791 568 sane
1801 516 1886 569 occul·

123 607 277 673 assentior,
304 611 332 661 et
358 608 430 660 banc
452 621 515 676 quae
541 605 590 658 abs
606 607 633 657 te
655 603 797 674 descripta
812 608 863 665 est,
879 605 971 674 probo
1024 608 1131 671 torum,
1142 608 1171 658 et
1181 603 1339 657 difficilium
1350 603 1387 658 00
1399 603 1632 674 dignoscendum
1647 619 1655 657 :
1669 608 1785 674 quanto
1798 602 1885 658 minus

124 711 185 750 csse
212 695 365 760 virtutem3
389 710 456 747 uam
485 696 513 746 et
540 693 612 746 ratio
633 708 691 746 uon
719 691 839 746 dicenda
861 697 903 746 est
921 698 972 748 aut
1025 691 1221 746 arbitrandum
1240 695 1283 745 est
1297 692 1384 761 longo
1398 696 1528 763 tempore
1544 691 1685 747 animam
1700 691 1769 747 fieri
1781 692 1885 764 longio-

124 783 322 848 existimanda,
345 780 401 835 nisi
420 796 501 847 rera;
517 785 545 834 et
559 781 640 850 cujus
654 779 711 834 vita
723 796 776 850 per
790 779 888 834 omnia
902 797 970 835 con·
1023 796 1097 848 rem,
1111 779 1179 850 quia
1194 794 1256 833 eam
1272 777 1402 833 videmus
1415 795 1469 834 usu
1484 796 1586 835 rerum
1608 785 1704 852 atque
1725 779 1884 836 assiduitate

123 870 211 942 gruit,
234 869 357 937 veritati,
382 869 406 922 is
438 872 481 923 est
501 867 686 942 profectorel
714 868 801 937 solus,
823 870 971 938 ,velcerte
1024 865 1284 923 multadidicissef

122 956 256 1025 maxime,
277 956 326 1027 qui
341 956 413 1010 bene
428 961 512 1027 atque
527 956 646 1010 honeste
662 955 751 1026 vivit,
768 961 796 1010 et
812 958 862 1028 qui
876 957 915 1012 ita
934 959 970 1013 sit
1059 959 1103 1012 30.
1117 956 1197 1021 Quod
1207 955 1230 1009 si
1244 959 1271 1010 te
1283 955 1354 1010 illud
1368 961 1473 1021 movet,
1485 956 1566 1029 quod
1578 957 1715 1012 solemus
1726 972 1794 1012 eam
1804 973 1883 1028 quam

121 1045 247 1109 affectus,
266 1045 343 1098 solus
358 1045 463 1099 habere
478 1045 625 1112 virtutem,
642 1049 671 1098 et
685 1060 718 1099 ea
733 1044 826 1099 vivere
838 1045 969 1116 judican-
1024 1045 1113 1101 Graeci
1136 1052 1303 1116 psspotopuv
1326 1049 1437 1116 vocant,
1460 1045 1725 1117 longanimitatem
1748 1045 1882 1117 interpre·

121 1134 173 1188 dus
190 1136 240 1186 est.
263 1134 299 1188 A.
316 1133 407 1187 Probe
422 1133 510 1188 dicis:
527 1133 576 1188 sed
595 1137 671 1188 certe
686 1132 773 1187 etiam
794 1133 865 1189 illud
879 1134 968 1200 vides,
1022 1133 1078 1188 tari
1092 1132 1336 1201 3animadrertere
1348 1132 1414 1188 licet
1424 1148 1441 1186 a
1451 1149 1572 1204 corpore
1587 1133 1625 1188 ad
1641 1133 1785 1188 animum
1800 1135 1882 1188 mutu

121 1224 153 1275 ut
167 1219 280 1292 opinor,
292 1220 460 1275 similiorem
473 1237 532 1274 essa
547 1221 645 1275 vlrtuti
656 1221 795 1276 circulum
811 1221 969 1292 figurarum
1022 1221 1110 1276 verba
1132 1220 1290 1284 transferri,
1308 1220 1380 1275 sicut
1396 1221 1432 1275 ab
1454 1221 1551 1276 animo
1570 1222 1607 1277 00
1629 1237 1744 1293 eorpus
1759 1238 1767 1276 :
1784 1223 1884 1277 namsi

119 1309 272 1378 planarum
296 1308 353 1362 alia
377 1308 516 1379 qnalibet.
535 1308 606 1362 llinc
627 1311 669 1362 est
692 1308 769 1363 enim
795 1309 871 1379 quod
894 1310 970 1380 apud
1023 1313 1149 1363 moutam
1160 1309 1333 1379 Improbum,
1345 1307 1572 1380 etJustissimam
1583 1311 1728 1365 tellurem
1743 1309 1818 1364 dixit
1831 1311 1882 1364 Vir·

121 1397 271 1451 Horatium
282 1397 532 1467 magnislaudibus
543 1397 666 1451 solemus
676 1397 969 1466 extollereillumver-

120 1501 195 1552 sum,
209 1500 266 1555 quo
280 1484 331 1551 ait,
347 1500 413 1539 cum
427 1485 461 1539 de
477 1485 605 1555 sapiente
620 1490 728 1556 ageret,

199 1591 282 1642 Fortis
294 1594 320 1641 et
330 1591 358 1640 iu
369 1605 398 1640 se
411 1592 469 1655 ipso
480 1594 551 1640 totus
563 1596 633 1641 teres
643 1596 721 1656 atque
734 1592 875 1642 rotundus.

445 1673 536 1732 (Sum.
550 1670 594 1722 lr'b.
607 1674 631 1731 2,
646 1674 731 1721 sotira
743 1675 766 1731 t,
779 1686 805 1722 o.
816 1673 865 1734 00.)

120 1786 157 1840 Et
173 1787 248 1840 recta
262 1801 268 1840 :
283 1801 349 1840 nam
360 1802 454 1857 neque
465 1786 496 1841 in
514 1786 603 1841 animi
618 1787 699 1842 bonis
717 1787 875 1859 quidquam
892 1788 969 1844 iure·

119 1873 175 1942 nis,
191 1874 268 1945 quod
283 1874 374 1946 magis
404 1874 458 1928 sibi
473 1891 506 1929 ex
522 1875 599 1929 omni
614 1880 693 1946 parte
708 1877 866 1931 consentiat
880 1893 968 1948 quam

118 1961 273 2030 virtutem;
299 1979 393 2032 neque
419 1963 450 2017 in
469 1964 563 2035 planis
585 1964 686 2034 figuris
706 1981 794 2036 quam
817 1965 965 2020 circulum.

119 2050 310 2115 Quamobrem
326 2051 350 2105 si
369 2051 492 2106 circulus
515 2069 574 2107 non
594 2053 792 2124 magnItudine
808 2055 901 2125 spatii,
917 2055 967 2109 sed

119 2140 243 2210 quadam
255 2140 481 2194 conformatione
491 2141 601 2195 castoris
610 2146 728 2212 prestat
740 2159 746 2208 ;
758 2143 967 2215 quantomagis

118 2226 154 2281 da
169 2225 272 2279 virtute
295 2225 516 2281 existimandum
532 2231 586 2296 est,
610 2228 687 2299 quod
702 2244 760 2283 non
781 2230 897 2300 majoris
913 2231 966 2289 loci

119 2313 316 2382 occupatione,
328 2314 376 2368 sed
384 2313 481 2368 divina
490 2314 613 2384 quadam
624 2316 811 2387 congruentia
822 2318 965 2373 rationum

120 2405 206 2472 atque
219 2401 371 2455 concordia
385 2405 502 2457 caeteras
516 2403 679 2458 affectiones
692 2404 781 2458 animi
793 2409 930 2476 superat?

154 2491 200 2543 28.
216 2490 289 2544 Cum
304 2493 398 2543 autem
411 2506 485 2561 puer
498 2490 611 2561 proficit
623 2492 814 2559 laudabiliter,
831 2495 865 2549 ad
879 2511 965 2566 quam

117 2591 178 2631 rem
201 2576 293 2648 magis
314 2593 401 2649 quam
423 2579 458 2633 00
476 2579 611 2634 vlrtutem
634 2580 770 2652 proficere
789 2581 914 2638 dicitur?
929 2600 966 2639 an

118 2680 176 2718 uon
196 2664 249 2719 tibi
270 2665 406 2720 videtur?
425 2669 457 2722 s.
483 2667 661 2722 Manifestum
676 2672 728 2724 est.
746 2670 784 2724 A.
801 2670 864 2725 Non
877 2671 966 2742 Igitur

117 2751 169 2807 tibi
189 2752 273 2807 debet
287 2752 378 2808 videri
391 2753 504 2808 animus
526 2755 599 2810 sicut
616 2772 719 2827 corpus
735 2759 884 2814 crescendo
899 2776 964 2815 cum

117 2844 200 2895 atate
212 2841 351 2912 prolicere
363 2842 558 2913 :proficiendo
574 2843 651 2898 enim
663 2844 697 2899 ad
712 2845 847 2901 virtutem
861 2864 964 2919 perve-

116 2929 169 2996 nit,
183 2945 269 3001 quam
285 2930 408 2985 fatemur
422 2931 502 2986 nulle
516 2932 601 3003 spatii
616 2933 823 3004 magnitudine,
839 2937 886 2991 sed
904 2954 964 2991 ma·

115 3033 172 3088 gua
187 3017 213 3071 vi
228 3018 395 3073 constantiae
409 3020 559 3090 pulchram
571 3037 632 3076 esse
646 3026 732 3093 atque
745 3025 918 3095 perfectam:
936 3030 965 3081 et

116 3104 140 3160 si
151 3105 229 3160 aliud
239 3109 282 3160 est
295 3106 398 3176 majus,
413 3108 490 3162 aliud
504 3109 618 3172 melius,
631 3114 664 3164 ut
671 3110 731 3181 jam
745 3112 865 3180 dedisti;
879 3113 963 3185 quid·

116 3193 186 3266 quid
202 3193 297 3247 anirna
320 3210 385 3248 cum
404 3199 486 3249 eure
507 3197 631 3266 proficit,
652 3214 824 3271 composque
843 3201 963 3257 rationis

117 3281 160 3348 tlt,
176 3297 234 3335 non
249 3281 321 3336 mihi
335 3282 447 3337 videtur
459 3283 521 3337 fieri
536 3286 637 3356 major,
653 3286 702 3340 sed
717 3287 828 3343 melior.
844 3288 925 3353 Quod
940 3291 963 3345 si

115 3369 313 3426 membrorum
328 3370 356 3425 id
375 3371 481 3427 faceret
494 3374 682 3445 magnitudo;
700 3391 733 3430 eo
755 3376 876 3449 quisquo
890 3395 963 3450 pru·

115 3457 231 3514 dentior
245 3463 327 3522 esset,
340 3476 396 3531 quo
411 3461 524 3532 longior
536 3467 586 3517 aut
599 3463 718 3518 validior
730 3480 737 3518 :
750 3466 827 3535 quod
842 3483 871 3520 se
881 3468 963 3522 aliter

114 3548 220 3603 habere
230 3564 299 3616 non,
312 3549 425 3620 opinor,
438 3550 567 3621 negabis.
579 3554 611 3607 ll.
624 3552 693 3616 Quis
705 3552 780 3608 istud
792 3556 963 3623 negaverit?

113 3637 169 3693 Sed
191 3643 289 3692 tamen
304 3653 370 3692 cum
387 3637 526 3709 proficere
540 3639 668 3695 animem
680 3658 732 3714 per
748 3646 861 3698 {etatem
875 3644 961 3700 etiam

114 3729 144 3779 tu
159 3725 315 3790 coucedas,·
330 3725 420 3780 miror
433 3727 484 3798 qui
505 3727 607 3794 flat,ut
621 3729 715 3784 omnis
730 3731 897 3802 quantitatis
917 3749 963 3788 ex-

114 3824 189 3883 pers,
206 3810 317 3865 etiamsi
339 3827 398 3866 non
413 3814 609 3870 membrorum
630 3816 733 3887 spatio,
754 3821 783 3871 at
798 3823 873 3873 certa
888 3824 960 3874 tem·

115 3898 195 3968 poris
210 3898 369 3970 adjuvetur.

116 4002 229 4059 CAPUT
249 4003 330 4060 XVII.
348 4033 380 4046 -
401 4005 503 4060 Animo
525 4008 613 4076 spolio
637 4010 764 4079 temporis
780 4025 896 4066 crescere
917 4010 961 4065 di-

403 4095 475 4148 citur
488 4096 677 4165 metaphorice.

151 4201 195 4253 tu.
216 4199 320 4255 Desine
344 4199 454 4270 mirari,
474 4218 541 4256 nam
565 4206 593 4257 et
607 4202 653 4257 hic
676 4203 728 4259 tibi
748 4203 836 4260 simili
851 4205 962 4261 ratione

116 4287 285 4358 respondeo.
295 4288 329 4342 Ut
340 4287 417 4342 enim
428 4290 626 4345 membrorum
636 4292 804 4364 magnitudo
815 4294 880 4349 ideo
891 4295 962 4349 nihil

115 4374 196 4431 affert
210 4376 372 4446 argumenti
382 4393 433 4431 cur
442 4377 568 4433 unimam
578 4379 703 4449 adjuret,
717 4382 792 4451 00οο
804 4383 888 4437 multi
902 4382 961 4438 exi-

114 4461 232 4518 lioribus
247 4464 483 4536 brevioribusque
503 4467 638 4521 membris
661 4469 859 4538 prudentiores
883 4469 961 4525 inre·

114 4550 234 4605 nluutur
256 4554 427 4623 quibusdam
451 4570 555 4626 magua
579 4556 653 4611 mols
673 4558 799 4628 corporis
815 4558 960 4629 preditis3

114 4636 154 4691 ita
176 4639 311 4708 quoniam
335 4641 466 4710 juniores
491 4643 643 4697 nonnullos
672 4643 833 4699 senioribus
861 4645 961 4716 pleris-

1023 1397 1109 1469 gilius
1129 1396 1246 1466 (AEueid.
1272 1397 1319 1452 lib.
1340 1400 1383 1464 lt,
1398 1412 1425 1452 u.
1445 1399 1494 1453 687
1508 1415 1515 1465 ;
1531 1398 1634 1467 Georg.
1653 1398 1705 1453 lib.
1725 1401 1757 1462 2,
1772 1413 1801 1453 r.
1816 1399 1882 1468 460),

1023 1502 1087 1557 quae
1096 1486 1182 1541 verba
1197 1483 1289 1540 cernis
1298 1486 1334 1540 ab
1344 1484 1441 1540 anirno
1456 1486 1491 1541 00
1504 1502 1631 1558 corpora
1647 1502 1715 1542 esse
1729 1487 1881 1555 translatu

1023 1572 1882 1646 quidmirumsimutuavicelonganImitatemdicImnacum

979 1728 982 1733 ¹
1022 1662 1108 1733 longa
1119 1661 1174 1716 nisi
1187 1677 1309 1731 corpora
1323 1678 1383 1717 esse
1394 1678 1452 1716 nou
1462 1661 1597 1734 possint?
1608 1664 1652 1717 Ea
1662 1678 1738 1718 vero
1749 1662 1828 1718 iuter
1836 1664 1883 1718 rir-

1021 1755 1097 1805 tutes
1107 1766 1172 1822 quta
1181 1749 1341 1821 appelletur
1351 1749 1441 1805 animi
1449 1750 1635 1821 magnitudo,
1647 1751 1685 1805 ad
1695 1751 1818 1806 nullum
1827 1768 1881 1822 spe

1021 1839 1105 1906 tium,
1116 1838 1167 1894 sed
1176 1838 1212 1893 ad
1221 1837 1278 1892 vim
1289 1854 1326 1910 00
1331 1838 1454 1905 amdam,
1463 1837 1492 1892 id
1500 1842 1544 1893 est
1549 1838 1584 1894 ad
1590 1843 1780 1910 potestatem
1787 1843 1880 1912 poten·

1021 1927 1148 1998 tiamque
1160 1926 1250 1981 animi
1258 1927 1427 1981 relatarecta
1439 1926 1627 1998 intelligimur
1640 1928 1740 1982 virtus
1751 1944 1787 1982 eo
1797 1928 1880 1998 pluris

1021 2016 1201 2081 estimanda,
1209 2032 1266 2087 quo
1273 2015 1355 2086 plura
1362 2014 1528 2070 contemnit.
1536 2015 1591 2071 Sed
1601 2016 1782 2087 dehacpost
1792 2018 1880 2088 loqua-

1020 2123 1097 2177 mur,
1113 2122 1179 2160 cum
1199 2121 1360 2177 queremus
1381 2109 1488 2177 quanta
1502 2106 1539 2160 sil
1560 2106 1675 2172 anima,
1700 2107 1780 2162 siem
1797 2107 1879 2178 quari

1021 2193 1134 2255 assolet.
1148 2196 1273 2264 quantus
1284 2193 1371 2248 fuerit
1382 2192 1526 2259 Hercules,
1537 2192 1688 2247 factorum
1703 2193 1878 2258 excellentia,

1021 2296 1080 2334 non
1094 2280 1171 2334 mole
1183 2279 1378 2336 membrorum
1388 2298 1396 2335 ι
1408 2279 1449 2334 ita
1463 2280 1542 2335 enim
1557 2296 1651 2351 supra
1664 2280 1877 2342 distribuimus,

1021 2367 1140 2439 Oportet
1153 2373 1248 2423 sulem
1258 2385 1335 2424 nuuc
1349 2372 1377 2424 te
1387 2368 1533 2423 recordari
1547 2368 1629 2440 00οο
1644 2369 1682 2423 00
1698 2373 1816 2439 puncto
1825 2371 1878 2439 jam

1020 2457 1088 2512 satis
1103 2457 1233 2529 egimus:
1258 2473 1325 2511 nam
1350 2457 1380 2511 id
1397 2456 1636 2528 potentissimum
1652 2472 1732 2524 esse,
1749 2457 1879 2512 maxime·

1020 2560 1076 2617 que
1091 2544 1122 2598 in
1136 2544 1236 2614 figuris
1253 2543 1398 2599 domiuari
1421 2543 1493 2599 ratio
1509 2542 1643 2598 docebat
1666 2543 1808 2598 Potentia
1821 2559 1878 2598 raro

1020 2637 1105 2704 atque
1116 2633 1281 2688 dominatus
1291 2648 1387 2687 nonne
1397 2635 1543 2687 ostentant
1554 2631 1725 2703 quamdam
1743 2633 1877 2704 magnitu·

1019 2717 1142 2774 dinem?
1155 2724 1184 2775 et
1195 2719 1226 2774 in
1242 2723 1347 2790 puncto
1363 2723 1459 2772 tamen
1474 2718 1588 2771 nullum
1604 2717 1744 2787 spatium
1759 2718 1875 2790 reperis«

1017 2807 1129 2863 bamus.
1142 2810 1205 2864 Non
1214 2808 1303 2879 igilur
1313 2822 1449 2878 magnum
1457 2807 1500 2861 rel
1508 2805 1810 2876 ingentemanimum
1819 2823 1874 2862 cum

1018 2898 1150 2953 audimus
1158 2904 1208 2954 aut
1218 2897 1350 2965 dicimus,
1361 2901 1500 2968 quantum
1510 2894 1565 2949 loci
1574 2900 1717 2967 occupet,
1729 2897 1781 2951 sed
1793 2911 1874 2967 quan·

1017 2991 1079 3042 tum
1094 2987 1193 3059 possit,
1208 2985 1391 3057 cogitandum
1405 2988 1458 3039 est.
1474 2983 1675 3048 Quamobrem
1698 2984 1724 3039 si
1742 2986 1803 3056 jam
1823 2984 1873 3056 pri-

1017 3090 1099 3130 mum
1122 3078 1324 3146 argumentum
1344 3077 1437 3141 tuum,
1457 3088 1514 3144 quo
1532 3071 1586 3126 tibi
1602 3088 1657 3143 per
1678 3077 1801 3128 aetatem
1815 3088 1870 3128 eum

1017 3178 1136 3235 corpore
1150 3163 1262 3218 animus
1284 3177 1409 3216 crescere
1430 3160 1595 3231 videbatur,
1620 3160 1697 3217 satis
1721 3163 1870 3218 discussum

1018 3255 1078 3318 est;
1094 3255 1272 3306 transeamus
1285 3250 1320 3305 ad
1333 3249 1423 3305 aliud.

1017 3372 1130 3427 CAPUT
1146 3372 1240 3426 XVIII.
1261 3400 1296 3412 -
1317 3368 1457 3439 Loquendi
1468 3369 1601 3436 recubos,
1620 3385 1712 3440 quum
1726 3387 1797 3442 pue,-
1807 3386 1870 3443 qm.

1052 3461 1129 3514 lotr'm
1139 3460 1303 3528 assequitur,
1315 3474 1369 3514 uou
1384 3457 1528 3512 tribuendo
1537 3458 1722 3514 demerueritis
1735 3462 1841 3514 mima.

1053 3573 1377 3630 eleusiniorum
1402 3572 1498 3628 omnia
1521 3565 1588 3643 quae
1613 3588 1662 3628 me
1692 3590 1757 3628 non
1773 3575 1869 3630 frustra

1016 3679 1132 3719 movero
1147 3664 1278 3729 assolent,
1301 3661 1442 3734 persecuti
1458 3660 1623 3728 fuerimus,
1649 3666 1684 3716 et
1703 3663 1772 3718 fieri
1790 3667 1872 3735 potest

1016 3756 1050 3807 ut
1059 3751 1285 3806 recordationem
1300 3766 1394 3805 meam
1407 3749 1503 3821 aliqua
1517 3748 1653 3819 fugiant:
1675 3757 1873 3808 verumtamen

1016 3840 1096 3911 quod
1109 3855 1185 3894 nunc
1196 3839 1227 3893 in
1239 3842 1366 3893 mentem
1375 3837 1611 3893 veuitridcamus
1627 3841 1724 3910 quale
1740 3841 1788 3908 sil,
1803 3840 1879 3912 qnod'

1015 3942 1090 3999 puer
1105 3925 1198 3980 infans
1222 3941 1279 3980 non
1303 3925 1430 3997 loquitur
1455 3928 1542 3996 atque
1566 3923 1786 3983 increscendo
1810 3943 1872 3982 esse·

1016 4013 1124 4086 quitur.
1140 4016 1176 4070 A.
1199 4013 1290 4068 Facile
1311 4016 1352 4067 est
1372 4012 1467 4067 istud:
1483 4027 1550 4066 nem
1564 4011 1653 4067 credo
1667 4013 1767 4070 videri
1782 4016 1832 4071 tibi
1845 4030 1873 4069 ea

1016 4101 1117 4174 lingua
1134 4118 1278 4174 quemque
1293 4101 1380 4172 loqui,
1398 4116 1455 4172 qua
1468 4101 1631 4171 loquuntur
1646 4101 1791 4159 homines
1809 4105 1874 4158 iuter

1016 4207 1088 4263 quos
1105 4194 1189 4244 uatus
1213 4189 1405 4260 educatusque
1420 4187 1465 4242 sit>
1480 4190 1511 4243 Ε.
1529 4188 1621 4243 Nemo
1641 4188 1674 4244 id
1692 4191 1825 4262 ignorat.
1843 4193 1872 4247 I.

1017 4277 1164 4336 Constitue
1177 4293 1246 4348 ergo
1260 4276 1426 4349 quempIam
1441 4276 1482 4331 ibi
1496 4279 1598 4331 natum
1612 4281 1708 4350 atque
1725 4280 1819 4336 altum
1834 4278 1875 4333 ubi

1015 4365 1148 4422 homines
1164 4383 1223 4420 non
1241 4366 1435 4436 loquerentur,
1452 4363 1501 4419 sed
1520 4363 1641 4419 nutibus
1659 4368 1875 4423 membrorum·

1016 4472 1070 4528 que
1085 4458 1167 4510 motu
1181 4452 1366 4525 cogitationes
1387 4468 1452 4506 suas
1466 4450 1582 4506 sibimet
1598 4456 1822 4523 expromendas
1841 4455 1874 4510 si·

1016 4548 1156 4615 gnarent;
1171 4557 1267 4596 nonna
1281 4556 1379 4596 censes
1394 4555 1460 4594 aum
1474 4539 1543 4595 talia
1564 4554 1627 4594 esse
1642 4540 1811 4610 facturum,
1832 4559 1875 4598 ne·

1017 4647 1073 4703 quc
1097 4630 1269 4696 locuturum,
1293 4629 1342 4699 qui
1365 4628 1531 4699 loquentem
1555 4627 1715 4684 nemiuem
1732 4630 1875 4687 audierit?

115 4741 171 4796 que
190 4725 282 4795 magis
306 4727 460 4783 industrios
482 4735 569 4802 atque
594 4723 725 4786 strenuos
744 4731 883 4802 videmus,
904 4750 962 4789 non
1016 4723 1049 4776 Ε·
1065 4721 1135 4774 Νο10
1149 4735 1195 4774 000
1207 4719 1260 4773 000
1272 4717 1448 4788 0000000800,
1460 4716 1537 4787 (1000
1547 4714 1612 4770 fleri
1623 4731 1690 4772 ¹1⁰ss
1702 4724 1812 4790 P⁰t⁰³b
1827 4719 1876 4785 uui

115 4812 198 4868 video
212 4829 263 4867 cnr
284 4817 412 4886 putanda
432 4819 491 4873 sint
512 4819 604 4891 spatia
625 4819 763 4891 temporis
786 4820 816 4874 iu
831 4822 962 4877 aetatibus
1017 4806 1094 4862 00000
1109 4808 1179 4862 00000
1194 4805 1700 4876 000000000000000000000000000
1717 4812 1820 4863 flatum
1833 4824 1875 4862 00·

115 4901 292 4956 incrementa
317 4907 350 4957 ut
370 4907 547 4975 corporibus,
571 4908 610 4963 sic
626 4909 729 4963 animis
745 4909 831 4976 dare;
850 4926 915 4964 cum
936 4916 964 4966 et
1017 4895 1107 4965 000000
1121 4894 1298 4965 0000000000·
1314 4894 1392 4948 stanti
1406 4898 1508 4947 00000
1520 4891 1619 4948 0000000
1633 4894 1800 4951 0000000000
1814 4895 1875 4951 000·

118 4989 180 5062 ipsa
202 5005 330 5060 corpora,
350 4992 455 5063 quibus
469 5011 520 5066 per
533 5000 648 5068 tempus
662 5013 788 5052 crescere
803 5002 888 5071 atqua
902 5016 962 5054 am.
1017 4985 1173 5040 lescentem
1190 4981 1385 5038 honestissimi
1400 4980 1529 5052 corporis
1540 4985 1569 5034 et
1583 4980 1817 5052 elegantissimas
1830 4999 1875 5038 ur·

115 5079 209 5150 pliora
228 5079 319 5150 spatia
332 5083 429 5135 tenere
452 5098 617 5138 concessum
643 5088 696 5156 est,
715 5102 791 5158 saepe
805 5087 863 5143 sint
877 5105 964 5143 anuo-
1018 5071 1161 5138 00000ῑο,
1177 5075 1289 5125 muium
1304 5073 1401 5125 000000
1422 5073 1507 5141 00000
1522 5068 1564 5123 000
1580 5069 1720 5139 surdum,
1736 5077 1772 5126 00
1786 5087 1874 5144 00000

115 5168 191 5223 siora
206 5168 346 5236 breviora,
370 5184 427 5223 non
446 5172 532 5226 modo
552 5173 663 5241 senilia,
683 5190 748 5246 quoe
763 5175 963 5248 magnitudine
1018 5160 1087 5214 01000
1102 5159 1157 5213 0000
1171 5162 1251 5214 00000
1263 5157 1390 5228 00000000
1405 5155 1590 5227 0000008000,
1603 5173 1705 5230 00000
1719 5161 1784 5231 0000
1798 5161 1875 5216 ”lim

115 5256 253 5329 temporis
277 5258 485 5313 contrahuntur
506 5264 592 5331 atque
607 5262 777 5318 minuuntur
790 5283 797 5333 3
812 5264 861 5319 ,ed
875 5264 962 5319 etiam
1017 5263 1082 5320 quae
1105 5249 1188 5303 vellet
1205 5247 1417 5318 ,sfgnificaret‘f
1440 5245 1486 5299 bic
1501 5245 1510 5280 ¹
1526 5244 1606 5299 euim
1632 5254 1678 5304 est
1698 5249 1872 5305 notissimus.

114 5361 283 5417 puerorum,
306 5364 379 5419 quos
400 5346 654 5404 enlmadvertImus
675 5351 719 5405 his
739 5351 884 5407 breviores
903 5368 964 5407 esse
1049 5392 1100 5438 ,m
1114 5391 1153 5449 B..
1168 5389 1251 5449 him
1271 5390 1328 5437 pqr·
1350 5389 1395 5438 Er,

289 5437 294 5447 .
594 5438 598 5448 .
1416 5385 1633 5439 Ven.bov..blc
1657 5393 1688 5440 et
1706 5390 1872 5454 meliusqui-

112 5448 230 5505 corpore
246 5437 350 5506 quibus
365 5440 432 5492 sunl
445 5440 528 5492 aetate
542 5453 675 5512 majores.
690 5439 719 5494 Si
733 5445 821 5511 igitur
833 5446 964 5511 porrecta
1018 5451 1085 5502 dem.
1119 5453 1153 5501 Μ.
