3884 6112
63 232 128 284 till

99 354 140 404 m.
157 352 179 404 Α
195 349 298 421 quibus
308 353 405 403 tamen
416 364 525 420 quero,
536 354 633 405 utrum
645 349 727 405 istam
738 351 908 406 sententiam

61 437 92 492 iu
108 437 201 493 Veteri
217 437 399 493 Testamento
414 453 474 493 esse
490 442 606 509 negent,
627 454 662 492 aa
679 454 738 493 non
752 454 911 510 congruere

60 526 211 581 sententiae
229 526 391 597 apostolicae
411 526 575 582 affirment?
590 530 626 582 at
643 527 714 581 illud
734 529 862 599 primum
875 526 911 581 li·

57 615 118 670 bris
135 615 262 669 docebo:
278 615 308 669 in
323 615 377 669 hoc
397 618 492 670 autem
512 616 601 669 altero
616 615 836 687 tergiversantes
855 615 911 670 bo-

59 703 162 772 mines,
184 708 213 757 et
226 719 278 773 per
294 703 416 775 abrupta
433 702 585 775 fugientes,
601 705 696 759 autin
715 720 815 777 pacem
828 720 910 758 revo-

57 792 139 858 cabo,
152 791 176 845 si
185 790 328 846 voluerint
338 791 478 863 respicere
489 792 681 863 aliquantum,
693 798 722 847 et
731 791 911 848 considerare

57 880 127 952 quid
143 879 250 935 dictum
265 880 316 946 sit3
332 884 381 935 aut
398 896 447 935 eos
463 881 652 952 intelligentia
666 886 845 947 caeterorum,
861 880 912 952 qui

59 967 121 1024 sine
136 969 290 1041 cupiditate
300 969 440 1039 judicant,
454 968 626 1025 insectabor.
639 971 712 1035 Quid
724 970 802 1025 enim
817 972 912 1042 potest

59 1055 181 1109 amicius
194 1071 282 1127 quam
292 1056 353 1110 istae
363 1056 417 1111 sibi
427 1072 585 1111 consonare
596 1058 766 1112 sententiae?
776 1059 846 1112 Nam
859 1057 910 1113 tri-

59 1144 179 1206 bulatio,
196 1145 338 1216 augustia,
354 1145 523 1216 persecutio,
540 1146 640 1213 fames,
657 1146 782 1216 nuditas,
797 1145 910 1218 pericu·

60 1234 131 1301 lum,
165 1233 312 1288 hominem
341 1232 372 1288 in
404 1233 457 1287 hec
484 1234 541 1289 vita
568 1234 755 1289 constitutum
787 1234 911 1306 graviter

60 1320 198 1376 afficiunt.
212 1321 380 1393 llaecitaque
394 1322 492 1377 omnia
506 1323 592 1377 verba
606 1323 655 1377 ill'o
665 1340 724 1378 uno
738 1323 911 1378 concludun-

59 1414 107 1464 tur
120 1409 286 1467 testimonio
302 1410 405 1465 veteris
426 1411 518 1481 Legis,
535 1426 592 1482 quo
607 1411 714 1466 dictum
730 1415 783 1479 est,
798 1413 912 1480 Propter

57 1502 84 1552 te
98 1500 245 1568 afficimur.
267 1498 383 1554 Gladius
404 1499 540 1563 restabat,
562 1499 611 1571 qui
635 1516 694 1554 uon
717 1515 911 1555 aerumnosam

56 1585 146 1640 ritem
163 1586 253 1653 affert,
274 1587 322 1642 sed
344 1603 431 1658 quam
449 1587 592 1642 invenerit
613 1587 724 1643 adimit.
748 1588 823 1642 Huic
842 1603 910 1659 ergo

56 1674 222 1745 respondet,
237 1677 376 1729 AEstimati
386 1689 480 1729 sumas
495 1680 526 1730 ut
541 1691 600 1731 oves
616 1679 764 1731 occisionis.
782 1675 910 1731 Charitas

57 1778 125 1816 vero
140 1762 202 1833 ipsa
216 1779 275 1818 non
291 1762 385 1835 potuit
394 1763 551 1834 significari
564 1765 737 1836 expressius,
752 1780 838 1836 quam
852 1780 909 1836 quo

56 1851 166 1906 dicium
182 1856 233 1913 est,
246 1854 359 1921 Propter
374 1856 407 1905 te.
421 1853 474 1906 Fac
486 1868 554 1924 ergo
566 1869 624 1907 non
638 1853 668 1907 in
681 1852 770 1907 Paulo
781 1853 909 1924 apostolo

56 1945 239 2011 compertum
255 1939 330 1994 istud
348 1940 557 2006 testimonium,
574 1941 624 1996 sed
644 1957 720 1996 ame
735 1957 795 1997 esse
814 1941 909 2012 prola·

56 2032 131 2083 tum.
144 2027 357 2098 Numquidnam
367 2027 688 2098 tibi,demonstrandum
702 2031 753 2094 est,
764 2028 910 2092 heretice,

58 2115 117 2170 nisi
130 2121 180 2171 aut
194 2115 333 2186 scriptum
347 2115 378 2170 in
399 2120 493 2170 vetere
510 2118 583 2187 Lege
598 2133 657 2172 non
672 2131 743 2178 csse,
768 2120 818 2171 aut
833 2118 909 2188 Apo·

57 2205 132 2259 stolo
150 2220 208 2258 uon
228 2203 400 2258 convenire?
425 2205 553 2269 Quorum
572 2205 596 2259 si
611 2205 683 2260 nihil
707 2204 801 2261 dicere
823 2204 910 2260 audes

57 2292 183 2362 (urgeris
200 2292 357 2346 enimcum
372 2293 499 2346 eteodex
519 2291 635 2364 legitur,
657 2308 715 2364 quo
732 2292 852 2364 planum
873 2292 912 2348 sit

58 2380 198 2451 scriptum
222 2397 293 2448 esse,
321 2383 350 2434 et
373 2380 504 2435 homines
527 2380 696 2453 intelligunt
721 2381 757 2436 ad
780 2381 810 2435 id
835 2379 911 2452 quod

58 2469 210 2540 Apostolus
234 2467 313 2535 dixit,
338 2468 410 2523 nibil
432 2484 515 2540 posse
539 2469 633 2541 aptius
658 2469 833 2540 convenire),
861 2485 911 2524 cur

60 2566 130 2622 ergo
143 2552 236 2606 valere
252 2551 362 2623 aliquid
381 2556 474 2623 putes,
491 2553 567 2622 quod
584 2552 744 2623 Scripturas
762 2557 911 2624 corruptas

60 2655 122 2695 esse
146 2639 314 2695 insimulare
336 2640 443 2695 audes?
465 2642 612 2695 Postremo
633 2640 702 2713 quid
722 2656 911 2712 responsurus

59 2746 91 2784 cs
106 2730 132 2783 ei
147 2729 197 2801 qui
212 2729 264 2784 tibi
279 2729 370 2784 dicat:
389 2730 444 2799 Ego
457 2728 497 2784 sic
508 2729 648 2800 intelligo,
663 2730 721 2800 Ego
736 2730 775 2784 sic
788 2728 908 2800 accipio,

61 2818 103 2872 sic
118 2819 218 2885 cred03
232 2834 285 2872 nec
299 2817 335 2872 ob
358 2817 434 2873 aliud
451 2817 515 2888 lego
537 2818 601 2871 illos
626 2817 734 2884 Libros,
759 2817 814 2872 uisi
833 2818 910 2890 quod

58 2905 100 2961 ibi
114 2905 211 2960 omnia
229 2906 390 2961 christianes
404 2905 472 2960 tidei
487 2905 638 2960 concinere
652 2905 745 2960 rideo.
762 2904 835 2960 lllud
857 2921 909 2976 po·

59 2995 118 3050 tius
132 2994 188 3062 dic,
204 2994 227 3049 si
242 2994 329 3050 audes
344 2997 372 3048 et
393 2994 526 3048 adversus
544 3009 590 3048 me
605 2993 698 3048 dicere
716 2993 832 3065 cogites,
851 3009 911 3048 non

60 3098 121 3138 csse
145 3083 319 3138 credendum
346 3083 425 3154 quod
447 3082 575 3153 Apostoli
594 3086 623 3136 et
641 3087 779 3155 martyres
794 3087 911 3153 propter

60 3170 206 3228 Christum
220 3171 313 3226 allecti
332 3171 465 3242 gravibus
486 3170 623 3224 [erumnis
644 3171 787 3238 dicuntur,
803 3170 912 3242 quoda

59 3260 291 3332 persecutoribus
302 3264 335 3314 ut
354 3277 421 3314 ores
434 3259 583 3314 occisionis
594 3259 728 3315 aestimati
738 3264 813 3315 sunt.
830 3259 911 3325 Quod

59 3349 85 3404 si
100 3365 158 3403 non
171 3353 252 3420 potes
266 3348 370 3418 dicere,
382 3347 452 3418 quid
464 3348 649 3403 calumniaris
661 3348 690 3403 in
707 3365 764 3420 quo
778 3349 852 3404 libro
866 3349 910 3404 iu-

59 3437 174 3492 veniam
188 3435 210 3504 ¹,
224 3437 302 3509 quod
315 3451 361 3490 me
376 3439 509 3507 oportere
524 3437 638 3491 credere
654 3436 795 3491 confiteris
809 3434 868 3507 (cti

10 3590 12 3628 ἰ
60 3545 175 3600 CAPUT
194 3544 224 3599 x.
247 3575 281 3583 -
302 3546 339 3599 lte
362 3546 414 3597 lico
438 3543 505 3612 quid
526 3542 618 3598 doceat
642 3544 771 3599 Ecclesia.
792 3546 850 3598 Duo
872 3542 914 3599 dii

10 3773 15 3812 ι

10 3848 16 3902 i

10 3940 17 3991 t

10 4024 18 4081 t

11 4124 19 4164 ι

10 4214 20 4258 l

10 4298 21 4349 l

10 4388 22 4445 tl

374 3631 592 3687 Manichaeorum.

99 3741 141 3794 td.
158 3741 200 3793 An
215 3737 286 3792 illud
301 3737 381 3804 dicis,
398 3737 552 3793 concedere
567 3742 593 3791 te
609 3736 727 3809 quidem
745 3737 833 3793 Deum
851 3751 912 3791 esse

60 3826 251 3898 diligendum,
271 3827 319 3882 sed
336 3843 394 3881 non
407 3827 490 3882 illum
503 3828 593 3882 Deum
608 3843 694 3898 quem
713 3826 813 3881 colunt
826 3824 847 3879 ii
862 3823 912 3896 qui

59 3917 234 3971 Testamenti
250 3916 357 3970 Veteris
373 3916 572 3971 auctoritatem
588 3916 751 3987 recipiunt?
766 3916 828 3970 Non
843 3929 912 3985 ergo

61 4004 144 4059 illum
160 4007 249 4059 Deum
265 4004 419 4060 colendum
434 4020 495 4059 esse
509 4005 611 4072 dicitis,
628 4003 755 4076 quitecit
767 4004 871 4060 coelum
884 4007 913 4059 et

61 4097 178 4148 terram.
194 4094 249 4148 Iste
264 4109 388 4165 namque
407 4108 460 4164 per
474 4108 573 4147 omnes
589 4097 684 4163 partes
701 4092 817 4147 illorum
833 4093 912 4146 volu·

62 4183 174 4238 minum
194 4184 383 4254 praedicatur:
401 4199 450 4237 vos
474 4185 570 4237 autem
593 4181 725 4236 latemIni
747 4181 913 4237 universum

62 4273 150 4327 istum
164 4272 314 4340 mundum,
326 4271 376 4344 qui
388 4272 506 4327 nomine
517 4270 580 4326 coeti
591 4275 618 4325 et
630 4274 714 4324 terrac
725 4268 911 4340 significatur,

61 4360 168 4415 habere
182 4364 327 4415 auctorem
341 4364 369 4415 et
383 4358 583 4414 fabricatorem
598 4360 696 4420 Deum,
712 4362 740 4412 et
756 4359 846 4412 Deum
861 4357 912 4412 bo·

10 4476 24 4533 p
62 4464 143 4503 num.
157 4449 228 4504 Cum
250 4448 415 4519 exceptione
438 4447 545 4520 quippe
568 4447 716 4527 uobiscum
734 4447 912 4518 loquendum

10 4528 26 4623 μ’
62 4541 114 4601 est,
131 4536 246 4608 quando
262 4538 337 4593 Deus
350 4535 525 4591 nominatur.
543 4537 619 4591 Duos
633 4535 710 4590 enim
727 4535 804 4604 deos,
820 4550 913 4590 unum

10 4650 27 4715 ‚p
61 4625 181 4695 bonum,
197 4626 320 4681 alterum
335 4626 443 4681 malum
459 4641 520 4680 esse
534 4624 701 4696 perhibetis.
715 4623 796 4689 Quod
809 4623 833 4678 si
846 4622 914 4679 dici-

18 4734 29 4795 ῃ
61 4714 98 4769 tis
109 4714 200 4769 colere
212 4731 263 4769 vos
277 4719 305 4769 et
315 4715 468 4769 colendum
480 4713 611 4768 arbitrari
624 4715 713 4771 neum
726 4730 744 4767 a
757 4728 814 4784 quo
825 4711 914 4768 lactus

10 4789 30 4891 'p
60 4807 105 4858 est
117 4802 254 4869 mundus,
269 4817 330 4856 nou
341 4807 514 4881 tamencum
525 4818 587 4856 esse
597 4818 683 4873 quem
699 4801 806 4857 Veteris
821 4802 914 4857 Testa·

10 4906 32 4983 p
61 4890 153 4947 menti
168 4890 350 4948 commendat
364 4889 533 4957 auctoritas3
547 4889 731 4961 impudenter
745 4889 848 4958 tacitis,
863 4889 914 4960 qui

19 5002 31 5073 p·
59 4980 188 5037 alienum
201 4976 331 5032 animum
344 4982 429 5049 atque
442 4977 613 5034 sententiam
630 4994 718 5049 quam
731 4979 804 5033 bene
828 4982 913 5049 atque

10 5098 30 5155 μ
59 5067 171 5126 utiliter
198 5064 403 5135 acceperimus,
433 5066 508 5121 male
541 5066 725 5137 interpretari
759 5065 914 5135 conamini,

10 5188 29 5243 p
60 5157 169 5214 trustra
182 5152 310 5208 omnino.
328 5154 425 5225 Neque
440 5153 517 5209 enim
532 5158 632 5209 restrae
647 5155 742 5209 stultae
757 5159 842 5227 atque
857 5155 913 5210 im·

10 5278 25 5330 5
60 5247 118 5319 piae
134 5241 341 5315 disputationes
356 5241 511 5296 ullomodo
525 5257 591 5297 cum
605 5242 719 5314 piorum
735 5243 915 5299 doctissimo-
969 5268 1124 5321 ,bhumffli
1141 5267 1238 5316 mori,
1252 5266 1438 5338 labegqqupg
1452 5280 1513 5316 cum
1529 5264 1817 5326 ,npmamhummm’

10 5364 22 5411 1¹

10 5452 16 5492 t

95 5399 102 5431 ¹
116 5396 177 5445 tiss.
192 5395 291 5459 plures,
306 5395 336 5444 tn
343 5405 399 5506 pao
413 5391 481 5442 libro
494 5392 619 5454 medem,-
634 5396 661 5442 et
672 5391 806 5456 nonnulli,
817 5392 846 5445 ia
861 5406 915 5459 quo

59 5459 132 5515 ttcro
146 5460 280 5522 scriptum
295 5468 341 5506 cre
361 5467 415 5506 am.

92 5520 131 5582 (a)
143 5520 201 5569 Vid.
216 5521 329 5569 Retract.
344 5518 388 5567 lib.
405 5521 428 5573 l.
444 5530 499 5580 cop.
513 5519 538 5574 t,
552 5530 579 5566 n.
594 5519 617 5566 2.

803 227 909 285 LIBER
930 226 1073 285 PRIMUS.

1746 237 1813 290 iore
1860 199 1863 205 ¹

962 358 1085 422 rumque
1098 349 1249 404 hominum
1271 349 1463 420 sermonibus,
1485 367 1537 423 per
1551 368 1623 424 quos
1636 353 1674 424 lin
1690 357 1813 413 Ecclesia

965 439 1103 495 catholica
1118 439 1336 510 Scripturoeiller
1347 440 1506 496 volentibus
1517 441 1669 514 dignisque
1680 444 1812 516 aperiun-

967 533 1023 594 tur,
1039 528 1199 600 oomparari
1222 531 1340 599 queunt.
1367 529 1463 599 Longe
1487 544 1605 600 prorsus
1620 530 1702 586 aliter
1725 547 1812 603 quem

966 615 1073 687 putetis
1086 616 1140 671 Lex
1162 620 1190 670 et
1212 617 1362 686 Prophetae
1376 616 1578 687 intelliguntur
1592 634 1609 672 a
1622 619 1715 675 nobis.
1733 621 1813 676 Desi-

966 704 1024 759 nite
1039 720 1150 772 errare;
1173 720 1232 760 noe
1255 704 1376 759 colimus
1403 705 1591 776 poenitentem
1619 708 1721 779 Deum,
1750 725 1812 765 non

967 793 1105 860 invidum,
1117 793 1548 865 nonindignm,noncredulem,
1562 810 1623 849 non
1632 800 1812 867 querentem

967 880 1002 936 dc
1018 882 1169 938 homiuum
1183 883 1226 937 vel
1240 898 1376 954 pecorum
1391 882 1530 954 sanguine
1550 883 1735 955 voluptatem,
1752 901 1811 941 non
1843 952 1852 957 -

966 969 1012 1024 cni
1039 970 1148 1042 flagitia
1175 977 1204 1026 et
1226 972 1332 1026 scelera
1355 972 1494 1042 placeant,
1522 987 1581 1026 non
1603 972 1812 1043 possessionem

966 1074 1048 1113 suam
1066 1064 1149 1114 terres
1164 1059 1287 1131 quadam
1310 1059 1450 1130 particule
1464 1059 1677 1115 terminantem.
1702 1061 1733 1114 ln
1761 1060 1813 1115 has

967 1146 1044 1201 enim
1058 1150 1143 1219 atque
1157 1146 1322 1217 hujusmodi
1336 1163 1427 1218 nugas
1441 1147 1564 1218 graviter
1583 1147 1754 1219 copioseque
1767 1147 1813 1202 in-

966 1233 1031 1289 vehi
1045 1234 1148 1289 soletis.
1161 1235 1254 1299 Quare
1269 1250 1321 1290 uos
1329 1234 1450 1290 invectio
1464 1238 1558 1291 restra
1571 1252 1630 1291 nou
1644 1236 1737 1307 tangit
1748 1235 1813 1303 ;scd

966 1323 1056 1376 aniles
1082 1322 1232 1394 quasdam,
1253 1325 1297 1378 vel
1322 1323 1409 1378 etiam
1433 1323 1557 1394 pueriles
1585 1324 1747 1394 opiniones,
1773 1341 1808 1380 eo

965 1409 1118 1481 ineptiore,
1132 1418 1189 1482 quo
1204 1411 1419 1466 vehementiore
1432 1400 1561 1466 oratione
1575 1413 1741 1483 pervellitis.
1753 1413 1815 1478 Oua

966 1498 1096 1570 quisquis
1121 1502 1252 1553 movetur
1277 1503 1305 1553 et
1331 1499 1367 1554 ad
1381 1515 1429 1553 vos
1455 1499 1568 1565 transit,
1596 1515 1655 1554 non
1682 1501 1813 1556 Ecclesia

965 1591 1069 1642 nostrie
1085 1587 1202 1642 damnat
1216 1586 1405 1659 disciplinam,
1422 1588 1470 1642 sed
1487 1603 1550 1642 eam
1562 1603 1591 1642 se
1606 1586 1741 1659 ignorare
1759 1589 1811 1645 de-

966 1678 1116 1729 monstrat.

1002 1767 1044 1819 17.
1071 1762 1262 1827 Quamobrem
1278 1763 1302 1817 si
1318 1762 1389 1835 quid
1411 1762 1531 1818 humani
1557 1764 1644 1820 corde
1665 1764 1776 1837 geritis,
1791 1766 1814 1820 si

965 1865 1041 1904 curre
1051 1850 1131 1904 vobis
1145 1850 1312 1921 vosmetipsi
1322 1850 1398 1917 estis,
1413 1850 1535 1922 querite
1548 1850 1645 1921 potius
1659 1851 1814 1923 diligenter

966 1942 994 1992 et
1008 1938 1055 2009 pie
1070 1937 1215 2010 quomodo
1230 1938 1280 1995 illa
1293 1939 1435 1994 dicantur.
1456 1938 1592 2006 Quaerite,
1612 1939 1727 2011 miseri:
1745 1956 1813 1997 nom

964 2028 1052 2080 telem
1066 2026 1164 2093 tidem,
1187 2043 1244 2097 qua
1257 2028 1315 2081 Deo
1335 2025 1536 2081 inconveniens
1551 2027 1659 2099 aliquid
1674 2029 1814 2096 creditur,

965 2130 1018 2168 nos
1037 2114 1234 2169 vehementius
1252 2118 1280 2169 et
1297 2115 1414 2171 uberius
1440 2131 1622 2183 accusamns;
1637 2132 1705 2172 nam
1732 2122 1760 2173 et
1784 2118 1815 2173 in

965 2203 1022 2257 illis
1037 2219 1101 2275 quae
1115 2203 1190 2259 dicta
1205 2207 1282 2271 sunt,
1296 2219 1361 2258 cnm
1389 2202 1428 2257 sic
1452 2203 1653 2275 intelliguntur
1673 2209 1707 2260 ut
1719 2205 1815 2262 littera
1922 2198 1925 2205 ’

966 2298 1057 2358 sonat,
1077 2297 1106 2346 et
1123 2291 1336 2362 simplicitatem
1364 2291 1547 2363 corrigimus,
1575 2296 1603 2347 et
1625 2292 1813 2363 pertinaciam

966 2380 1139 2435 deridemus.
1156 2382 1190 2434 Et
1199 2379 1255 2434 ulia
1268 2381 1370 2450 multa,
1386 2395 1451 2451 quae
1463 2396 1513 2434 ros
1519 2379 1680 2451 intelligere
1686 2385 1815 2452 nonpot-

966 2469 1043 2538 estis,
1058 2473 1134 2524 vetat
1147 2484 1197 2523 eos
1211 2468 1327 2524 credere
1349 2467 1487 2522 catholica
1510 2467 1670 2538 discipline,
1688 2469 1738 2541 qui
1754 2485 1814 2524 non

965 2556 1058 2622 annis,
1073 2555 1123 2611 sed
1137 2555 1232 2611 studio
1251 2559 1337 2627 atque
1355 2555 1502 2609 intellectu
1522 2555 1689 2623 excedentes
1712 2571 1815 2627 quam-

967 2645 1032 2698 dam
1045 2643 1149 2698 mentis
1164 2643 1329 2714 pueritiam,
1340 2642 1372 2696 in
1387 2658 1473 2697 canos
1486 2642 1632 2714 sapientire
1647 2628 1816 2715 piemoven-

966 2736 1022 2786 tur.
1039 2733 1110 2786 Nem
1126 2734 1155 2786 et
1166 2731 1282 2786 credere
1301 2731 1392 2786 Deum
1407 2731 1468 2785 loco
1481 2730 1578 2801 aliquo
1593 2731 1723 2803 quamvis
1745 2730 1816 2787 infl-

965 2818 1038 2884 nito,
1064 2833 1116 2889 per
1144 2816 1311 2888 quantitatis
1338 2832 1528 2888 quecumque
1557 2818 1649 2888 spatia
1663 2817 1814 2885 contineri,

965 2921 1053 2977 quam
1072 2905 1108 2960 sit
1122 2905 1241 2960 stultum
1261 2905 1394 2960 docetur:
1410 2904 1488 2960 etde
1512 2907 1572 2960 loco
1587 2906 1737 2974 inlocum,
1767 2907 1812 2962 vel

965 2993 1071 3065 ipsum,
1084 2994 1129 3048 vel
1140 2994 1266 3066 aliquam
1282 2992 1344 3064 ejus
1364 2997 1477 3065 partem
1497 2994 1606 3049 moveri
1620 2999 1706 3067 atque
1720 2998 1816 3050 trans·

965 3084 1018 3151 ire,
1034 3083 1167 3137 arbitrari
1194 3082 1274 3137 netas
1289 3082 1421 3137 habetur.
1447 3084 1510 3137 lam
1534 3099 1600 3138 vero
1623 3083 1731 3154 aliquid
1753 3085 1816 3155 ejus

966 3172 1131 3227 substantioe
1148 3177 1233 3244 atque
1244 3176 1354 3227 nature
1369 3173 1620 3227 commutationem
1635 3174 1679 3227 vel
1695 3188 1814 3229 conver-

967 3261 1076 3316 sionem
1091 3261 1220 3333 quolibet
1237 3259 1323 3316 modo
1349 3260 1408 3332 pati
1430 3272 1513 3332 posse
1541 3260 1565 3314 si
1591 3261 1656 3332 quis
1671 3259 1816 3332 opinetur,

966 3346 1048 3400 mirm
1064 3346 1217 3401 dementiae
1235 3344 1449 3417 impietatisque
1462 3345 1665 3400 damnabitur:
1686 3345 1726 3399 ita
1739 3345 1773 3400 sst
1786 3348 1818 3415 ut

966 3435 1042 3506 apud
1052 3450 1104 3489 nos
1114 3432 1577 3505 invenianturpueriquidam,qui
1587 3432 1714 3487 hnmana
1724 3433 1817 3488 torma

968 3526 1058 3579 Deum
1073 3523 1207 3594 cogitent,
1224 3527 1309 3594 atque
1326 3522 1366 3576 ita
1380 3538 1410 3576 se
1424 3520 1530 3576 hahere
1545 3521 1743 3592 suspicentur3
1759 3537 1817 3593 qua

967 3610 1104 3682 opinione
1119 3609 1192 3665 nihil
1205 3615 1257 3676 ,est
1282 3609 1436 3680 abjectius:
1467 3609 1515 3665 sed
1542 3608 1728 3664 inveniantur
1745 3608 1816 3664 item

966 3701 1050 3754 multi
1065 3716 1156 3767 senes,
1172 3698 1222 3770 qui
1242 3699 1303 3769 ejus
1327 3699 1516 3768 majestatem,
1542 3713 1599 3752 uon
1619 3698 1712 3752 solum
1731 3713 1818 3769 super

967 3789 1249 3858 humanumcorpus,
1263 3786 1407 3842 sedetiam
1419 3785 1608 3857 superipsam
1622 3791 1748 3842 mentem
1759 3802 1818 3841 ma·

968 3894 1037 3933 uere
1052 3876 1245 3933 inviolabilem
1259 3880 1345 3947 atque
1356 3874 1634 3942 incommutabilem,
1646 3876 1746 3932 eadem
1755 3875 1819 3948 ipse

967 3970 1063 4022 mente
1078 3964 1264 4036 conspiciant.
1293 3964 1368 4029 Quas
1392 3967 1499 4030 aetates,
1527 3979 1584 4018 non
1599 3968 1739 4034 tempore,
1767 3962 1819 4017 sed

967 4053 1073 4108 virtute
1083 4057 1168 4123 etque
1182 4051 1336 4123 prudentia
1346 4051 1546 4106 discernendas
1561 4066 1623 4105 esse
1632 4051 1694 4121 Jam
1710 4050 1819 4105 dictum

968 4145 1020 4197 est.
1033 4141 1117 4211 Apud
1132 4145 1292 4195 vosautem
1309 4155 1395 4194 nemo
1415 4138 1533 4211 quidem
1546 4138 1687 4209 reperitur
1702 4137 1752 4208 qui
1768 4136 1819 4192 Dei

968 4227 1157 4283 substantiam
1171 4226 1292 4281 humani
1314 4228 1441 4299 corporis
1464 4226 1636 4297 figuratione
1658 4224 1817 4280 describat:

968 4317 1017 4372 sed
1027 4332 1135 4383 rursus,
1151 4330 1237 4369 nemo
1252 4314 1302 4385 qui
1317 4316 1351 4370 ab
1375 4315 1494 4370 humani
1516 4313 1621 4369 erroris
1633 4312 1697 4368 labe
1720 4314 1818 4384 sejun-

968 4411 1016 4477 gat
1025 4407 1043 4459 ¹.
1060 4405 1158 4475 ltaque
1171 4402 1213 4458 illi
1228 4418 1299 4474 quos
1310 4404 1392 4477 quasi
1410 4403 1557 4474 vagientes
1572 4401 1701 4457 Ecclesiae
1716 4402 1818 4457 catho-

967 4493 1029 4547 licoe
1045 4492 1133 4547 ubera
1145 4494 1316 4559 sustentant,
1332 4491 1356 4546 si
1370 4493 1406 4546 ab
1418 4489 1557 4545 hereticis
1571 4506 1630 4544 non
1644 4489 1752 4545 tuerint
1768 4490 1819 4545 de·

967 4579 1111 4654 praedati¹,
1122 4596 1174 4651 pro
1183 4596 1234 4634 suo
1243 4580 1364 4652 quisque
1371 4583 1457 4649 captu
1464 4577 1631 4649 viribusque
1638 4577 1817 4647 nutriuntur,

968 4669 1222 4742 perducunturque
1233 4669 1305 4724 alius
1319 4668 1369 4735 sic,
1385 4667 1458 4721 alius
1468 4669 1564 4721 autem
1580 4666 1630 4734 sic,
1646 4666 1773 4738 primum
1788 4667 1819 4723 in

967 4760 1060 4814 virum
1071 4758 1243 4830 perfectum
1257 4756 1359 4811 deiude
1371 4755 1408 4810 ad
1415 4754 1609 4809 maturitatem
1626 4754 1819 4828 canitiemque

969 4845 1115 4918 sapientie
1130 4843 1313 4915 perveniunt,
1333 4844 1366 4896 ut
1381 4840 1422 4896 eis
1436 4844 1577 4913 quantum
1598 4843 1708 4913 volunt,
1723 4843 1818 4899 virere

969 4950 1001 4989 ac
1014 4933 1177 4990 beatissime
1187 4930 1280 4986 vivere
1292 4929 1386 4985 licent.

1001 5024 1008 5057 ¹
1020 5019 1212 5083 torqueret
1223 5015 1334 5067 bumont
1344 5016 1448 5068 erroris
1458 5016 1654 5081 lcbeecjuaqot.
1665 5017 1698 5068 nt
1708 5018 1781 5068 abest
1790 5030 1818 5068 sc

969 5085 1058 5133 ables.
1071 5088 1097 5132 et
1111 5079 1239 5131 nectens
1258 5078 1419 5128 editionibus
1432 5079 1498 5129 debe
1528 5094 1561 5130 ue
1576 5081 1681 5142 ebesee;
1701 5080 1763 5142 quia
1780 5080 1818 5129 ibi

969 5141 1514 5206 Manichaeisexprobratliugustinuslquod
1542 5141 1752 5192 eumabhumani
1762 5141 1819 5204 qui·

970 5209 1029 5258 dem
1040 5205 1156 5269 corporis
1161 5203 1370 5267 configuratione
1377 5204 1489 5253 liberum
1494 5217 1551 5254 esee
1560 5204 1653 5263 velint,
1663 5216 1717 5251 non
1728 5207 1817 5253 tamen

969 5345 1030 5396 qum
1045 5330 1134 5392 utique
1146 5328 1227 5378 errori
1241 5327 1358 5377 obnoxia
1371 5332 1420 5388 est,
1430 5332 1531 5392 portem
1545 5327 1627 5391 ipsius
1640 5325 1688 5376 Dei
1703 5339 1759 5376 esse
1773 5327 1819 5376 do-

1016 5393 1121 5442 atizent.
1137 5389 1213 5449 Quod
1230 5403 1260 5439 ar
1279 5394 1416 5440 umentem
1436 5395 1513 5454 urget
1525 5390 1554 5439 in
1576 5389 1644 5439 libro
1656 5387 1773 5439 secundo
1784 5387 1817 5439 de

970 5407 1064 5505 &nesi
1079 5457 1172 5502 contra
1186 5452 1272 5502 Manio
1292 5466 1354 5512 moe,
1373 5466 1430 5516 cap.
1446 5455 1470 5512 8,
1484 5465 1512 5500 n.
1531 5453 1570 5500 lt.

1002 5518 1012 5551 ²
1025 5516 1166 5566 Vaticanus
1176 5515 1259 5564 codex
1270 5514 1360 5575 habet,
1369 5513 1523 5577 depravati.
