3884 6112
95 269 164 324 {283

92 388 234 446 habereut
247 385 378 442 ordinem
393 399 487 450 suum,
512 384 543 436 ut
560 381 639 435 nulla
657 383 787 433 creatura
801 393 890 448 usque
907 376 942 431 ad

92 474 240 531 miseriam
255 471 434 545 perveniret;
455 486 513 524 nou
528 467 604 522 enim
627 466 680 521 hoc
694 470 744 520 aut
758 465 940 536 omnipotens

92 578 149 618 non
163 560 268 633 potnit,
283 565 333 615 aut
347 561 439 614 bonus
464 556 573 612 invidit.
591 554 790 624 Respondebo,
808 552 939 607 ordinem

92 654 320 705 creaturaruma
343 663 455 702 summa
476 660 566 716 usque
593 643 628 698 ad
648 642 778 697 infimam
805 640 940 712 gradibus

2 769 6 781 ι
89 738 174 810 justis
183 738 224 792 ita
234 738 395 802 decurrere,
406 734 491 789 utille
502 731 627 787 insideat
636 729 806 802 quidinerit,
819 731 874 784 Ista
883 745 939 783 non

91 831 182 893 esset;
199 824 325 880 invideat
339 824 424 878 eliam
440 822 487 877 ille
503 820 553 893 qui
568 819 682 889 dixerit,
698 821 753 875 Ista
769 818 833 872 talis
855 823 959 872 esset'

89 915 117 972 Si
130 914 206 970 euim
221 915 308 968 talem
323 913 384 967 vult
397 927 458 966 esse
480 909 572 982 qualis
595 913 637 963 est
659 906 802 978 superior,
815 906 876 976 jam
892 905 941 961 illa

90 1007 142 1071 est,
159 1006 188 1057 et
200 1005 279 1056 tanta
294 1005 336 1055 est
346 1005 376 1055 ut
385 998 469 1071 adjici
480 999 507 1053 ei
521 1014 579 1053 non
593 995 941 1069 oporteat,quiaperlecta

89 1097 141 1147 est.
160 1089 291 1161 Quiergo
301 1089 380 1156 dicit,
397 1087 548 1143 Etiamista
563 1085 628 1140 talis
642 1088 725 1150 esset,
742 1088 792 1140 aut
805 1083 941 1155 perfectae

89 1178 232 1251 superiori
243 1178 304 1233 vult
313 1178 427 1242 addere,
437 1180 465 1230 et
476 1175 530 1229 erit
541 1174 748 1228 immoderatus
763 1177 792 1227 et
806 1173 940 1243 injustus,

90 1271 141 1323 aut
154 1267 238 1322 istam
253 1266 314 1320 vult
326 1264 501 1329 interimere,
514 1266 542 1316 et
557 1262 612 1316 erit
621 1262 807 1331 malusatque
816 1260 938 1316 invidus.

36 1384 42 1389 .
88 1356 143 1422 Qui
157 1359 254 1410 autem
279 1352 395 1413 dixerit,
422 1352 477 1406 leta
497 1365 556 1405 uon
575 1353 659 1413 esset,
683 1349 871 1404 nihilominus
887 1350 941 1404 erit

90 1445 183 1499 malus
197 1447 282 1514 atque
296 1440 420 1503 invidus,
438 1453 502 1492 cum
516 1453 580 1491 eam
595 1436 722 1491 nonvull
737 1451 809 1502 esse,
825 1449 882 1505 qua
893 1433 939 1487 in-

90 1531 224 1587 leriorem
238 1529 363 1583 laudare
379 1526 470 1582 adhuc
484 1525 604 1597 cogitur.
625 1525 707 1578 Velut
726 1523 749 1577 si
769 1523 854 1589 dicat,
877 1523 940 1577 Non

92 1624 166 1675 osset
181 1619 259 1684 luna,
279 1632 345 1671 cnm
356 1615 442 1670 etiarn
458 1615 582 1668 lucernae
597 1612 755 1667 claritatem
768 1612 854 1681 longe
866 1610 939 1664 inle-

92 1708 208 1772 riorem,
225 1707 255 1761 in
270 1721 321 1760 suo
338 1709 433 1758 umen
448 1716 552 1774 genere
563 1701 724 1772 pulchram,
735 1699 891 1754 etterrenis
903 1703 940 1753 te·

90 1795 187 1851 nebris
201 1798 274 1849 esset
288 1793 421 1847 docoram
434 1793 443 1827 ¹
459 1794 546 1861 atque
560 1793 656 1860 aptam
667 1788 815 1843 nocturnis
831 1788 938 1854 usibus,

90 1887 177 1954 atquo
192 1882 222 1937 in
236 1881 279 1936 his
290 1881 424 1936 omnibus
438 1895 491 1950 pro
504 1895 554 1933 suo
570 1878 686 1933 modulo
699 1878 798 1948 utique
813 1877 939 1932 laudabi-

91 1972 205 2027 lemaut
214 1971 346 2039 fateatur,
356 1973 405 2023 aut
418 1967 584 2022 stultissime
598 1967 642 2021 rel
654 1965 831 2021 contentiose
841 1969 936 2036 neget.

91 2059 239 2126 Quomodo
254 2074 323 2130 ergo
333 2061 409 2112 recte
422 2057 515 2110 dicere
530 2054 655 2120 audebit,
671 2055 749 2109 Luna
761 2059 899 2108 nonesset
909 2053 938 2107 in

90 2149 186 2216 rebus,
202 2147 252 2219 qui
267 2147 290 2201 si
305 2147 419 2212 diceret,
437 2146 563 2199 Lucerna
577 2159 636 2198 uon
650 2147 732 2209 esset,
748 2143 938 2198 deridendum

90 2253 121 2293 se
136 2253 196 2292 esse
211 2235 328 2290 sentiret
337 2233 438 2299 lQuod
452 2232 541 2286 sinon
555 2231 632 2295 dicit,
643 2231 721 2285 Luna
730 2236 880 2294 nonesset,
889 2231 938 2285 sed

91 2325 206 2398 qualem
222 2325 309 2379 solem
324 2322 410 2389 videt,
426 2320 513 2375 talem
529 2319 596 2374 dicit
610 2319 708 2374 lunam
719 2334 780 2374 esse
793 2319 936 2386 debuisse,

91 2429 151 2467 non
165 2409 302 2481 iutelligit
316 2408 389 2464 nihil
404 2407 482 2462 aliud
504 2424 534 2462 se
549 2406 643 2463 dicere
667 2422 764 2478 quam,
781 2408 842 2462 Non
865 2414 939 2463 esset

90 2501 170 2568 luna,
186 2499 236 2555 sed
258 2501 352 2553 essent
375 2496 449 2551 soles
467 2496 533 2551 duo.
560 2496 593 2550 ln
615 2511 673 2566 quo
688 2495 838 2566 dupliciter
851 2501 937 2559 errat,

91 2589 169 2662 quod
183 2603 281 2642 rerum
293 2585 465 2658 perfectioni
483 2589 512 2639 et
526 2583 631 2639 addere
646 2583 755 2656 aliquid
770 2584 856 2656 cupit,
873 2600 938 2640 cum

91 2677 232 2733 desiderat
241 2678 362 2731 alterum
377 2675 465 2729 solem
477 2690 484 2740 ;
496 2676 524 2728 et
534 2672 675 2740 minuere,
691 2688 756 2727 cum
772 2674 939 2729 lunamvult

90 2765 212 2822 detrahi.

124 2857 169 2910 25.
187 2853 236 2909 llic
249 2853 368 2909 tortasse
396 2850 481 2920 dicat,
496 2850 561 2907 ideo
587 2849 660 2904 nihil
687 2866 716 2905 se
735 2850 770 2905 de
791 2851 860 2906 luna
873 2867 938 2906 con·

89 2942 183 3017 queri,
200 2942 268 3015 quia
280 2942 415 3012 splendor
428 2941 490 3011 ejus
501 2939 539 2994 ita
559 2938 655 2993 minor
668 2943 720 3006 est,
736 2944 768 2994 ut
780 2940 867 2995 miser
880 2957 938 2995 nou

88 3033 144 3100 sit;
160 3032 194 3087 de
209 3030 371 3085 animarum
386 3034 480 3083 autem
495 3043 553 3082 uon
565 3027 742 3095 obscuritate,
760 3029 810 3084 sed
825 3028 940 3084 miseria

89 3135 119 3175 se
134 3118 241 3174 dolere.
267 3117 371 3172 Sedulo
398 3116 512 3186 cogitet,
533 3114 574 3168 ita
587 3115 665 3169 lunae
686 3116 866 3187 splendorem
879 3133 938 3172 non

87 3223 148 3263 esse
164 3207 310 3270 miserum,
327 3208 416 3258 utnec
426 3203 561 3275 splendor
577 3203 644 3258 solis
659 3203 696 3257 sit
710 3204 820 3259 beatas.
830 3204 936 3269 Quam·

87 3295 130 3351 ris
145 3295 222 3349 enim
237 3309 358 3363 corpora
371 3290 496 3346 coelestia
516 3289 583 3358 siut,
608 3306 729 3362 corpora
750 3296 816 3346 sunt
841 3296 938 3348 tanren

89 3387 229 3456 quantum
243 3381 279 3436 ad
294 3383 386 3435 lucem
402 3378 485 3433 istam
499 3378 633 3448 pertinet,
643 3394 708 3450 quae
719 3395 772 3450 per
785 3395 938 3451 corporeos

90 3470 190 3527 oculos
205 3468 306 3524 sentiri
318 3470 421 3539 potest
436 3466 520 3521 Nulla
539 3470 634 3522 autem
653 3482 782 3538 corpora,
798 3473 938 3540 quantum

87 3559 124 3615 ad
138 3575 199 3614 sese
214 3556 327 3623 attinet,
353 3557 398 3612 vel
423 3556 507 3611 beata
525 3560 645 3627 possunt
665 3572 737 3623 esse,
753 3556 797 3612 vel
812 3557 938 3626 misera;

88 3663 254 3721 quanquam
274 3647 425 3702 beatorum
440 3649 491 3699 aut
508 3644 679 3699 miserorum
695 3661 813 3716 corpora
827 3647 938 3717 possint

88 3752 160 3792 esse.
176 3737 232 3792 Sed
247 3736 282 3791 de
298 3734 355 3789 illis
369 3733 529 3788 luminibus
541 3733 698 3788 similitudo
709 3733 837 3789 adhibita
848 3734 878 3788 id
889 3734 935 3789 do·

87 3828 141 3890 cet,
155 3828 188 3879 ut
200 3821 443 3895 quemadmodum
456 3837 609 3891 corporum
624 3821 798 3876 differentias
809 3827 936 3878 contem-

85 3912 203 3984 plando,
220 3909 318 3965 videns
332 3908 389 3964 alia
402 3908 534 3974 clariora,
542 3908 647 3978 injuste
661 3909 736 3979 petis
749 3910 855 3965 anierri
871 3927 935 3982 quas

86 3998 252 4056 obscuriora
262 3996 452 4070 conspexeris,
472 4001 523 4050 aut
543 3996 709 4052 clarioribus
719 3998 937 4070 adaquari;sed

89 4090 125 4145 ad
139 4086 343 4161 perlectionem
359 4084 551 4141 universitatis
565 4086 690 4142 reserens
706 4088 813 4151 omnia,
830 4093 937 4160 quanto

86 4176 178 4248 magis
190 4175 319 4232 minusve
334 4173 410 4230 inter
424 4188 453 4228 se
467 4173 543 4228 clara
558 4177 723 4241 sunt,tanto
738 4175 831 4248 magis
844 4177 936 4232 cernis

87 4281 149 4322 esse
163 4264 280 4333 omnia;
294 4259 346 4320 ne'c
355 4262 408 4319 tibi
418 4262 541 4318 occurrit
551 4263 677 4335 perlecta
685 4264 867 4335 universitas,
881 4267 937 4322 uisi

87 4354 137 4411 ubi
154 4354 264 4426 majora
273 4352 313 4408 sic
325 4356 430 4425 praesto
444 4355 520 4407 suut.
535 4355 566 4406 nt
579 4351 692 4408 minora
702 4369 761 4409 non
773 4354 869 4411 desint
880 4371 886 4411 :
897 4356 937 4411 sic

87 4441 174 4498 etiam
200 4440 374 4497 differentias
397 4438 559 4495 animarum
583 4439 700 4511 cogites,
715 4441 746 4496 in
765 4442 870 4515 quibus
884 4444 937 4500 hoc

87 4546 203 4602 quoquo
217 4528 357 4594 invenies,
374 4534 407 4584 ut
419 4527 567 4583 miseriam
580 4543 667 4599 quam
681 4529 769 4598 doles,
785 4531 819 4586 ad
830 4531 860 4587 id
868 4548 937 4604 quo-

89 4634 145 4690 que
159 4619 253 4672 valere
268 4633 429 4688 cognoscas,
445 4621 477 4672 ut
491 4615 684 4671 universitatis
699 4618 867 4690 perfectioni
883 4637 937 4677 nec

88 4706 147 4762 illa
162 4705 255 4760 desint
268 4705 383 4773 animae,
397 4721 461 4777 quae
475 4704 588 4759 miserae
602 4703 666 4759 lieri
682 4705 854 4776 debuerunt,
868 4709 936 4782 quia

86 4793 258 4870 peccatrices
277 4810 338 4848 esse
352 4793 514 4849 voluerunt.
531 4794 710 4866 Tantumque
723 4795 802 4852 abest
816 4801 848 4852 ut
862 4798 936 4854 Dens

85 4884 157 4940 tales
171 4881 263 4936 iacere
278 4896 337 4935 non
352 4880 493 4948 debuerit,
509 4886 541 4936 ut
553 4879 640 4936 etiam
655 4887 772 4938 caeteras
792 4888 936 4941 creaturas

85 4969 267 5029 laudabiliter
291 4968 390 5024 fecerit
407 4969 493 5039 longe
516 4969 665 5026 interiores
688 4971 792 5026 animis
812 4973 934 5032 miseris.

121 5061 166 5117 td.
183 5057 238 5115 Sed
247 5055 459 5113 adhucvidetur
465 5057 561 5112 miuus
572 5057 735 5132 intelligens
741 5061 819 5133 quod
828 5062 947 5124 dictum.

87 5151 140 5218 est,
155 5146 262 5204 habere
277 5145 355 5218 quod
370 5144 553 5202 contradicat.
574 5146 647 5203 llicit
664 5148 756 5203 enim:
777 5149 805 5204 Si
820 5150 934 5207 univer-

87 5237 178 5294 sitatis
204 5236 410 5308 perlectionem
433 5237 558 5306 complet
573 5235 658 5292 etiam
684 5241 782 5294 nostra
807 5239 932 5310 miseria,

86 5327 225 5383 defuisset
251 5323 360 5399 aliquid
387 5323 454 5381 huic
477 5321 652 5395 perfectioni,
676 5325 701 5380 si
724 5325 800 5382 beati
820 5341 934 5400 semper

117 5513 126 5547 ¹
141 5513 264 5579 Quinque
277 5512 351 5576 Mea,
365 5509 576 5566 accommodam.

535 296 550 311 .
642 258 690 314 DE
709 254 840 312 LIBERO
859 252 1039 321 sanitato,
1061 252 1088 308 S.
1108 249 1301 308 auousrlut

1804 252 1857 304 last

996 392 1133 432 essemus.
1153 376 1340 446 Quapropter,
1363 373 1386 427 si
1409 372 1444 429 ad
1467 371 1635 429 miserium
1657 370 1718 426 nisi
1732 374 1858 442 peccando

997 479 1055 519 non
1075 462 1205 532 pervenit
1215 463 1320 528 anima,
1337 461 1422 515 etiam
1441 463 1572 532 peccata
1592 463 1701 515 nostra
1718 462 1875 516 necessarial

997 558 1064 608 sunt
1083 553 1253 625 perfectioni
1277 551 1472 607 universitatis
1491 567 1593 624 quam
1621 549 1765 605 condidit
1791 552 1858 607 Deus.
1891 599 1893 611 .

996 642 1145 707 Quomodo
1160 657 1228 712 ergo
1236 641 1311 712 juste
1324 645 1440 713 peccata
1452 640 1556 712 punit,
1576 656 1651 712 quae
1667 638 1694 693 si
1709 637 1859 708 defuissent,
1891 635 1893 687 ἶ

995 735 1124 786 creatura
1135 730 1196 801 ejus
1206 731 1291 801 plena
1301 734 1329 785 et
1342 729 1469 800 perfecta
1480 745 1545 784 uon
1563 727 1678 784 esset?
1695 725 1749 783 iiie
1762 744 1859 800 respon

995 819 1089 888 detur,
1100 834 1158 873 non
1167 818 1230 890 ipsa
1239 822 1354 890 peccata
1363 818 1408 872 rel
1420 817 1517 890 ipsam
1528 815 1859 889 miseriam‘perlectioui

994 905 1188 962 universitatis
1203 923 1263 961 esse
1286 905 1455 972 necessaria,
1473 907 1527 961 sed
1542 905 1672 960 animas
1690 904 1723 958 in
1737 910 1857 978 quantun

994 995 1098 1050 animae
1112 999 1196 1063 sunt3
1217 1011 1282 1067 quae
1304 995 1328 1050 si
1347 994 1446 1062 velint,
1462 998 1616 1066 peccant;
1638 993 1667 1048 si
1683 995 1857 1066 peccaverint,
1891 994 1893 1051 Ξ

994 1085 1107 1140 miserae
1122 1084 1205 1140 liunt.
1216 1083 1245 1139 Si
1255 1083 1332 1139 enim
1342 1083 1464 1156 peccatis
1476 1100 1589 1139 aarum
1602 1083 1753 1139 detractis
1762 1085 1856 1141 miseris

993 1176 1165 1245 perseverat,
1186 1177 1235 1227 eut
1257 1172 1343 1227 etiam
1364 1177 1482 1244 peccata
1499 1172 1666 1244 praecedit,
1691 1177 1771 1228 recte
1784 1173 1856 1228 delor-

994 1261 1068 1317 mari
1082 1260 1186 1316 dicitur
1210 1262 1279 1317 ordo
1300 1266 1385 1334 atque
1406 1260 1637 1317 administratio
1662 1261 1854 1317 universitatis.

995 1351 1113 1416 Rursus,
1131 1349 1155 1404 si
1169 1354 1283 1422 peccata
1293 1350 1373 1414 fiant,
1390 1354 1418 1405 et
1431 1350 1505 1405 desit
1519 1349 1665 1420 miseria,
1683 1350 1854 1406 nihilominus

995 1438 1166 1494 dehonestat
1181 1437 1312 1493 ordinem
1333 1438 1481 1509 iniquitas.
1505 1439 1586 1493 Cum
1606 1442 1718 1493 autem
1733 1454 1791 1493 uon
1807 1455 1854 1509 pet·

994 1526 1124 1582 cantibus
1135 1526 1213 1582 adest
1224 1527 1379 1594 beatitudo,
1390 1527 1518 1598 perlecta
1531 1532 1579 1582 est
1593 1527 1788 1582 universitas.
1799 1528 1852 1583 Can

994 1630 1060 1669 vero
1083 1615 1266 1686 peccantibus
1280 1615 1360 1670 adest
1375 1614 1502 1684 miseria,
1519 1615 1734 1670 nihilominus
1748 1615 1852 1688 perlecta

994 1707 1037 1759 est
1051 1703 1228 1759 universitas.
1246 1704 1327 1769 Quod
1346 1708 1442 1758 eutem
1455 1703 1531 1776 ipsae
1544 1720 1609 1759 nou
1624 1704 1740 1759 desunt
1755 1705 1851 1772 anime,

994 1809 1065 1865 quas
1078 1794 1122 1847 vel
1137 1798 1287 1864 peccantes
1299 1792 1430 1865 sequitur
1445 1792 1581 1860 miseria,
1597 1795 1651 1849 vel
1670 1799 1753 1849 recte
1767 1795 1853 1849 lacien-

993 1886 1036 1938 tos
1059 1882 1214 1948 beatitudo,
1240 1898 1353 1952 semper
1378 1881 1489 1936 naturis
1519 1883 1673 1937 omnibus
1700 1883 1852 1938 universitas

992 1971 1079 2042 plena
1093 1975 1178 2042 atque
1192 1969 1316 2042 perlecta
1334 1975 1387 2024 est.
1402 1970 1464 2025 Non
1479 1968 1562 2024 enim
1577 1976 1746 2040 peccatum
1760 1977 1788 2027 el
1800 1988 1852 2042 sap·

993 2058 1110 2131 plicium
1124 2058 1234 2128 peccati
1248 2063 1360 2112 uaturae
1375 2062 1441 2112 sunt
1459 2057 1615 2130 quaedam,
1634 2059 1690 2113 sed
1705 2059 1853 2114 affectiones

993 2144 1621 2217 naturarum,illavoluntaria‚istapoenalis.
1637 2146 1698 2202 Sed
1708 2147 1854 2202 voluntaria

994 2249 1058 2305 quae
1073 2233 1103 2289 in
1118 2238 1233 2306 peccato
1248 2233 1291 2302 iit,
1312 2233 1404 2305 turpis
1419 2233 1533 2288 allectio
1551 2239 1608 2289 est.
1639 2234 1697 2290 Cui
1717 2242 1853 2308 propterea

992 2325 1114 2396 poenahs
1123 2323 1284 2390 adhibetur,
1296 2327 1328 2378 ut
1338 2323 1451 2379 ordinet
1464 2340 1543 2392 eam,
1559 2324 1616 2379 ubi
1628 2325 1725 2382 talem
1736 2344 1854 2383 essenon

992 2416 1077 2484 turpe
1092 2413 1138 2481 sit,
1156 2417 1184 2468 et
1203 2413 1298 2468 decori
1318 2413 1512 2469 universitatis
1528 2431 1707 2487 congruere
1723 2429 1814 2489 cogat,
1831 2420 1855 2471 ul

992 2501 1101 2571 peccati
1115 2501 1238 2558 dedecus
1253 2502 1387 2557 emendet
1401 2518 1486 2572 poena
1501 2503 1636 2573 peccati.

1029 2592 1074 2643 27.
1092 2588 1163 2643 Hinc
1186 2589 1220 2644 lit
1243 2593 1274 2644 ut
1291 2595 1412 2661 peccaut
1428 2593 1564 2646 creatura
1583 2592 1743 2664 superior,
1760 2610 1854 2650 aerea·

993 2677 1066 2732 luris
1075 2676 1417 2750 inferioribuspuniatur,
1430 2678 1498 2751 quia
1507 2679 1569 2734 illae
1584 2684 1655 2736 tam
1669 2683 1853 2746 suntiniima,

979 2768 1027 2830 ‚ut
1040 2765 1138 2820 ornari
1154 2765 1242 2820 etiam
1258 2783 1273 2820 a
1293 2766 1427 2839 turpibus
1442 2766 1549 2822 animis
1568 2770 1707 2841 possint,
1727 2775 1813 2844 atque
1823 2772 1856 2824 ita

994 2852 1288 2909 decoriuniversitatis
1297 2870 1464 2926 congruere.
1473 2855 1550 2920 Quid
1561 2857 1651 2913 euim
1658 2861 1722 2913 tam
1729 2873 1854 2930 magnum

992 2940 1023 2995 in
1037 2940 1121 2995 domo
1145 2944 1187 2995 est
1211 2957 1296 3013 quam
1321 2943 1431 2997 homo‘l
1446 2947 1475 2997 et
1494 2943 1569 3014 quid
1588 2949 1660 3001 tam
1678 2947 1855 3019 abjectumet

993 3027 1125 3083 infimum
1150 3044 1238 3099 quam
1257 3029 1352 3083 cloaca
1370 3030 1498 3085 domus?
1519 3031 1636 3089 Servus
1651 3040 1760 3091 tamen
1773 3035 1802 3090 iu
1815 3035 1854 3089 tali

992 3120 1108 3186 peccato
1118 3115 1255 3185 detectus,
1265 3125 1296 3170 ut
1306 3116 1479 3172 mundandae
1492 3117 1605 3175 cloacae
1624 3122 1742 3194 dignus
1766 3123 1854 3177 habea·

993 3208 1050 3271 tur,
1064 3206 1146 3258 ornat
1160 3219 1223 3258 eam
1247 3203 1333 3260 etiam
1356 3204 1537 3286 turpitudine
1553 3224 1633 3275 sua;
1658 3213 1691 3265 et
1711 3215 1852 3280 utrumqne

992 3289 1106 3357 horum,
1129 3290 1158 3345 id
1182 3295 1225 3347 est
1246 3292 1393 3364 turpitudo
1414 3292 1497 3362 servi,
1520 3297 1551 3349 et
1568 3297 1738 3353 mundatio
1753 3298 1852 3363 cloaca,

990 3376 1051 3448 jam
1064 3378 1249 3449 conjunctum
1260 3382 1288 3433 et
1301 3379 1446 3434 redactum
1458 3378 1489 3433 iu
1504 3384 1680 3451 quamdam
1695 3387 1744 3440 sui
1757 3387 1853 3458 genens

992 3465 1145 3533 unitatem,
1164 3467 1205 3521 ita
1228 3466 1372 3538 dispositae
1388 3468 1485 3522 domui
1502 3475 1670 3541 coaptatur
1689 3479 1783 3548 atqua
1797 3474 1852 3528 suh·

992 3552 1109 3624 texitur,
1123 3554 1229 3625 atejus
1241 3554 1419 3610 universitati
1430 3555 1659 3615 ordinatissimo
1678 3562 1786 3619 decore
1797 3578 1851 3618 con·

992 3641 1096 3697 veniat.
1116 3643 1170 3708 Qui
1190 3647 1288 3697 tamen
1309 3660 1406 3698 servus
1426 3643 1448 3697 si
1473 3660 1598 3715 peccare
1625 3651 1787 3720 noluisset,
1805 3666 1852 3705 non

993 3730 1129 3786 defuisset
1157 3731 1323 3788 domesticae
1351 3731 1508 3803 disciplinas
1539 3734 1600 3790 alia
1632 3741 1782 3810 provisio,
1807 3755 1853 3811 qna

991 3819 1151 3874 necessaria
1160 3821 1378 3876 mundarentur.
1393 3820 1465 3885 Quid
1477 3820 1579 3894 itaque
1597 3829 1667 3882 tam
1681 3828 1851 3885 iufimumiu

992 3908 1076 3963 rebus
1090 3924 1178 3979 quam
1192 3925 1295 3980 corpus
1307 3924 1392 3964 omne
1405 3912 1577 3967 terrenum?
1592 3915 1682 3972 Hanc
1697 3922 1798 3974 tamen
1809 3934 1852 3972 cor

992 3995 1158 4067 ruptibilem
1182 4012 1295 4051 carnem
1318 3997 1404 4052 etiam
1424 3997 1568 4068 peccatrix
1585 4003 1697 4060 anima
1713 4006 1756 4061 sic
1771 4011 1851 4068 ornat.

992 4087 1024 4138 ut
1034 4083 1059 4138 ei
1069 4085 1193 4154 speciem
1203 4084 1433 4140 decentissimam
1441 4084 1582 4156 prebeat,
1596 4095 1851 4168 motumquevila-

991 4172 1058 4227 lem.
1075 4172 1250 4228 Habitationi
1266 4189 1334 4245 ergo
1344 4173 1451 4228 coelesti
1463 4173 1645 4233 talisanima
1655 4197 1721 4236 non
1732 4181 1853 4254 congruit

990 4276 1044 4333 per
1051 4266 1210 4333 peccatum,
1220 4262 1346 4318 terrestri
1352 4266 1446 4317 autem
1457 4265 1593 4334 congruit
1602 4258 1851 4344 persuppliciuur;

991 4353 1024 4404 ut
1038 4349 1186 4421 quodlibet
1201 4349 1329 4421 elegerit,
1353 4366 1464 4422 semper
1479 4350 1517 4406 sit
1536 4354 1673 4424 pulchra
1689 4360 1852 4415 universitas

992 4437 1200 4494 decentissimis
1220 4438 1349 4512 partibus
1367 4439 1509 4508 ordinata,
1542 4442 1634 4514 cujus
1658 4452 1707 4504 est
1730 4448 1852 4505 conditor

991 4535 1022 4588 et
1043 4531 1257 4587 administrator
1273 4533 1356 4588 Deus.
1374 4533 1504 4605 Namque
1523 4534 1654 4607 optimae
1671 4541 1783 4598 animae
1796 4556 1851 4597 eum

991 4618 1022 4675 in
1040 4618 1148 4676 infimis
1163 4620 1300 4677 creaturis
1321 4621 1459 4689 habitant,
1476 4638 1537 4677 non
1550 4639 1601 4678 eas
1615 4634 1731 4686 emant
1747 4631 1853 4686 iuberis

991 4723 1052 4775 sua,
1066 4725 1154 4780 quam
1167 4725 1225 4764 non
1238 4708 1354 4779 habent,
1366 4709 1415 4765 sed
1425 4726 1479 4765 usu
1489 4726 1592 4767 earum
1606 4712 1706 4774 bono.
1722 4719 1754 4774 Si
1767 4725 1852 4774 autem

990 4797 1161 4869 peccatrices
1176 4797 1280 4853 animm
1300 4797 1504 4870 permittantur
1518 4798 1662 4860 habitare
1679 4807 1712 4862 in
1728 4806 1852 4864 sublimi·

990 4885 1044 4941 bus
1056 4885 1135 4954 locis,
1153 4886 1339 4942 inhonestum
1354 4889 1413 4955 est;
1431 4886 1499 4958 quis
1515 4903 1576 4943 non
1588 4894 1781 4951 conveniunt
1794 4896 1852 4963 illis,

991 4975 1096 5048 quibus
1110 4991 1163 5031 nec
1178 4975 1250 5030 bene
1267 4975 1309 5030 uti
1332 4979 1463 5047 possunt,
1479 4991 1534 5031 nec
1557 4983 1736 5038 ornamenti
1752 4982 1850 5056 aliquid

990 5063 1150 5120 conferunt.

1027 5155 1072 5209 28.
1087 5153 1154 5208 ldeo
1171 5169 1337 5225 quanquam
1365 5152 1442 5209 orbis
1458 5153 1512 5208 iste
1527 5157 1671 5214 terrenus
1685 5161 1776 5216 rebus
1796 5177 1850 5216 cor·

990 5240 1178 5312 ruptibilihus
1201 5242 1354 5313 deputatus
1376 5241 1423 5312 sit,
1448 5245 1549 5298 tamma
1567 5260 1691 5303 servans
1713 5256 1850 5321 quantum

990 5334 1086 5423 potest
1097 5329 1254 5402 imaginem
1264 5330 1456 5402 superiorum,
1468 5332 1601 5404 exempla
1611 5335 1701 5391 nobis
1710 5343 1742 5394 et
1751 5339 1850 5394 iudicis

991 5418 1121 5490 quadam
1142 5419 1338 5476 demonstrare
1358 5436 1417 5476 non
1434 5425 1536 5476 cessat.
1554 5421 1585 5477 Si
1599 5424 1684 5480 euim
1702 5426 1813 5483 bonum
1825 5429 1849 5481 et

992 5524 1132 5582 magnum
1152 5510 1280 5584 aliquem
1298 5512 1402 5581 virum,
1416 5511 1549 5569 hortante
1564 5513 1734 5573 honestatis
1748 5518 1846 5583 officio,
