3884 6112
713 247 816 304 Lteeu
834 250 982 307 TERTIUS
1699 259 1749 312 181

72 367 158 417 uentu
171 363 325 422 bonorum?
347 369 386 421 lle
399 366 478 421 corde
493 372 548 436 tuo,
565 371 689 438 quisquis
704 374 759 426 esta
770 371 850 439 dicis,
907 374 984 445 quod
1002 374 1069 430 huic
1090 375 1246 430 narrationi
1273 377 1365 431 iocum
1393 376 1480 444 dedit,
1505 381 1532 431 ot
1546 378 1622 449 quod
1645 379 1756 434 ridetur

71 453 188 506 amulas
203 455 390 522 capitationes,
405 458 431 511 si
443 460 527 525 potes,
543 457 663 513 exclude.
681 460 732 514 Ubi
739 475 802 528 erqo
816 477 852 516 se
906 463 1084 535 Augustinus
1108 463 1143 518 ad
1171 479 1271 520 eorum
1293 465 1448 536 exemplar,
1473 481 1538 537 quae
1561 466 1713 522 Mediolani
1727 473 1756 522 et

71 543 122 595 ss?
135 542 188 595 Hie
201 557 349 612 nusquam,
360 546 389 597 in
402 547 457 600 ista
471 548 530 600 uita
537 561 672 615 nusquam
682 551 738 603 nisi
751 551 779 603 in
794 551 851 604 sata
907 553 1006 607 Romae
1026 552 1118 607 multa
1133 552 1251 617 uiderat,
1270 553 1443 608 constituere
1457 553 1590 622 voluisse,
1607 554 1684 610 aliud
1698 557 1754 610 cle-

71 632 251 685 remissorum
267 633 317 686 Dei
330 630 441 702 (Enarr.
457 636 486 687 in
504 635 577 689 Psal.
594 651 665 702 xcix,
685 652 732 692 nn.
746 639 849 704 tour).
906 642 971 696 ricis
983 643 1043 714 jam
1058 642 1219 715 episcopus,
1234 646 1266 698 ut
1279 660 1330 698 suo
1346 643 1409 698 loco
1422 643 1588 707 videbimus,
1602 643 1700 702 erexit.

71 717 219 773 Ceterum
237 719 409 775 humillimas
426 722 509 776 sortis
523 722 666 794 homiues,
682 724 748 780 licet
762 725 797 781 de
812 725 850 780 il·
941 732 967 786 8.
984 730 1046 796 Quo
1061 735 1156 786 autem
1167 732 1262 802 studio
1277 737 1306 786 et
1318 731 1436 786 consilio
1452 731 1519 787 viris
1535 734 1591 787 Deo
1606 733 1755 788 servienti·

71 804 151 861 rinus
166 813 311 863 constaret
328 825 365 864 an
380 826 444 864 vere
460 810 556 866 auimo
572 812 629 867 [leo
644 813 796 880 serviendi,
813 831 850 869 an
905 819 959 873 brus
974 818 1136 874 communis
1150 820 1215 874 viloe
1225 819 1388 875 institutum
1402 821 1567 889 tradiderat,
1575 821 1674 877 eodem
1682 838 1754 894 quo·

71 909 87 948 s
110 896 319 951 commodioris
338 898 547 970 ornatiorisque
573 900 638 955 vitre
660 902 849 957 amoreveni·
906 922 962 979 que
972 911 1085 963 sanctus
1098 908 1262 979 Episcopus,
1274 909 1443 964 inomnium
1458 911 1580 964 salutem
1589 914 1649 965 tota
1659 915 1754 967 mente

71 983 213 1038 excludi
241 984 345 1040 uoluit.
374 988 451 1042 Nunc
477 992 576 1055 autem,
605 988 714 1060 inquit,
738 993 850 1045 uenirent
905 997 1043 1062 intentus,
1060 1000 1092 1050 ut
1102 996 1261 1068 virginibus
1271 996 1382 1052 Christo
1392 997 1529 1054 dicatisid
1541 997 1668 1069 preasidii
1684 1016 1756 1070 prae-

71 1086 153 1140 usqae
175 1072 214 1126 ad
239 1074 309 1128 bano
328 1078 523 1144 professionem
543 1079 683 1133 seruitutis
704 1079 755 1132 Dei
777 1083 803 1132 et
815 1094 850 1132 eu
904 1084 995 1151 heret,
1011 1082 1152 1154 impulsus
1166 1088 1217 1140 est.
1241 1085 1312 1140 Nam
1331 1085 1384 1140 etsi
1405 1084 1528 1142 Ecclesia
1542 1086 1665 1157 virgines
1679 1104 1752 1143 sem·

71 1162 146 1215 timue
167 1164 271 1229 seruili,
287 1165 428 1218 ueletiam
452 1164 553 1232 liberti,
575 1167 617 1220 uel
633 1170 747 1236 propter
769 1167 849 1221 leoco
904 1188 956 1243 per
967 1171 1187 1244 habueritque,
1200 1173 1319 1244 perinde
1334 1190 1366 1228 ac
1381 1175 1589 1229 nobilissimam
1604 1174 1753 1230 christiani

71 1250 113 1303 sis
127 1248 241 1304 liberati
255 1253 311 1304 siue
331 1251 476 1320 liberandi,
495 1258 521 1307 el
539 1256 644 1308 recita
658 1258 808 1321 rusticana,
824 1261 849 1310 et
904 1261 999 1333 gregis
1022 1265 1133 1333 partem
1161 1266 1314 1333 spectarem
1337 1262 1415 1316 haud
1438 1267 1535 1317 tamen
1563 1263 1621 1318 itta
1639 1279 1753 1334 semper

71 1338 169 1405 ificum
183 1340 376 1394 rmercitotione
394 1345 420 1394 et
429 1340 532 1410 plebeio
547 1342 646 1407 labore,
661 1347 737 1397 tanto
755 1345 849 1413 utique
904 1348 998 1403 vixere
1013 1348 1098 1404 simul
1115 1348 1145 1403 in
1159 1349 1349 1412 monasteriis,
1367 1348 1417 1404 ubi
1431 1366 1460 1404 se
1475 1355 1575 1405 mutuo
1590 1350 1752 1406 inflamma·
1819 1350 1824 1358 '

71 1439 111 1492 ss,
123 1432 229 1494 quanm
237 1428 339 1494 sarlius
351 1427 459 1484 educati
474 1445 481 1484 ε
496 1432 545 1498 qui
555 1433 581 1485 si
591 1447 645 1486 non
654 1430 846 1496 admittantur,
904 1436 1405 1509 rentadpictatissludium,atqueab
1413 1437 1565 1492 homiuum
1574 1437 1752 1494 daemonum-

71 1515 222 1571 raetiarum
236 1523 284 1572 est.
298 1519 667 1577 Muttienimeaeeonumero
681 1524 848 1591 ueremoqnt'
903 1542 959 1598 que
980 1525 1092 1581 insidiis
1110 1524 1231 1580 invicem
1256 1530 1416 1582 tuerentur.
1440 1526 1538 1598 Neque
1562 1542 1650 1597 porro
1669 1527 1752 1582 nobis

71 1605 169 1659 itasedi
192 1609 366 1662 sustiterunt.
394 1609 466 1666 Nam
487 1612 632 1678 propterea
659 1610 847 1665 aetinllrma
902 1618 1079 1686 compertum
1107 1619 1160 1674 est,
1184 1629 1221 1667 an
1244 1617 1310 1668 aute
1330 1614 1523 1685 Augustiuum
1543 1615 1602 1669 ulla
1616 1615 1752 1670 horumce

71 1691 94 1748 ti
117 1692 206 1764 elegit
231 1696 315 1765 Deus,
332 1701 363 1751 ut
385 1697 572 1752 coufunderet
587 1697 685 1765 fortia3
710 1701 739 1753 et
759 1699 847 1753 stulta
901 1702 1142 1773 monasteriorum
1165 1701 1285 1772 vestigia
1303 1702 1485 1773 reperiantur
1510 1701 1540 1756 in
1559 1702 1662 1758 Africa.
1678 1705 1751 1758 Con·

71 1780 209 1852 liclegit,
226 1788 257 1838 ut
278 1784 465 1839 confunderet
489 1785 644 1856 sapientes,
661 1789 689 1841 et
707 1785 847 1857 ignobilia
901 1795 955 1846 stat
969 1795 1065 1846 autem
1080 1790 1156 1845 illius
1170 1790 1348 1860 temporibus
1361 1789 1470 1861 aliquot
1484 1791 1636 1858 exstitisse3
1653 1807 1751 1862 quam·

71 1868 102 1932 ti,
118 1873 150 1925 et
165 1888 199 1926 ee
213 1888 278 1943 quae
298 1889 355 1927 uon
371 1878 437 1927 suut
449 1877 586 1944 tanquam
603 1873 669 1941 sint,
685 1878 717 1929 ut
731 1890 765 1929 ea
779 1891 845 1946 quae
900 1878 942 1933 ris
957 1894 1014 1933 non
1029 1894 1207 1949 omnesquae
1222 1877 1414 1949 uirginitatem
1424 1876 1640 1948 profitebantur,
1651 1878 1682 1933 in
1696 1879 1751 1933 illis

75 1965 257 2015 evacuentur
286 1976 292 2015 :
317 1966 349 2015 ut
369 1977 426 2015 non
446 1963 587 2031 glorietur
601 1963 694 2018 omnis
711 1979 776 2018 caro
800 1980 846 2018 co·
901 1984 961 2022 sese
986 1966 1166 2021 includerent
1188 1966 1286 2034 (serm.
1314 1968 1376 2032 355,
1399 1980 1428 2020 n.
1452 1967 1489 2035 61.
1510 1966 1655 2020 Permulta
1670 1970 1751 2019 erant

71 2046 133 2102 Deo
151 2049 197 2118 stt
212 2049 274 2104 Cor.
295 2066 313 2116 r,
329 2049 434 2119 27-29).
450 2052 512 2106 llaec
535 2053 627 2120 itaque
644 2054 693 2122 pia
707 2057 733 2107 et
750 2058 845 2108 sancta
901 2055 977 2127 apud
1002 2052 1301 2126 Hipponem-Regium
1317 2053 1474 2122 (Possidius,
1493 2054 1524 2108 in
1542 2054 1606 2108 Vita
1619 2054 1749 2120 August,

71 2138 120 2192 nio
132 2138 215 2203 facit,
231 2142 262 2192 ut
281 2139 363 2193 etiam
382 2140 448 2194 tales
465 2139 657 2210 admittantur,
679 2143 728 2211 qui
740 2137 845 2196 nultum
900 2160 923 2200 a.
941 2144 995 2212 3¹),
1011 2147 1039 2197 et
1051 2157 1142 2197 unum
1155 2141 1301 2213 principue
1314 2141 1391 2213 quod
1402 2141 1579 2213 Augustinus
1594 2142 1671 2196 velut
1684 2141 1749 2196 hor·

71 2228 111 2280 etl
131 2231 246 2280 mutatae
269 2228 299 2280 in
325 2227 420 2281 melius
447 2229 510 2282 uitae
533 2228 729 2283 documentum.
753 2231 845 2300 Neque
899 2231 1162 2298 tumdominicum,
1179 2236 1210 2286 ut
1228 2231 1288 2303 ipse
1304 2231 1442 2302 loquitur,
1458 2230 1637 2301 plantaverat
1652 2231 1748 2302 (Epist.

71 2318 189 2384 apparel
199 2320 291 2369 utrum
304 2329 338 2368 eac
349 2318 488 2384 proposito
500 2318 639 2371 seruitutis
656 2319 843 2384 tleiueneriul,
899 2325 961 2389 111,
978 2337 1007 2377 n.
1034 2323 1072 2391 3).
1095 2319 1175 2375 Illius
1202 2335 1283 2374 soror
1306 2319 1378 2374 huic
1399 2318 1569 2373 monasterio
1589 2319 1750 2388 complures

71 2404 132 2456 lam
146 2404 253 2471 inopem
274 2407 300 2456 et
322 2403 484 2458 laboriosam
497 2405 632 2470 sapientes
657 2407 747 2470 camsi,
765 2408 846 2475 pasci
900 2426 990 2465 annos
1004 2409 1167 2482 praefuerat,
1183 2408 1218 2472 ad
1231 2407 1342 2463 abitum
1357 2423 1448 2478 usque
1463 2423 1548 2462 surim
1564 2406 1594 2461 in
1606 2411 1703 2461 sancta
1713 2408 1750 2461 vi·

71 2512 79 2521 ¹·
92 2492 192 2545 vestiri
213 2491 356 2556 coluerint,
383 2495 409 2545 el
424 2493 535 2561 insuper
550 2492 679 2546 bonorari
702 2491 737 2547 ab
763 2495 811 2559 eis,
828 2509 845 2545 a
900 2498 1009 2553 duitatc
1025 2498 1082 2552 beo
1097 2496 1267 2552 deserviens.
1286 2495 1419 2566 Ejusdem
1434 2511 1468 2549 ex
1483 2494 1569 2550 fratre
1585 2500 1683 2567 neptes
1698 2495 1749 2549 ibi·

71 2582 240 2634 rscontemni
251 2581 404 2649 conterique
420 2584 611 2635 consueuerant
630 2582 676 2651 (tle
691 2580 741 2650 Op.
757 2583 843 2650 Mon,
900 2587 965 2641 dem
992 2585 1135 2657 degebant
1157 2584 1316 2652 (Possidias,
1340 2586 1370 2638 in
1396 2585 1460 2638 Vita
1477 2584 1747 2651 nequeuntem).

71 2669 92 2740 1.
109 2668 211 2739 Neque
225 2669 312 2723 etiam
327 2669 439 2723 volebat
451 2684 591 2740 pauperes
602 2668 633 2723 in
648 2685 699 2722 suu
711 2669 844 2724 societate
901 2675 990 2744 tlrrjus
1013 2671 1136 2728 caenobii
1167 2670 1432 2726 sanctimonialibus
1456 2671 1570 2741 scripsit
1597 2670 1748 2740 epistolam

83 2772 215 2828 unquam
227 2757 374 2828 distingui,
387 2756 437 2828 qui
449 2756 558 2829 aliquid
568 2757 728 2812 attulissent
739 2758 838 2828 (Serm.
900 2764 1004 2833 (Epist.
1020 2763 1050 2815 21
1059 2764 1069 2816 1
1078 2759 1170 2831 ),quae
1185 2758 1221 2813 ad
1231 2761 1388 2830 postremos
1401 2773 1491 2811 annos
1504 2756 1657 2828 Augustini
1670 2773 1747 2811 com-

71 2861 102 2901 n.
125 2845 168 2916 9.)
194 2847 250 2899 liae
273 2850 370 2900 mente
384 2845 533 2915 preditus,
549 2846 677 2917 prolecto
692 2861 842 2901 noncom-
899 2851 982 2905 mode
1005 2852 1163 2904 revocatur.
1190 2847 1256 2917 Ejus
1285 2845 1362 2900 enim
1386 2860 1466 2899 soror
1485 2860 1548 2916 qum
1564 2844 1642 2898 illius
1656 2859 1747 2899 coeno·

71 2933 132 2996 bat,
148 2938 184 2988 ut
197 2933 232 2988 ab
246 2934 295 2987 illa
309 2933 468 2989 discederet
481 2949 609 3006 unquam
625 2934 660 2988 de
672 2933 843 3004 recipiendis
898 2938 939 2993 hii
953 2936 1107 3010 praeposita
1120 2934 1170 2990 diu
1185 2934 1366 3003 multumque
1381 2931 1445 3000 luit,
1461 2947 1476 2986 e
1491 2932 1560 2986 vivis
1574 2933 1633 3003 jam
1648 2947 1745 2987 exces-

71 3020 176 3077 uatibus
191 3020 220 3076 in
235 3019 337 3075 Christi
359 3020 496 3076 familiam
512 3022 622 3092 regula,
636 3037 722 3093 quam
737 3021 768 3076 in
782 3022 843 3077 herc
898 3027 983 3091 serat,
997 3027 1026 3078 et
1040 3021 1070 3076 in
1082 3021 1143 3092 ejus
1155 3021 1250 3075 locum
1264 3020 1320 3074 alia
1331 3023 1501 3075 successerat
1515 3018 1677 3090 praeposita,
1693 3018 1746 3074 sub

71 3108 213 3180 rprotalit
229 3125 236 3164 ε
251 3109 334 3163 Absit
345 3114 375 3162 ut
386 3111 414 3164 in
425 3110 597 3165 tabernaculo
614 3114 658 3164 luo
672 3125 730 3180 pre
741 3125 843 3180 paupe·
898 3127 956 3182 qua
965 3111 1043 3165 reluat
1056 3125 1107 3165 stra
1118 3113 1208 3179 matre
1217 3107 1447 3163 sanctimoniales
1461 3107 1502 3163 ibi
1512 3108 1573 3178 jam
1589 3122 1640 3178 per
1655 3122 1745 3161 anuos

84 3199 262 3268 accipiantur
271 3213 393 3267 persone
407 3197 533 3261 diuitum,
547 3202 596 3254 aut
605 3213 665 3268 pree
678 3198 842 3266 innobilibus
898 3201 1002 3255 multos
1024 3203 1172 3253 creuerant
1188 3198 1284 3268 (Epist.
1301 3199 1364 3263 mr,
1379 3211 1408 3251 n.
1424 3195 1463 3267 4).
1489 3197 1522 3251 ln
1537 3195 1591 3250 hoc
1604 3198 1746 3249 monaste-

71 3301 88 3343 s
103 3302 113 3342 t
130 3287 241 3355 quondo
254 3288 345 3355 potius
358 3285 471 3357 irtflrma
485 3287 581 3341 mundi
595 3287 710 3356 cisqisti,
729 3290 761 3340 ul
780 3302 841 3341 con·
897 3289 939 3344 rio
954 3287 1113 3360 plurimum
1129 3286 1222 3342 solatii
1242 3284 1373 3356 cupiebat
1386 3283 1573 3355 Augustinus,
1588 3282 1622 3339 de
1637 3298 1693 3354 quo
1705 3282 1746 3336 itu

71 3390 119 3431 res
132 3377 236 3443 sortia3
248 3379 275 3429 et
287 3375 419 3441 ignobilia
431 3375 512 3444 hujus
522 3374 620 3430 mundi
632 3375 736 3443 eleqisti
747 3379 841 3429 eleon·
898 3376 1024 3449 loquitur
1049 3392 1056 3431 ε
1073 3376 1146 3433 Soleo
1166 3374 1285 3444 paudere
1299 3374 1332 3428 de
1345 3373 1430 3438 uobis,
1446 3376 1471 3427 et
1486 3375 1558 3426 inter
1572 3376 1650 3426 tanta
1663 3386 1745 3426 scan-

71 3463 163 3528 mula,
174 3467 200 3518 et
213 3478 245 3516 ca
260 3478 319 3531 que
332 3480 385 3518 reon
397 3468 460 3518 sunt
475 3468 605 3532 tanquam
619 3465 686 3531 sint,
696 3467 727 3517 ut
741 3478 842 3533 eaque
896 3465 972 3531 dolo,
994 3463 1092 3533 quibus
1114 3463 1213 3532 ubique
1235 3461 1358 3517 abundat
1378 3462 1421 3515 tto
1443 3459 1571 3527 mundus,
1596 3458 1746 3528 aliquando

71 3567 219 3608 evacuares
244 3550 373 3621 (confess.
399 3551 447 3606 lib.
471 3553 497 3618 8,
521 3566 583 3620 cap.
604 3552 632 3617 4,
655 3566 685 3605 n.
705 3550 744 3622 9).
760 3551 840 3616 erod
896 3553 1173 3620 consolari,coqitans
1194 3553 1328 3622 copiosam
1349 3551 1590 3616 conpreqatimrem,
1603 3552 1629 3602 et
1642 3552 1745 3602 castam

71 3639 151 3697 tad
184 3638 295 3704 diuites,
324 3640 374 3710 qui
399 3639 507 3694 relictis
533 3639 592 3693 suis
618 3638 798 3695 facultatibus
813 3643 842 3693 et
896 3642 1074 3716 ditectionem,
1095 3639 1491 3693 etsanctamconuersationem
1508 3641 1636 3702 cestram,
1652 3640 1677 3690 et
1691 3635 1746 3689 lar·

71 3743 188 3800 cuperes
208 3727 342 3798 erogatis,
366 3745 425 3783 non
448 3744 569 3798 parvum
584 3727 673 3782 animi
686 3728 729 3782 sui
752 3727 839 3783 doou·
895 3732 996 3795 piorem
1010 3728 1131 3795 qratiam
1150 3727 1208 3794 llei,
1231 3741 1289 3795 quac
1309 3724 1377 3779 dota
1399 3724 1535 3792 estuobis,
1551 3728 1581 3778 ut
1595 3724 1745 3778 nonsolum

71 3833 121 3873 nm
142 3816 269 3871 afferunt
286 3833 293 3871 ε
309 3819 369 3872 Non
384 3820 423 3871 est
437 3816 647 3881 attendendum,
676 3815 782 3887 inquit,
811 3818 841 3869 in
896 3818 1018 3875 canantes
1039 3817 1151 3885 nunptios
1176 3815 1386 3880 contemneretis,
1411 3829 1504 3867 uerum
1518 3814 1600 3867 etium
1613 3813 1745 3878 eligeretis

71 3920 85 3962 s
103 3907 280 3977 monasteriis
307 3906 348 3959 uel
370 3906 400 3958 in
422 3919 475 3973 quo
495 3903 560 3969 loco,
577 3904 762 3970 indigentibus
776 3905 839 3970 tra·
896 3910 926 3960 in
940 3905 1017 3960 domo
1030 3905 1182 3959 sometatem
1191 3904 1331 3958 unanimes
1346 3901 1501 3966 babitandi,
1512 3906 1543 3956 ut
1551 3904 1588 3957 ait
1599 3900 1673 3956 uobis
1684 3901 1745 3954 nni-

71 4012 73 4042 :
97 3996 216 4063 quisque
238 3993 269 4047 id
289 3993 361 4062 qaod
382 3993 496 4047 babebat
520 3991 691 4061 impenderit.
716 3991 842 4047 Onnium
896 4011 942 4049 ma
955 4009 1011 4049 uua
1025 3998 1051 4047 et
1064 4008 1109 4047 cor
1126 4008 1210 4047 unum
1225 3994 1254 4046 in
1271 3990 1367 4046 Deum
1385 3993 1445 4046 Haec
1463 3992 1493 4044 iu
1507 3991 1582 4045 uobis
1597 3990 1675 4056 bona,
1691 3988 1746 4044 laaec

77 4083 300 4141 Christianorum
326 4096 382 4135 una
405 4080 558 4151 respublica
572 4084 624 4135 est.
642 4082 677 4135 Et
691 4078 750 4133 ideo
766 4081 841 4148 quis·
897 4083 945 4136 llei
965 4081 1035 4135 dorsa
1050 4080 1234 4146 considerans,
1250 4082 1321 4134 inter
1338 4080 1438 4135 multas
1453 4082 1632 4148 tempestates,
1647 4077 1745 4146 quibus

71 4171 243 4229 Gleristianis
268 4172 420 4225 necessaria
443 4169 555 4224 ubilibet
580 4169 752 4236 eroqacerit,
777 4168 842 4223 nbi·
897 4187 930 4225 aa
944 4171 1007 4224 aliis
1027 4170 1108 4224 malis
1130 4171 1255 4238 quatitur
1275 4184 1320 4224 cor
1342 4183 1438 4236 meum,
1461 4169 1526 4222 solet
1546 4171 1689 4236 utcumque
1706 4180 1747 4218 re·

71 4275 103 4316 se
123 4261 208 4314 etiam
221 4261 289 4328 ipse,
305 4257 378 4327 quod
398 4258 452 4312 sibi
474 4258 653 4312 necessarium
666 4260 716 4321 est,
731 4258 841 4326 accipit,
898 4260 1031 4326 quiescere
1057 4257 1148 4326 libia..
1162 4273 1213 4312 nn.
1232 4259 1258 4324 2,
1275 4257 1314 4326 3).
1333 4255 1466 4322 Quamvis
1480 4254 1557 4309 hriuc
1569 4252 1745 4308 dominicum

71 4351 141 4405 stati
155 4348 230 4402 bonis
248 4349 357 4417 accipit.
375 4347 446 4412 Quia
461 4346 621 4414 ubicumque
634 4344 728 4413 etipse
743 4345 842 4398 talibus
897 4346 1022 4406 hortum,
1044 4359 1131 4415 quem
1146 4359 1197 4397 suo
1219 4344 1280 4414 ipse
1301 4342 1398 4399 iabore
1417 4342 1603 4414 plantaverat,
1619 4339 1745 4396 studiose

71 4439 156 4507 ,quis
174 4438 230 4491 nisi
244 4435 367 4492 cbristus
382 4437 485 4504 accepit
497 4437 543 4504 (tle
564 4434 614 4503 Op.
634 4434 718 4498 Mon,
739 4447 770 4488 n.
786 4432 840 4503 33).
898 4435 1003 4488 coleret
1016 4448 1048 4486 ac
1062 4431 1215 4503 diligenter
1229 4431 1376 4503 irrigaret:
1391 4431 1474 4485 illum
1487 4433 1584 4484 tamen
1598 4428 1635 4484 ad
1649 4427 1745 4484 visen·

71 4528 200 4581 useterea
227 4523 357 4578 animum
381 4523 533 4577 induxerat
558 4522 606 4577 Vir
633 4524 758 4591 sanctus,
771 4538 843 4592 opus
898 4522 949 4576 das
968 4520 1197 4576 sanctimoniales
1212 4536 1277 4576 raro
1297 4518 1451 4574 admodum
1470 4516 1567 4572 adibat
1581 4533 1588 4572 :
1604 4532 1656 4572 nec
1668 4518 1745 4573 enim

71 4629 111 4671 tm
126 4613 238 4668 bonum
248 4612 381 4667 ricunibil
394 4611 529 4682 prodesse
539 4609 755 4678 monasterio,in
766 4610 844 4682 quod
899 4608 1070 4665 laminarum
1086 4608 1257 4663 monasteria
1275 4607 1364 4678 (quod
1380 4604 1524 4662 Possidius
1538 4605 1689 4661 observatu
1703 4605 1746 4661 di·
1777 4617 1782 4626 ·

71 4700 195 4774 cipiunt,
218 4700 277 4755 imo
296 4704 324 4754 et
338 4699 374 4754 ad
388 4699 462 4754 illud
476 4699 632 4769 pertinere,
647 4698 671 4752 si
685 4698 772 4753 modo
786 4699 842 4752 tra·
899 4714 989 4769 gnum
1000 4697 1149 4769 judicavit)
1161 4696 1216 4751 nisi
1229 4696 1392 4751 necessitate
1403 4709 1516 4748 summa
1529 4694 1694 4766 compulsus
1708 4695 1747 4749 vi·

71 4807 84 4846 s
103 4793 220 4862 gratum
244 4788 406 4844 haberetur.
435 4787 505 4841 Hinc
528 4786 577 4841 ubi
595 4786 737 4841 enarravit
752 4787 843 4858 Lepo·
899 4786 1003 4842 sitabst
1018 4785 1177 4857 (Possidius,
1197 4786 1227 4839 in
1245 4785 1311 4839 Vita
1323 4783 1485 4850 Ancaeum.
1498 4798 1521 4838 o.
1535 4782 1593 4854 26).
1611 4781 1684 4838 Sunt
1696 4782 1747 4854 qui

71 4917 78 4946 ,
92 4877 227 4950 quamvis
241 4876 338 4931 saeculi
352 4875 497 4930 natalibus
510 4874 619 4929 clarum
636 4878 664 4929 et
679 4874 756 4945 apud
778 4892 844 4929 suos
900 4874 1065 4930 existiment
1078 4875 1152 4928 hene
1165 4870 1353 4944 prepositum
1361 4871 1448 4926 tuisse
1459 4870 1551 4943 ipsam
1563 4870 1747 4941 Felicitatem,

71 4965 194 5022 ctissime
211 4966 273 5019 loco
287 4968 395 5032 nalum,
408 4967 504 5017 temen
519 4963 576 5016 [lec
588 4963 649 5033 jam
663 4962 843 5031 servientem,
900 4963 946 5018 cui
958 4961 1136 5035 Augustinus
1151 4960 1302 5033 epistolam
1316 4961 1475 5016 cumhacce
1489 4960 1672 5032 inscriptione
1686 4976 1749 5030 per·

71 5055 100 5111 is
113 5070 181 5126 quse
197 5052 320 5109 habebat
334 5052 448 5114 relictis,
462 5051 578 5122 inopem
592 5055 756 5122 susceptum
771 5066 842 5119 esse,
900 5049 1046 5105 ferendam
1060 5049 1138 5104 dcdit
1152 5065 1159 5103 ι
1175 5050 1360 5104 Dilectissimae
1374 5054 1400 5103 et
1411 5050 1588 5104 sanctissime
1602 5049 1685 5102 matri
1698 5050 1748 5103 Ee-

77 5145 140 5216 Jam
164 5158 211 5197 res
230 5157 295 5195 suas
313 5140 343 5194 iu
362 5156 503 5211 pauperes
520 5144 684 5210 erogaverat
700 5155 707 5193 ε
723 5141 784 5208 Hic,
800 5139 844 5194 iu·
900 5139 1009 5208 imitati,
1022 5143 1047 5193 et
1056 5138 1269 5205 tratriitustioo,
1281 5141 1306 5192 et
1317 5137 1453 5193 sororibus
1469 5152 1528 5207 ques
1540 5136 1675 5191 uobiscum
1685 5140 1749 5190 sunl

93 5247 149 5288 uon
171 5232 249 5299 lecit,
276 5227 324 5284 sed
338 5243 385 5282 nos
413 5231 513 5283 scimus
533 5235 558 5282 et
584 5228 631 5282 ubi
652 5231 727 5296 lecit.
750 5230 845 5284 Unitas
902 5227 999 5296 (Epist.
1014 5226 1087 5296 urb).
1111 5226 1155 5300 An
1171 5225 1303 5280 Rusticus
1322 5224 1399 5281 iltius
1418 5221 1585 5295 monasterii
1598 5220 1749 5293 presbyter

71 5322 95 5376 ti
117 5324 143 5374 et
165 5318 292 5374 Ecclesia
306 5331 361 5370 una
383 5320 422 5371 est
443 5316 627 5385 :ubicumque
639 5317 706 5383 lecit
717 5330 783 5385 opus
799 5315 846 5370 bo-
900 5313 997 5381 luerit,
1017 5314 1099 5368 uobis
1113 5330 1171 5368 non
1186 5313 1285 5387 liquet.
1303 5315 1368 5369 Erat
1382 5313 1498 5384 quidam
1518 5311 1605 5382 hujus
1623 5309 1749 5365 nominis

77 5409 199 5479 pertinet
222 5410 247 5459 et
268 5405 305 5460 ad
323 5419 381 5466 nos,
403 5407 429 5459 si
439 5403 653 5471 conpaudeamus
670 5404 765 5476 (sana.
783 5407 842 5472 356,
902 5402 976 5457 inter
990 5402 1169 5473 presbyteros
1185 5404 1390 5475 Hipponenses,
1407 5417 1482 5455 anno
1501 5398 1749 5471 quadringentesi-

71 5498 105 5568 b).
128 5498 218 5552 Porro
234 5498 340 5565 preter
362 5493 432 5548 illud
448 5492 656 5548 monachorum
671 5491 845 5557 coenobium,
902 5507 949 5546 mo
970 5490 1108 5563 vigesimo
1128 5496 1206 5546 sexto
1233 5492 1329 5562 (Epist.
1352 5493 1415 5554 21³,
1435 5487 1520 5557 n.‚t).
1538 5488 1570 5541 tu
1586 5488 1633 5541 illo
1653 5492 1750 5543 atatem
