3884 6112
153 269 207 321 titt
751 253 1018 311 slatarassnmuu
1046 253 1074 310 S.
1102 252 1309 311 auattsmttt.
1864 254 1909 304 iit

151 391 182 442 et
192 382 358 441 diilldebam
378 386 407 436 et
425 377 610 450 desperabam
623 378 658 432 dc
673 376 837 430 inventione
852 376 921 432 reri.
934 377 996 431 Jaru
1055 395 1142 451 egam
1159 409 1246 467 quam
1257 409 1347 449 ,mum
1363 391 1498 465 pocjpum
1512 394 1521 430 s
1535 408 1588 465 pro
1604 408 1657 448 ,110
1672 392 1776 465 palato
1791 390 1860 447 3311,
1871 409 1909 447 ω

153 471 319 529 venerated
333 486 379 525 nie
393 473 484 524 mator
499 467 603 538 pietate
618 465 708 531 fortis,
725 465 938 535 terramariqne
955 481 1000 519 me
1055 482 1117 538 grjo
1141 486 1345 554 temperatum,
1370 482 1446 537 unde
1473 480 1673 552 dignationem
1694 483 1840 549 summe,
1857 496 1908 537 n„

153 577 286 633 ⁸²⁴1¹¹⁰¹1³2
301 563 329 614 θῑ
343 559 373 613 in
383 557 517 628 periffllis
532 555 664 609 ⁰ffl¹¹ib¹¹³
679 555 714 609 de
727 559 754 608 ¹⁰
765 570 873 608 ⁵⁰⁰⁰sa·
893 555 964 608 Nam
974 558 1002 608 θῑ
1054 571 1188 643 ponebat.
1205 572 1237 626 Et
1252 571 1276 625 si
1292 570 1388 625 multae
1403 574 1507 637 essent,
1523 584 1589 642 quse
1604 570 1654 625 illo
1670 569 1761 624 modo
1777 567 1905 623 rideban-

153 666 206 723 Per
230 647 340 704 marina
361 644 525 701 difflim'ffla
548 642 734 713 iP³⁰³¹1³¹¹i⁸³
750 642 958 709 ⁰⁰¹¹S⁰¹³b²¹²¹¹ss
984 659 1001 696 ἃ
1054 663 1101 714 tur
1118 660 1303 728 honorandas,
1320 659 1468 714 memoriae
1483 658 1704 725 detunctorum3
1720 657 1804 713 idem
1820 656 1904 730 ipsun

154 736 351 810 quibnsrudes
365 733 459 804 abyssi
469 732 602 797 viatores,
614 746 680 784 eum
702 730 916 799 perturbantur,
933 746 1001 784 con·
1055 763 1155 814 unum,
1172 748 1248 820 quod
1263 747 1370 819 ubique
1385 750 1515 818 poneret.
1525 746 1770 812 circumferebam
1787 761 1846 817 quo
1858 745 1908 817 jam

153 822 238 879 wilfi
252 823 358 888 ³⁰¹011it
375 820 511 891 ΡΟῙΙὶοεηὸ
526 820 566 873 eis
579 819 794 889 pellsssslmsseffl
810 835 874 872 ⁰⁰⁸¹
897 818 999 883 θᾶῑῑῑῑθι
1054 853 1113 892 uon
1127 838 1219 891 solum
1234 837 1429 908 aquatissimo,
1446 834 1494 891 se'd
1517 835 1604 891 eliam
1619 834 1809 908 tepidissimo
1824 837 1835 870 ¹
1849 851 1903 891 curn

152 910 289 985 quiahoc
309 909 336 963 ei
353 914 385 963 tu
403 923 454 979 per
474 907 566 962 visum
584 906 729 978 pollicitus
745 923 816 961 eras.
839 909 870 961 Et
891 907 1002 961 invenit
1055 925 1113 981 ,uis
1138 926 1328 997 proesengbus
1343 942 1396 998 pe,
1414 925 1585 982 sorbitiones
1606 902 1729 996 diguus
1744 922 1906 995 patiretur:

151 1014 197 1054 me
211 998 419 1070 periclitantem
435 995 551 1067 quidem
566 996 690 1067 graviter
705 995 904 1065 desperatione
920 995 999 1049 inda·
1055 1014 1123 1088 quia
1136 1015 1273 1087 pietatem
1287 1015 1327 1070 ibi
1350 1014 1507 1085 qnoembat’
1522 1030 1580 1069 non
1595 1014 1796 1084 voluptutem·
1821 1010 1905 1084 mque

151 1085 254 1158 ⁸⁸&oe
269 1083 407 1140 mitam·
429 1084 482 1139 sed
498 1089 595 1138 tamen
614 1083 639 1137 ei
654 1099 720 1137 eum
740 1083 920 1150 indicassem·
942 1099 999 1136 ‘¹⁰¹¹
1056 1103 1103 1159 ubi
1127 1103 1267 1175 comperit
1290 1102 1458 1174 aprceelaro
1472 1103 1661 1175 predicatore
1685 1105 1779 1172 atque
1794 1100 1906 1156 antistite

152 1191 198 1231 ¹¹¹⁰
213 1173 331 1246 ‘laidem
342 1174 404 1245 jam
429 1188 490 1227 ⁰³³⁰
505 1172 712 1270 m³⁰i⁰h⁰fumz
723 1171 772 1226 ³⁰⁶¹
796 1187 888 1269 ΜΨ
904 1171 1001 1269 laum·
1054 1191 1181 1265 pietatis,
1196 1197 1371 1264 praeceptum
1386 1208 1446 1247 esse
1459 1191 1513 1246 ista
1525 1207 1585 1246 non
1599 1186 1677 1258 lieri,
1691 1205 1750 1244 nec
1765 1188 1802 1244 ab
1817 1188 1904 1261 eisqui

151 1263 241 1319 licum
255 1261 453 1330 ⁰hri³u³m¹¹¹¹’
469 1277 529 1316 ¹¹⁰⁰
543 1260 625 1332 q⁰³⁵i
635 1265 816 1332 “mmmmm
831 1259 941 1330 ³¹¹q¹¹¹d
950 1274 1001 1312 ³¹¹·
1056 1281 1152 1337 sobrie
1171 1282 1307 1350 iacerent,
1323 1297 1359 1336 ns
1371 1282 1430 1336 ulla
1443 1280 1553 1336 occasio
1566 1297 1596 1337 sc
1610 1279 1821 1353 ingurgitandi
1835 1278 1903 1334 darc·

154 1351 249 1419 dierit,
273 1349 395 1405 exsilivit
416 1349 529 1448 laetitia3
553 1364 618 1403 cum
630 1349 690 1419 jam
706 1364 805 1403 secura
824 1347 906 1403 fieret
921 1362 954 1401 ex
969 1362 1001 1401 os
1055 1375 1103 1427 qur
1123 1370 1251 1437 ebriosis,
1265 1375 1294 1425 οἱ
1321 1370 1390 1443 quia
1408 1371 1457 1425 111st
1478 1370 1560 1443 quasi
1581 1368 1753 1441 parentalia
1780 1368 1903 1441 supersti-

151 1445 234 1513 ΡΜ
249 1438 373 1494 misem
384 1453 467 1504 Μ’
476 1453 507 1492 ¹¹¹
519 1453 576 1508 ΨΜ
590 1453 636 1492 ¹¹¹⁰
647 1441 784 1508 tanquam
795 1440 941 1490 nmmum
952 1435 1002 1490 θεά
1054 1458 1126 1514 tioni
1140 1457 1292 1530 gentilium
1313 1461 1406 1512 essent
1424 1457 1590 1526 simillima,
1610 1455 1759 1512 abstinuit
1774 1472 1805 1510 se
1823 1455 1901 1511 liben-

154 1526 381 1583 resuscitandum
396 1525 448 1581 libi
462 1525 559 1592 ilebst,
580 1529 609 1580 et
622 1525 725 1580 feretro
740 1523 918 1596 cogitationis
933 1523 1001 1577 elle·

155 1617 246 1686 rebat,
260 1622 294 1671 ut
309 1614 415 1670 diceres
427 1614 486 1668 litio
504 1613 615 1669 viduae:
635 1616 746 1670 luseris
762 1614 814 1668 tibi
826 1614 895 1680 dico,
907 1628 1002 1681 sarem

154 1710 184 1760 et
204 1703 385 1760 revivisceret
408 1707 436 1757 ot
452 1702 591 1774 inciperet
611 1701 701 1774 loqui,
718 1707 746 1757 et
764 1702 891 1757 traderes
919 1702 1002 1755 illum

155 1793 242 1848 matri
269 1793 413 1861 suaelbuc.
444 1808 491 1857 vu,
510 1793 553 1860 l-i,
576 1791 629 1861 li).
651 1791 734 1845 Nulla
755 1806 822 1861 ergo
838 1789 1003 1845 turbulenta

154 1880 342 1938 exsultatione
355 1879 564 1951 trepidavitcor
578 1880 649 1951 ejus,
664 1895 729 1933 cum
740 1879 865 1934 audisset
879 1895 913 1934 ex
924 1883 1003 1933 tanta

154 1974 234 2044 parte
245 1970 305 2041 jam
319 1969 425 2023 iactum
440 1968 516 2039 quod
530 1967 582 2022 tibi
597 1967 724 2038 quotidie
737 1967 891 2039 plangebat
904 1971 937 2022 ul
950 1968 1001 2021 lie-

153 2064 214 2126 ret3
229 2058 378 2113 veritatem
389 2072 436 2111 mo
450 2057 580 2111 noudum
590 2055 737 2127 adeptum,
753 2057 801 2110 sed
816 2054 933 2110 falsitati
941 2056 1002 2126 jam

155 2150 305 2218 ereptum:
320 2145 379 2199 imo
394 2160 461 2199 vero
482 2144 550 2215 quia
563 2150 641 2199 certa
655 2148 726 2212 erat,
749 2146 778 2199 el
791 2143 869 2214 quod
880 2143 1003 2198 restabat

155 2239 183 2289 ts
208 2235 354 2300 daturum,
379 2232 430 2304 qui
443 2236 536 2287 mlum
553 2232 743 2303 promiseras;
773 2231 962 2302 placidissime
974 2237 1003 2287 et

154 2325 268 2394 pectore
288 2323 374 2392 pleno
389 2321 501 2375 liduciae
523 2319 672 2392 respondit
686 2320 767 2385 milri,
793 2319 908 2375 credere
922 2320 957 2391 {sc
972 2320 1002 2375 in

156 2410 275 2478 Christo,
292 2409 368 2482 quod
383 2409 552 2481 priusquam
575 2408 609 2463 de
624 2409 682 2479 ‘hac
696 2409 754 2462 vita
769 2408 934 2479 emigraret,
956 2425 1002 2464 me

154 2497 250 2554 risura
259 2502 333 2554 esset
345 2497 459 2552 lldslem
473 2496 653 2552 catholicum.
668 2498 701 2552 Et
712 2496 766 2552 hoc
788 2497 906 2568 quidem
919 2498 1001 2552 milri.

156 2587 220 2643 Tibi
233 2590 340 2654 autem,
356 2586 420 2641 tons
431 2584 704 2652 misericordiarum,
715 2600 813 2655 preces
827 2590 855 2641 et
865 2586 1004 2657 lacrymas

156 2673 302 2731 densiores
320 2673 342 2736 ¹,
361 2678 392 2728 ut
412 2673 584 2728 accelerares
599 2672 775 2744 adjutorium
786 2677 880 2740 tuum,
896 2678 924 2727 et
936 2673 1002 2728 illu·

156 2761 280 2818 minares
302 2761 436 2817 tenebras
457 2776 553 2824 meas:
570 2763 599 2815 el
621 2759 777 2815 studiosius
800 2760 836 2815 ad
852 2760 1004 2815 Ecclesiam

155 2865 277 2911 currem,
296 2852 325 2904 et
338 2848 370 2904 in
383 2847 565 2904 Ambrosium
580 2846 592 2880 ²
606 2863 656 2902 ora
675 2847 819 2918 suspendi,
837 2848 872 2902 ed
894 2848 1004 2903 iontem

156 2937 285 2993 salientis
296 2953 377 3008 aquas
387 2936 417 2990 in
431 2936 518 2991 vitam
541 2941 679 2991 aeternam
695 2936 789 3007 (loom.
803 2952 840 3005 rr,
858 2937 911 3005 tt).
935 2934 1003 2989 ltili-

157 3025 242 3097 gehat
254 3029 348 3080 autem
362 3024 444 3079 illum
455 3024 548 3079 virum
563 3024 636 3079 sicut
649 3024 785 3096 angelum
797 3024 856 3087 liei,
869 3025 945 3095 quod
954 3039 1005 3096 per

158 3113 241 3187 illum
253 3117 425 3182 cognoverat
435 3128 480 3166 me
495 3112 611 3167 interim
629 3113 664 3167 ad
686 3112 766 3166 illam
781 3111 934 3183 ancipitem
953 3115 1005 3166 llu-

160 3200 334 3256 ctuationem
358 3200 419 3270 jam
434 3216 494 3255 esse
508 3201 690 3270 perductum,
704 3216 757 3270 per
771 3216 857 3271 quam
870 3200 1003 3254 transitu·

160 3305 224 3345 rum
239 3304 285 3344 me
310 3288 345 3343 ab
373 3288 542 3360 egritudine
565 3288 601 3343 ad
616 3288 777 3356 sanitatem,
796 3288 1004 3344 intercurrente

159 3378 279 3434 arctiore
291 3376 419 3448 periculo
433 3380 454 3446 ³,
469 3375 550 3448 quasi
568 3393 621 3448 pcr
636 3376 825 3431 accessionem
849 3393 936 3448 quam
950 3376 1004 3431 cri·

160 3466 247 3522 ticam
257 3463 360 3521 medici
374 3467 487 3532 vocant,
497 3467 573 3518 certa
587 3463 786 3536 presumebat.

495 3570 607 3626 CAPUT
631 3571 666 3624 ll.

248 3661 341 3731 Epulac
352 3664 377 3716 et
391 3661 506 3731 synesis
517 3659 592 3730 apud
605 3659 730 3729 sepulcro
753 3663 915 3728 marterum.

196 3750 222 3802 2.
247 3750 346 3820 ltaque
367 3765 433 3803 cum
457 3747 493 3802 ad
516 3748 670 3803 memorias
685 3752 859 3815 sanctorum,
883 3747 955 3802 sicut
974 3745 1004 3801 iu

158 3835 253 3890 Africa
273 3836 389 3902 solebat,
405 3836 498 3905 pultes
521 3840 549 3889 et
563 3852 666 3906 panem
690 3839 719 3889 et
740 3851 852 3889 merum
866 3836 1006 3890 attulisset

158 3928 243 3996 atquo
267 3924 301 3978 ab
326 3923 441 3978 ostiario
454 3923 669 3992 prohiberetur;
686 3923 736 3977 ubi
758 3923 812 3978 boc
838 3924 1004 3995 episcopum

158 4012 279 4068 vetuisse
298 4012 440 4083 cognovit,
453 4016 510 4067 tam
527 4011 573 4083 pio
588 4016 673 4084 atquo
688 4012 853 4067 obedienter
872 4015 1004 4084 amplexa

158 4106 211 4169 est,
226 4104 258 4156 ul
273 4100 334 4172 ipse
361 4100 481 4154 mirarer
495 4104 506 4137 ⁸
520 4088 607 4171 quam
628 4101 710 4155 facile
726 4101 882 4155 accusatrix
908 4103 1004 4172 potius

157 4189 369 4245 consuetudinis
385 4205 442 4243 sure
459 4190 507 4258 (a),
524 4205 611 4260 quam
625 4188 805 4260 disceptatrix
818 4190 1002 4260 illiusprobi·

157 4279 271 4335 bitionis
286 4278 385 4334 ellectu
402 4277 449 4333 sit.
466 4279 528 4332 Non
542 4277 620 4332 enim
635 4278 785 4333 obsidebat
798 4279 930 4350 spiritum
942 4281 1003 4350 ejus

155 4367 320 4430 vinolentia.
342 4382 463 4439 eamque
478 4367 645 4421 stimulabat
674 4367 824 4423 inedium
849 4368 909 4422 sori
923 4384 1004 4423 amor

155 4457 224 4525 vini,
240 4457 312 4511 sicut
326 4456 477 4527 plerosquo
498 4470 591 4508 astares
607 4458 635 4508 ct
648 4454 779 4520 feminas,
801 4455 850 4527 qui
865 4456 900 4510 sd
913 4457 1002 4511 canti-

156 4559 221 4599 cum
244 4543 415 4611 sobrietatis,
436 4542 509 4598 sicut
531 4542 567 4598 ad
582 4542 730 4613 petionem
746 4549 880 4614 aquatam
896 4544 1004 4600 madidi

156 4635 303 4687 nauseant.
319 4631 372 4687 Sed
387 4631 436 4686 illa
457 4647 521 4686 cum
551 4631 692 4685 attulisset
711 4631 868 4686 canistrum
881 4649 945 4686 cum
957 4650 1001 4688 so·

155 4717 300 4776 lemnibus
312 4719 404 4791 epulis
426 4718 634 4791 praegustandis
651 4723 736 4790 atquo
760 4719 924 4791 largiendis,
938 4722 1003 4792 plus

187 4845 195 4880 ¹
213 4843 242 4893 lu
259 4843 348 4892 codiee
363 4843 421 4893 tlh.
436 4843 551 4900 additur,
563 4841 683 4908 sundere.

186 4907 197 4941 ²
212 4906 251 4954 lta
262 4904 377 4968 potiores
392 4906 452 4954 btss.
466 4906 499 4955 nt
512 4906 576 4954 Edu.
587 4908 756 4956 cerr-cremet
765 4907 796 4954 ln
806 4904 950 4956 Arnbrostt.

184 4969 313 5017 tantors
325 4966 455 5030 pericmo.
466 4967 543 5029 juxta
557 4968 599 5016 Er.
616 4967 698 5027 based.
709 4968 774 5016 Vsu.
789 4970 816 5016 et
830 4967 891 5016 Lon.
904 4968 939 5016 bt.

183 5033 194 5066 ⁴
209 5029 250 5079 Sis
263 5028 324 5077 tiss.
339 5031 365 5076 et
375 5029 432 5076 Am.
447 5029 489 5076 Er.
503 5029 564 5078 Aru.
576 5044 582 5088 ;
594 5030 690 5078 sluaa.
701 5034 727 5078 et
739 5029 969 5089 Lov.,sus'rnrelnr.

183 5130 221 5187 tat
231 5123 454 5175 Consuetudinem
463 5124 494 5173 de
505 5139 557 5196 qua
567 5124 609 5173 bic
619 5125 714 5187 agitur,
726 5125 847 5174 totalicct
857 5125 943 5175 birico
952 5127 1016 5190 pri·

151 5189 212 5240 ilem
224 5190 365 5250 receptam,
381 5186 506 5247 qnoniam
517 5199 544 5235 m
557 5187 761 5235 comessationes
775 5191 801 5236 et
811 5187 948 5237 ebrietates
958 5189 1001 5239 ste-

152 5253 269 5309 tlexerat,
286 5246 434 5297 rescindere
448 5247 568 5295 similiter
582 5248 734 5310 aggreditur
748 5248 920 5311 Augustinus.
935 5256 961 5299 et
970 5264 1001 5300 ca

154 5313 186 5362 de
199 5326 227 5361 re
239 5308 416 5373 scribitEpist.
429 5311 467 5360 lt.
477 5309 509 5356 ad
524 5305 657 5357 Aurelium
669 5310 909 5373 Carthaginensem.
919 5311 1001 5368 Quiu-

149 5375 230 5423 etism
244 5374 438 5436 Hipponensem
455 5369 598 5418 Ecclesiam
609 5371 662 5433 ipse
676 5372 795 5421 noudum
810 5374 949 5436 eiiscopus
966 5374 998 5422 ad

147 5449 229 5545 qqcce
240 5448 313 5486 more
324 5433 430 5500 penitus
441 5436 556 5492 revocat,
568 5432 645 5483 sicuti
654 5432 730 5484 tidem
742 5433 805 5484 iacit
817 5388 898 5499 iipist.
914 5437 953 5497 29,
966 5436 999 5486 ad

181 5510 279 5561 ypram.

1055 1545 1179 1602 tissime:
1210 1549 1238 1600 et
1264 1561 1316 1617 pro
1343 1544 1467 1600 canistro
1500 1545 1586 1615 pleno
1607 1544 1737 1599 terrenis
1767 1542 1902 1609 fructibus,

1056 1635 1173 1706 plenum
1189 1633 1402 1706 purgatioribus
1417 1631 1490 1688 votis
1504 1637 1603 1704 peetus
1619 1632 1657 1688 ad
1670 1631 1831 1687 memorias
1843 1647 1901 1686 mar·

1056 1728 1152 1795 tyrum
1166 1722 1267 1778 allerre
1277 1721 1430 1788 didicerat;
1448 1725 1519 1776 utet
1532 1721 1608 1793 quod
1624 1725 1727 1792 posset
1740 1721 1822 1777 daret
1835 1737 1900 1792 egen

1055 1811 1141 1880 tibus,
1175 1815 1203 1867 et
1226 1812 1264 1866 sic
1284 1809 1506 1866 communicatio
1529 1809 1674 1865 Dominici
1702 1808 1833 1882 corporis
1855 1808 1898 1864 illic

1056 1901 1255 1969 celebraretur,
1271 1900 1352 1971 cujus
1372 1898 1510 1971 passionis
1525 1898 1690 1954 imitatione
1719 1897 1860 1953 immolati
1878 1892 1905 1952 cl'

1056 1989 1185 2044 coronati
1195 1993 1262 2043 sunl
1276 1995 1424 2059 martyres.
1439 1987 1493 2043 Sed
1508 1991 1607 2042 tamen
1623 1987 1744 2042 videtur
1760 1986 1842 2055 milii,
1855 1986 1896 2041 llo·

1056 2076 1134 2132 mine
1150 2077 1223 2131 Deus
1239 2092 1329 2143 meus,
1343 2079 1372 2130 et
1384 2075 1423 2130 ita
1433 2075 1512 2130 estin
1523 2079 1680 2146 conspectu
1697 2080 1751 2130 tuo
1767 2075 1803 2130 de
1818 2073 1865 2129 hac
1876 2089 1897 2127 re

1057 2181 1105 2219 cor
1117 2181 1225 2234 meum,
1241 2181 1301 2219 non
1315 2163 1395 2219 facile
1413 2164 1530 2218 fortasse
1543 2163 1577 2217 de
1588 2164 1643 2217 bac
1654 2161 1838 2234 amputanda
1849 2177 1898 2216 con·

1056 2252 1205 2308 suetudine
1228 2257 1350 2307 matrem
1366 2268 1458 2306 meam
1484 2251 1570 2306 luisse
1590 2267 1751 2319 cessuram,
1768 2250 1795 2306 si
1808 2251 1842 2305 ab
1855 2251 1898 2304 alio

1056 2342 1266 2415 prohiberetur,
1290 2357 1377 2413 quem
1391 2356 1450 2395 non
1472 2339 1544 2394 sieut
1558 2338 1749 2394 Ambrosium
1766 2337 1896 2410 diligebat,

1057 2447 1142 2503 quem
1154 2436 1271 2503 propter
1287 2430 1408 2485 salutem
1423 2444 1517 2484 meam
1532 2427 1656 2482 maxime
1676 2426 1834 2499 diligebat;
1849 2440 1896 2480 san

1057 2535 1124 2575 sero
1137 2519 1185 2574 ille
1198 2524 1317 2591 propter
1326 2515 1897 2589 ejusreligiosissimamconversationen,

1058 2624 1116 2680 qua
1130 2607 1160 2661 in
1176 2607 1257 2662 bonis
1272 2607 1407 2679 operibus
1421 2609 1480 2660 mm
1491 2605 1603 2660 terreus
1624 2604 1734 2677 spiritu
1749 2604 1898 2677 frequenc-

1062 2695 1110 2750 bat
1121 2694 1287 2749 ceclesiam:
1304 2694 1343 2748 ita
1357 2699 1389 2749 ut
1404 2709 1478 2765 saepe
1490 2695 1669 2764 erumperet,
1687 2708 1757 2746 euru
1773 2708 1820 2747 me
1839 2688 1898 2744 side

1058 2787 1111 2848 ret,
1136 2783 1166 2837 in
1186 2783 1247 2854 ejus
1269 2781 1501 2854 praedicationem
1523 2785 1546 2852 ⁸,
1566 2781 1718 2854 gratulans
1743 2779 1818 2835 mihi
1839 2777 1900 2851 qnod

1060 2871 1147 2925 talem
1164 2877 1285 2926 matrem
1302 2871 1453 2938 haberem;
1471 2870 1603 2926 nesciens
1617 2870 1738 2942 qualem
1755 2869 1808 2924 ills
1821 2868 1901 2924 meli

1058 2959 1139 3027 lium,
1150 2959 1199 3031 qui
1207 2958 1373 3015 dubitabam
1386 2960 1420 3015 de
1431 2958 1486 3014 iltis
1495 2958 1641 3028 omnibus,
1654 2962 1683 3015 et
1695 2956 1822 3015 inveniri
1834 2971 1901 3029 posse

1061 3047 1134 3103 riam
1150 3047 1214 3103 citae
1229 3047 1349 3104 minime
1363 3048 1513 3120 putabam.

1395 3156 1506 3212 CAPUT
1519 3155 1568 3210 ΙΙΙ.

1228 3245 1418 3314 Occupationes
1439 3250 1464 3300 et
1477 3244 1569 3301 studio
1583 3244 1741 3311 Ambrosii.

1095 3333 1122 3388 3.
1144 3331 1201 3387 Nec
1219 3332 1282 3404 jam
1308 3332 1531 3405 ingemiscebam
1552 3334 1662 3389 orando
1689 3337 1725 3388 ut
1751 3330 1902 3389 subvenires

1058 3420 1146 3489 mihi;
1161 3421 1211 3475 sed
1227 3421 1262 3476 ad
1272 3422 1460 3492 quaerendum
1470 3422 1608 3490 intentus,
1618 3425 1648 3477 et
1662 3420 1700 3478 ad
1713 3420 1901 3478 disserendum

1058 3508 1203 3582 inquietus
1226 3514 1287 3565 erat
1302 3510 1416 3566 animus
1431 3527 1522 3567 meus.
1545 3512 1702 3583 Ipsumque
1727 3508 1900 3566 Ambrosium
1938 3572 1940 3587 Ι

1058 3598 1169 3654 felicem
1186 3598 1339 3670 quemdam
1355 3599 1503 3654 homiuem
1523 3599 1685 3654 secundum
1702 3599 1843 3655 saeculum
1855 3597 1899 3666 opi·
1937 3632 1940 3653 .

1058 3687 1157 3755 nabar,
1183 3703 1269 3759 quem
1286 3687 1325 3742 sic
1349 3691 1435 3742 tante
1458 3693 1613 3759 potestates
1631 3687 1835 3754 honorareut;
1856 3701 1898 3739 cc-

1058 3775 1164 3830 libatus
1181 3781 1292 3831 tantum
1307 3776 1368 3847 ejus
1383 3776 1455 3831 mibi
1479 3775 1639 3831 laboriosus
1658 3776 1822 3832 ridebatur.
1840 3771 1896 3839 Ouid

1059 3868 1155 3918 autem
1174 3863 1222 3918 illc
1246 3863 1306 3934 spei
1337 3869 1458 3934 gereret,
1482 3868 1508 3918 et
1532 3864 1669 3919 adsersus
1696 3864 1793 3936 ipsius
1817 3861 1894 3919 excel·

1057 3951 1154 4007 lentim
1178 3956 1355 4007 tentamenta
1381 3952 1633 4025 quidluctamiuis
1651 3953 1787 4021 baberet,
1811 3951 1893 4024 quite

1057 4041 1205 4096 solaminis
1231 4041 1261 4096 in
1287 4042 1422 4106 adversis,
1453 4047 1482 4097 et
1509 4044 1656 4096 occultum
1684 4059 1719 4097 os
1748 4043 1809 4115 ejus
1834 4036 1891 4112 quod

1057 4134 1118 4186 erat
1140 4130 1170 4184 iu
1192 4129 1276 4185 cor-ie
1301 4129 1372 4202 ejus,
1397 4147 1484 4203 quam
1508 4129 1609 4202 sapida
1637 4131 1749 4203 gaudia
1777 4131 1812 4188 de
1835 4141 1891 4202 pst?

1057 4223 1107 4273 tuo
1122 4218 1296 4286 ruminaret,
1314 4235 1366 4273 nec
1378 4219 1519 4290 conjicere
1541 4235 1689 4283 noveram,
1712 4236 1769 4276 nec
1783 4220 1891 4291 expertius

1057 4323 1151 4362 eram:
1165 4323 1217 4362 nec
1231 4307 1278 4361 ille
1299 4307 1406 4363 sciebat
1425 4313 1508 4363 aestus
1524 4324 1612 4378 meos,
1629 4326 1683 4365 nec
1700 4308 1815 4365 ioream
1832 4302 1889 4379 peri·

1057 4394 1112 4450 culi
1128 4395 1194 4451 mei.
1212 4397 1275 4450 Non
1287 4395 1364 4452 enim
1379 4410 1508 4468 quaerere
1525 4398 1561 4452 ab
1574 4414 1608 4452 eo
1623 4403 1761 4468 poteram
1773 4394 1846 4469 quod
1857 4407 1890 4445 se

1056 4483 1161 4554 lebam,
1177 4484 1249 4539 sicut
1264 4486 1404 4553 volebam,
1421 4486 1634 4542 secludentibus
1649 4503 1696 4543 me
1713 4486 1750 4545 ab
1766 4489 1825 4558 ejus
1836 4494 1890 4536 aurs

1057 4577 1141 4644 atque
1161 4589 1210 4628 ore
1224 4573 1344 4629 catervis
1364 4575 1574 4646 negotiosorum
1600 4574 1769 4644 homiuum,
1786 4582 1890 4647 quorun

1055 4659 1272 4717 infirmitatibus
1283 4663 1432 4718 serviebat.
1445 4665 1516 4719 Cum
1527 4663 1632 4735 quibus
1643 4665 1762 4736 quaudo
1772 4660 1890 4721 ueneni

1056 4748 1133 4820 quod
1149 4764 1199 4819 per
1210 4749 1345 4821 exiguum
1356 4751 1493 4822 temporis
1503 4757 1574 4818 erat,
1586 4756 1638 4806 aut
1648 4768 1755 4824 corpus
1766 4744 1890 4807 madent

1056 4838 1220 4902 necessariis
1245 4839 1453 4906 sustentaculis,
1476 4843 1525 4893 aut
1549 4826 1672 4895 lectione
1693 4842 1832 4897 animum.
1848 4829 1889 4891 Sed

1055 4941 1121 4979 cum
1136 4925 1257 4996 legebat,
1269 4926 1344 4981 ocuti
1361 4926 1539 4983 ducebantur
1551 4943 1606 4998 per
1620 4928 1755 5001 paginas,
1769 4927 1888 4985 eteorirr

1055 5012 1198 5068 tellectum
1209 5014 1379 5085 rimabatur,
1393 5031 1446 5070 vox
1457 5019 1552 5070 autem
1564 5019 1592 5070 cl
1601 5015 1703 5089 lingua
1710 5017 1887 5090 quiescebant

1054 5103 1134 5172 Saepe
1149 5118 1214 5156 cum
1229 5103 1403 5170 adessemus,
1420 5119 1479 5158 uon
1494 5103 1573 5158 enisu
1587 5105 1741 5161 vetabatur
1755 5107 1886 5179 quisquan

1054 5188 1175 5260 ingredi,
1191 5195 1241 5246 aut
1255 5191 1455 5248 cilaniantem
1467 5191 1597 5248 nuntiari
1611 5209 1676 5249 mos
1687 5199 1768 5263 eral;
1786 5193 1823 5250 sic
1836 5207 1886 5250 eon

1086 5316 1092 5347 ¹
1108 5313 1165 5361 bus
1178 5317 1203 5363 et
1218 5314 1271 5371 Er„
1282 5315 1414 5370 notitiam.

1084 5376 1884 5446 sensnmmnttnsstor.stanna:Quod...oqnarisstnnn...

1055 5437 1262 5499 tepidissimum
1279 5439 1356 5487 alins:
1367 5441 1439 5499 Quod
1450 5443 1505 5499 inm
1518 5454 1567 5490 non
1576 5445 1667 5492 solam
1679 5445 1851 5508 aquatissimo.
1860 5440 1884 5489 ll.

1085 5502 1095 5531 ⁷¹
1112 5499 1174 5549 ιον.
1191 5499 1371 5553 summittes.
1387 5502 1501 5553 liabent:
1519 5503 1552 5554 In
1569 5505 1630 5567 ejus
1636 5507 1833 5569 praeelectione.
