<?xml version="1.0" encoding="UTF-8"?>
<!DOCTYPE html PUBLIC "-//W3C//DTD XHTML 1.0 Transitional//EN"
    "http://www.w3.org/TR/xhtml1/DTD/xhtml1-transitional.dtd">
<html xmlns="http://www.w3.org/1999/xhtml" xml:lang="en" lang="en">
 <head>
  <title>
</title>
<meta http-equiv="Content-Type" content="text/html;charset=utf-8" />
  <meta name='ocr-system' content='tesseract 3.04.00' />
  <meta name='ocr-capabilities' content='ocr_page ocr_carea ocr_par ocr_line ocrx_word'/>
</head>
<body>
  <div class='ocr_page' id='page_1' title='image "./patrologiaecurs02migngoog/patrologiaecurs02migngoog_0593.png"; bbox 0 0 3884 6112; ppageno 0'>
   <div class='ocr_carea' id='block_1_1' title="bbox 67 209 1819 280">
    <p class='ocr_par' dir='ltr' id='par_1_1' title="bbox 67 209 1819 280">
     <span class='ocr_line' id='line_1_1' title="bbox 67 209 1819 280; baseline 0.002 -11"><span class='ocrx_word' id='word_1_1' title='bbox 67 215 134 269; x_wconf 73' lang='lat' dir='ltr'>llil</span> <span class='ocrx_word' id='word_1_2' title='bbox 786 212 892 271; x_wconf 81' lang='lat' dir='ltr'><strong>LIBER</strong></span> <span class='ocrx_word' id='word_1_3' title='bbox 911 209 1088 280; x_wconf 75' lang='lat' dir='ltr'>QUARTUS.</span> <span class='ocrx_word' id='word_1_4' title='bbox 1750 216 1819 272; x_wconf 80' lang='lat' dir='ltr'>sua</span> 
     </span>
    </p>
   </div>
   <div class='ocr_carea' id='block_1_2' title="bbox 55 332 1819 1907">
    <p class='ocr_par' dir='ltr' id='par_1_2' title="bbox 62 332 1819 759">
     <span class='ocr_line' id='line_1_2' title="bbox 63 332 1819 409; baseline 0.002 -21"><span class='ocrx_word' id='word_1_5' title='bbox 63 333 147 404; x_wconf 92' lang='lat' dir='ltr'>pium</span> <span class='ocrx_word' id='word_1_6' title='bbox 157 332 336 389; x_wconf 91' lang='lat' dir='ltr'>redeundum</span> <span class='ocrx_word' id='word_1_7' title='bbox 346 335 396 389; x_wconf 81' lang='lat' dir='ltr'>est</span> <span class='ocrx_word' id='word_1_8' title='bbox 407 332 436 388; x_wconf 92' lang='lat' dir='ltr'>Si</span> <span class='ocrx_word' id='word_1_9' title='bbox 445 336 542 390; x_wconf 87' lang='lat' dir='ltr'>autem</span> <span class='ocrx_word' id='word_1_10' title='bbox 552 334 669 406; x_wconf 88' lang='lat' dir='ltr'>utrique</span> <span class='ocrx_word' id='word_1_11' title='bbox 679 335 858 393; x_wconf 86' lang='lat' dir='ltr'>tantumdem</span> <span class='ocrx_word' id='word_1_12' title='bbox 867 334 913 391; x_wconf 90' lang='lat' dir='ltr'>da·</span> <span class='ocrx_word' id='word_1_13' title='bbox 970 336 1097 400; x_wconf 86' lang='lat' dir='ltr'>metitus,</span> <span class='ocrx_word' id='word_1_14' title='bbox 1109 334 1238 408; x_wconf 84' lang='lat' dir='ltr'>sequitur</span> <span class='ocrx_word' id='word_1_15' title='bbox 1252 333 1451 391; x_wconf 89' lang='lat' dir='ltr'>choriambus:</span> <span class='ocrx_word' id='word_1_16' title='bbox 1467 334 1534 391; x_wconf 87' lang='lat' dir='ltr'>iude</span> <span class='ocrx_word' id='word_1_17' title='bbox 1547 336 1610 407; x_wconf 88' lang='lat' dir='ltr'>jam</span> <span class='ocrx_word' id='word_1_18' title='bbox 1629 337 1731 409; x_wconf 90' lang='lat' dir='ltr'>pedem</span> <span class='ocrx_word' id='word_1_19' title='bbox 1744 337 1819 392; x_wconf 92' lang='lat' dir='ltr'>inte·</span> 
     </span>
     <span class='ocr_line' id='line_1_3' title="bbox 63 421 1818 496; baseline 0.002 -20"><span class='ocrx_word' id='word_1_20' title='bbox 63 422 159 488; x_wconf 91' lang='lat' dir='ltr'>betur,</span> <span class='ocrx_word' id='word_1_21' title='bbox 174 422 253 477; x_wconf 91' lang='lat' dir='ltr'>nulla</span> <span class='ocrx_word' id='word_1_22' title='bbox 267 421 460 478; x_wconf 84' lang='lat' dir='ltr'>controversia</span> <span class='ocrx_word' id='word_1_23' title='bbox 473 428 515 478; x_wconf 89' lang='lat' dir='ltr'>est</span> <span class='ocrx_word' id='word_1_24' title='bbox 533 423 604 496; x_wconf 89' lang='lat' dir='ltr'>quin</span> <span class='ocrx_word' id='word_1_25' title='bbox 617 429 729 479; x_wconf 88' lang='lat' dir='ltr'>tautum</span> <span class='ocrx_word' id='word_1_26' title='bbox 745 429 810 480; x_wconf 91' lang='lat' dir='ltr'>anta</span> <span class='ocrx_word' id='word_1_27' title='bbox 825 425 913 480; x_wconf 87' lang='lat' dir='ltr'>tinem</span> <span class='ocrx_word' id='word_1_28' title='bbox 968 422 1259 494; x_wconf 76' lang='lat' dir='ltr'>grumnouiurenies</span> <span class='ocrx_word' id='word_1_29' title='bbox 1271 439 1278 477; x_wconf 73' lang='grc' dir='ltr'>ε</span> <span class='ocrx_word' id='word_1_30' title='bbox 1291 423 1622 494; x_wconf 81' lang='lat' dir='ltr'>quocircauninslongse</span> <span class='ocrx_word' id='word_1_31' title='bbox 1633 425 1818 496; x_wconf 81' lang='lat' dir='ltr'>spatiositate</span> 
     </span>
     <span class='ocr_line' id='line_1_4' title="bbox 63 509 1816 584; baseline 0.002 -19"><span class='ocrx_word' id='word_1_32' title='bbox 63 515 205 582; x_wconf 85' lang='lat' dir='ltr'>quantum</span> <span class='ocrx_word' id='word_1_33' title='bbox 215 510 246 565; x_wconf 92' lang='lat' dir='ltr'>in</span> <span class='ocrx_word' id='word_1_34' title='bbox 256 509 313 566; x_wconf 87' lang='lat' dir='ltr'>tine</span> <span class='ocrx_word' id='word_1_35' title='bbox 324 511 466 566; x_wconf 89' lang='lat' dir='ltr'>silendum</span> <span class='ocrx_word' id='word_1_36' title='bbox 475 511 521 567; x_wconf 90' lang='lat' dir='ltr'>sit.</span> <span class='ocrx_word' id='word_1_37' title='bbox 532 511 721 568; x_wconf 90' lang='lat' dir='ltr'>Sileriautem</span> <span class='ocrx_word' id='word_1_38' title='bbox 731 516 844 583; x_wconf 79' lang='lat' dir='ltr'>oportet</span> <span class='ocrx_word' id='word_1_39' title='bbox 854 529 913 568; x_wconf 93' lang='lat' dir='ltr'>uon</span> <span class='ocrx_word' id='word_1_40' title='bbox 968 513 1126 582; x_wconf 76' lang='lat' dir='ltr'>oportebit:</span> <span class='ocrx_word' id='word_1_41' title='bbox 1143 527 1200 583; x_wconf 89' lang='lat' dir='ltr'>quo</span> <span class='ocrx_word' id='word_1_42' title='bbox 1215 516 1411 577; x_wconf 85' lang='lat' dir='ltr'>annumerato,</span> <span class='ocrx_word' id='word_1_43' title='bbox 1423 512 1611 568; x_wconf 81' lang='lat' dir='ltr'>choriambus</span> <span class='ocrx_word' id='word_1_44' title='bbox 1626 514 1698 567; x_wconf 92' lang='lat' dir='ltr'>altar</span> <span class='ocrx_word' id='word_1_45' title='bbox 1713 513 1816 584; x_wconf 92' lang='lat' dir='ltr'>imple·</span> 
     </span>
     <span class='ocr_line' id='line_1_5' title="bbox 62 598 1817 673; baseline 0.001 -20"><span class='ocrx_word' id='word_1_46' title='bbox 62 598 121 653; x_wconf 91' lang='lat' dir='ltr'>nisi</span> <span class='ocrx_word' id='word_1_47' title='bbox 129 598 179 654; x_wconf 94' lang='lat' dir='ltr'>ubi</span> <span class='ocrx_word' id='word_1_48' title='bbox 186 599 357 653; x_wconf 85' lang='lat' dir='ltr'>terminatur</span> <span class='ocrx_word' id='word_1_49' title='bbox 364 615 429 670; x_wconf 87' lang='lat' dir='ltr'>pars</span> <span class='ocrx_word' id='word_1_50' title='bbox 437 599 584 655; x_wconf 87' lang='lat' dir='ltr'>orationis.</span> <span class='ocrx_word' id='word_1_51' title='bbox 596 601 628 655; x_wconf 93' lang='lat' dir='ltr'>lu</span> <span class='ocrx_word' id='word_1_52' title='bbox 635 600 671 654; x_wconf 87' lang='lat' dir='ltr'>iis</span> <span class='ocrx_word' id='word_1_53' title='bbox 678 606 776 656; x_wconf 89' lang='lat' dir='ltr'>autem</span> <span class='ocrx_word' id='word_1_54' title='bbox 786 600 913 656; x_wconf 89' lang='lat' dir='ltr'>numeris</span> <span class='ocrx_word' id='word_1_55' title='bbox 967 599 1060 666; x_wconf 89' lang='lat' dir='ltr'>bitur;</span> <span class='ocrx_word' id='word_1_56' title='bbox 1082 599 1199 655; x_wconf 88' lang='lat' dir='ltr'>bacchio</span> <span class='ocrx_word' id='word_1_57' title='bbox 1215 599 1327 671; x_wconf 87' lang='lat' dir='ltr'>reliquo</span> <span class='ocrx_word' id='word_1_58' title='bbox 1346 603 1472 654; x_wconf 89' lang='lat' dir='ltr'>metrum</span> <span class='ocrx_word' id='word_1_59' title='bbox 1485 600 1630 670; x_wconf 86' lang='lat' dir='ltr'>clausuro,</span> <span class='ocrx_word' id='word_1_60' title='bbox 1644 600 1690 655; x_wconf 91' lang='lat' dir='ltr'>cui</span> <span class='ocrx_word' id='word_1_61' title='bbox 1703 605 1817 673; x_wconf 90' lang='lat' dir='ltr'>tempus</span> 
     </span>
     <span class='ocr_line' id='line_1_6' title="bbox 62 685 1434 759; baseline 0.001 -19"><span class='ocrx_word' id='word_1_62' title='bbox 62 687 116 758; x_wconf 86' lang='lat' dir='ltr'>qui</span> <span class='ocrx_word' id='word_1_63' title='bbox 131 703 190 741; x_wconf 89' lang='lat' dir='ltr'>non</span> <span class='ocrx_word' id='word_1_64' title='bbox 204 686 296 741; x_wconf 81' lang='lat' dir='ltr'>serbis</span> <span class='ocrx_word' id='word_1_65' title='bbox 311 685 416 752; x_wconf 84' lang='lat' dir='ltr'>fiuut¹,</span> <span class='ocrx_word' id='word_1_66' title='bbox 431 688 481 742; x_wconf 86' lang='lat' dir='ltr'>sed</span> <span class='ocrx_word' id='word_1_67' title='bbox 495 687 592 759; x_wconf 87' lang='lat' dir='ltr'>aliquo</span> <span class='ocrx_word' id='word_1_68' title='bbox 607 689 692 759; x_wconf 89' lang='lat' dir='ltr'>pulsu</span> <span class='ocrx_word' id='word_1_69' title='bbox 706 691 750 744; x_wconf 86' lang='lat' dir='ltr'>vel</span> <span class='ocrx_word' id='word_1_70' title='bbox 767 690 847 757; x_wconf 85' lang='lat' dir='ltr'>flatu,</span> <span class='ocrx_word' id='word_1_71' title='bbox 867 689 912 744; x_wconf 78' lang='lat' dir='ltr'>rel</span> <span class='ocrx_word' id='word_1_72' title='bbox 967 703 1059 743; x_wconf 91' lang='lat' dir='ltr'>unum</span> <span class='ocrx_word' id='word_1_73' title='bbox 1074 687 1201 743; x_wconf 90' lang='lat' dir='ltr'>debitum</span> <span class='ocrx_word' id='word_1_74' title='bbox 1217 687 1311 742; x_wconf 79' lang='lat' dir='ltr'>silebis</span> <span class='ocrx_word' id='word_1_75' title='bbox 1322 685 1352 741; x_wconf 93' lang='lat' dir='ltr'>in</span> <span class='ocrx_word' id='word_1_76' title='bbox 1366 686 1434 742; x_wconf 89' lang='lat' dir='ltr'>flne.</span> 
     </span>
    </p>

    <p class='ocr_par' dir='ltr' id='par_1_3' title="bbox 55 773 1817 1907">
     <span class='ocr_line' id='line_1_7' title="bbox 63 773 1816 848; baseline 0.002 -20"><span class='ocrx_word' id='word_1_77' title='bbox 63 774 157 846; x_wconf 91' lang='lat' dir='ltr'>ipsam</span> <span class='ocrx_word' id='word_1_78' title='bbox 165 773 366 845; x_wconf 84' lang='lat' dir='ltr'>etiamlingua,</span> <span class='ocrx_word' id='word_1_79' title='bbox 372 774 484 829; x_wconf 91' lang='lat' dir='ltr'>nullum</span> <span class='ocrx_word' id='word_1_80' title='bbox 494 773 525 828; x_wconf 91' lang='lat' dir='ltr'>iu</span> <span class='ocrx_word' id='word_1_81' title='bbox 531 776 583 830; x_wconf 92' lang='lat' dir='ltr'>hac</span> <span class='ocrx_word' id='word_1_82' title='bbox 589 791 619 830; x_wconf 88' lang='lat' dir='ltr'>re</span> <span class='ocrx_word' id='word_1_83' title='bbox 629 775 782 831; x_wconf 89' lang='lat' dir='ltr'>discrimen</span> <span class='ocrx_word' id='word_1_84' title='bbox 788 781 914 848; x_wconf 89' lang='lat' dir='ltr'>est,post</span> <span class='ocrx_word' id='word_1_85' title='bbox 1002 779 1046 831; x_wconf 77' lang='lat' dir='ltr'>tl.</span> <span class='ocrx_word' id='word_1_86' title='bbox 1064 776 1144 831; x_wconf 88' lang='lat' dir='ltr'>Unda</span> <span class='ocrx_word' id='word_1_87' title='bbox 1155 775 1216 847; x_wconf 80' lang='lat' dir='ltr'>jam</span> <span class='ocrx_word' id='word_1_88' title='bbox 1229 791 1290 831; x_wconf 90' lang='lat' dir='ltr'>essa</span> <span class='ocrx_word' id='word_1_89' title='bbox 1304 775 1408 846; x_wconf 82' lang='lat' dir='ltr'>opinor</span> <span class='ocrx_word' id='word_1_90' title='bbox 1420 775 1615 848; x_wconf 87' lang='lat' dir='ltr'>perspicuum,</span> <span class='ocrx_word' id='word_1_91' title='bbox 1630 792 1695 832; x_wconf 90' lang='lat' dir='ltr'>cum</span> <span class='ocrx_word' id='word_1_92' title='bbox 1708 776 1740 831; x_wconf 93' lang='lat' dir='ltr'>in</span> <span class='ocrx_word' id='word_1_93' title='bbox 1754 791 1816 831; x_wconf 91' lang='lat' dir='ltr'>me·</span> 
     </span>
     <span class='ocr_line' id='line_1_8' title="bbox 63 854 1816 936; baseline 0.001 -18"><span class='ocrx_word' id='word_1_94' title='bbox 63 878 153 936; x_wconf 87' lang='lat' dir='ltr'>quam</span> <span class='ocrx_word' id='word_1_95' title='bbox 166 878 264 917; x_wconf 87' lang='lat' dir='ltr'>vocem</span> <span class='ocrx_word' id='word_1_96' title='bbox 278 863 525 932; x_wconf 81' lang='lat' dir='ltr'>percussionemve</span> <span class='ocrx_word' id='word_1_97' title='bbox 534 862 666 930; x_wconf 88' lang='lat' dir='ltr'>sileatnr;</span> <span class='ocrx_word' id='word_1_98' title='bbox 677 864 762 919; x_wconf 88' lang='lat' dir='ltr'>modo</span> <span class='ocrx_word' id='word_1_99' title='bbox 771 870 804 919; x_wconf 89' lang='lat' dir='ltr'>ut</span> <span class='ocrx_word' id='word_1_100' title='bbox 817 854 921 936; x_wconf 78' lang='lat' dir='ltr'>legiti·&#39;</span> <span class='ocrx_word' id='word_1_101' title='bbox 968 863 1022 918; x_wconf 92' lang='lat' dir='ltr'>diis</span> <span class='ocrx_word' id='word_1_102' title='bbox 1036 864 1136 919; x_wconf 88' lang='lat' dir='ltr'>siletur</span> <span class='ocrx_word' id='word_1_103' title='bbox 1153 864 1233 930; x_wconf 91' lang='lat' dir='ltr'>locis,</span> <span class='ocrx_word' id='word_1_104' title='bbox 1248 869 1299 918; x_wconf 91' lang='lat' dir='ltr'>aut</span> <span class='ocrx_word' id='word_1_105' title='bbox 1312 880 1345 918; x_wconf 89' lang='lat' dir='ltr'>aa</span> <span class='ocrx_word' id='word_1_106' title='bbox 1364 863 1475 919; x_wconf 86' lang='lat' dir='ltr'>restitui</span> <span class='ocrx_word' id='word_1_107' title='bbox 1490 868 1618 936; x_wconf 88' lang='lat' dir='ltr'>tempora</span> <span class='ocrx_word' id='word_1_108' title='bbox 1633 880 1698 936; x_wconf 73' lang='lat' dir='ltr'>quea</span> <span class='ocrx_word' id='word_1_109' title='bbox 1711 865 1743 919; x_wconf 93' lang='lat' dir='ltr'>iu</span> <span class='ocrx_word' id='word_1_110' title='bbox 1757 865 1816 920; x_wconf 87' lang='lat' dir='ltr'>fine</span> 
     </span>
     <span class='ocr_line' id='line_1_9' title="bbox 62 950 1817 1023; baseline -0.001 -16"><span class='ocrx_word' id='word_1_111' title='bbox 62 968 144 1007; x_wconf 91' lang='lat' dir='ltr'>mum</span> <span class='ocrx_word' id='word_1_112' title='bbox 158 951 314 1006; x_wconf 89' lang='lat' dir='ltr'>secundum</span> <span class='ocrx_word' id='word_1_113' title='bbox 330 950 507 1023; x_wconf 88' lang='lat' dir='ltr'>supradictas</span> <span class='ocrx_word' id='word_1_114' title='bbox 523 952 646 1007; x_wconf 88' lang='lat' dir='ltr'>rationes</span> <span class='ocrx_word' id='word_1_115' title='bbox 659 952 816 1008; x_wconf 88' lang='lat' dir='ltr'>intercedat</span> <span class='ocrx_word' id='word_1_116' title='bbox 829 953 913 1008; x_wconf 88' lang='lat' dir='ltr'>silen-</span> <span class='ocrx_word' id='word_1_117' title='bbox 968 952 1117 1019; x_wconf 87' lang='lat' dir='ltr'>debentur,</span> <span class='ocrx_word' id='word_1_118' title='bbox 1133 956 1183 1007; x_wconf 90' lang='lat' dir='ltr'>ant</span> <span class='ocrx_word' id='word_1_119' title='bbox 1193 969 1227 1007; x_wconf 89' lang='lat' dir='ltr'>ea</span> <span class='ocrx_word' id='word_1_120' title='bbox 1238 968 1303 1023; x_wconf 86' lang='lat' dir='ltr'>quaa</span> <span class='ocrx_word' id='word_1_121' title='bbox 1316 951 1357 1006; x_wconf 91' lang='lat' dir='ltr'>ibi</span> <span class='ocrx_word' id='word_1_122' title='bbox 1367 952 1565 1007; x_wconf 88' lang='lat' dir='ltr'>debentnrubi</span> <span class='ocrx_word' id='word_1_123' title='bbox 1577 952 1685 1008; x_wconf 87' lang='lat' dir='ltr'>siletur.</span> <span class='ocrx_word' id='word_1_124' title='bbox 1698 953 1752 1007; x_wconf 89' lang='lat' dir='ltr'>Sed</span> <span class='ocrx_word' id='word_1_125' title='bbox 1767 951 1817 1007; x_wconf 92' lang='lat' dir='ltr'>ali·</span> 
     </span>
     <span class='ocr_line' id='line_1_10' title="bbox 58 1039 1817 1114; baseline 0.001 -21"><span class='ocrx_word' id='word_1_126' title='bbox 58 1039 146 1094; x_wconf 89' lang='lat' dir='ltr'>tium.</span> <span class='ocrx_word' id='word_1_127' title='bbox 170 1039 360 1103; x_wconf 80' lang='lat' dir='ltr'>Quamobrem</span> <span class='ocrx_word' id='word_1_128' title='bbox 385 1044 444 1094; x_wconf 90' lang='lat' dir='ltr'>eta</span> <span class='ocrx_word' id='word_1_129' title='bbox 464 1039 575 1094; x_wconf 88' lang='lat' dir='ltr'>duobus</span> <span class='ocrx_word' id='word_1_130' title='bbox 596 1043 689 1112; x_wconf 89' lang='lat' dir='ltr'>potest</span> <span class='ocrx_word' id='word_1_131' title='bbox 711 1041 912 1114; x_wconf 90' lang='lat' dir='ltr'>minuspleuis</span> <span class='ocrx_word' id='word_1_132' title='bbox 967 1042 1082 1112; x_wconf 87' lang='lat' dir='ltr'>quando</span> <span class='ocrx_word' id='word_1_133' title='bbox 1096 1057 1155 1096; x_wconf 90' lang='lat' dir='ltr'>uon</span> <span class='ocrx_word' id='word_1_134' title='bbox 1173 1045 1217 1095; x_wconf 88' lang='lat' dir='ltr'>est</span> <span class='ocrx_word' id='word_1_135' title='bbox 1238 1053 1351 1095; x_wconf 87' lang='lat' dir='ltr'>neeesse</span> <span class='ocrx_word' id='word_1_136' title='bbox 1372 1044 1405 1094; x_wconf 92' lang='lat' dir='ltr'>ut</span> <span class='ocrx_word' id='word_1_137' title='bbox 1428 1039 1545 1095; x_wconf 87' lang='lat' dir='ltr'>sileatur</span> <span class='ocrx_word' id='word_1_138' title='bbox 1559 1040 1589 1096; x_wconf 91' lang='lat' dir='ltr'>iu</span> <span class='ocrx_word' id='word_1_139' title='bbox 1612 1041 1725 1108; x_wconf 87' lang='lat' dir='ltr'>mediis,</span> <span class='ocrx_word' id='word_1_140' title='bbox 1750 1055 1817 1095; x_wconf 92' lang='lat' dir='ltr'>cum</span> 
     </span>
     <span class='ocr_line' id='line_1_11' title="bbox 59 1127 1814 1201; baseline 0 -18"><span class='ocrx_word' id='word_1_141' title='bbox 59 1127 183 1199; x_wconf 89' lang='lat' dir='ltr'>pedibus</span> <span class='ocrx_word' id='word_1_142' title='bbox 207 1131 333 1182; x_wconf 86' lang='lat' dir='ltr'>metrum</span> <span class='ocrx_word' id='word_1_143' title='bbox 354 1127 490 1197; x_wconf 89' lang='lat' dir='ltr'>incipere,</span> <span class='ocrx_word' id='word_1_144' title='bbox 505 1127 528 1183; x_wconf 92' lang='lat' dir='ltr'>si</span> <span class='ocrx_word' id='word_1_145' title='bbox 552 1133 649 1183; x_wconf 88' lang='lat' dir='ltr'>tamen</span> <span class='ocrx_word' id='word_1_146' title='bbox 674 1127 822 1201; x_wconf 86' lang='lat' dir='ltr'>utriusque</span> <span class='ocrx_word' id='word_1_147' title='bbox 842 1145 911 1184; x_wconf 91' lang='lat' dir='ltr'>cou-</span> <span class='ocrx_word' id='word_1_148' title='bbox 967 1133 1060 1199; x_wconf 89' lang='lat' dir='ltr'>potest</span> <span class='ocrx_word' id='word_1_149' title='bbox 1074 1129 1156 1184; x_wconf 88' lang='lat' dir='ltr'>aliter</span> <span class='ocrx_word' id='word_1_150' title='bbox 1170 1133 1294 1184; x_wconf 89' lang='lat' dir='ltr'>metrum</span> <span class='ocrx_word' id='word_1_151' title='bbox 1309 1129 1414 1196; x_wconf 90' lang='lat' dir='ltr'>metiri,</span> <span class='ocrx_word' id='word_1_152' title='bbox 1426 1129 1498 1184; x_wconf 91' lang='lat' dir='ltr'>utin</span> <span class='ocrx_word' id='word_1_153' title='bbox 1511 1145 1544 1184; x_wconf 93' lang='lat' dir='ltr'>eo</span> <span class='ocrx_word' id='word_1_154' title='bbox 1558 1129 1635 1200; x_wconf 87' lang='lat' dir='ltr'>qnod</span> <span class='ocrx_word' id='word_1_155' title='bbox 1647 1130 1733 1200; x_wconf 89' lang='lat' dir='ltr'>paulo</span> <span class='ocrx_word' id='word_1_156' title='bbox 1749 1132 1814 1184; x_wconf 90' lang='lat' dir='ltr'>ante</span> 
     </span>
     <span class='ocr_line' id='line_1_12' title="bbox 55 1214 1813 1288; baseline 0.001 -17"><span class='ocrx_word' id='word_1_157' title='bbox 55 1217 193 1287; x_wconf 87' lang='lat' dir='ltr'>junctum</span> <span class='ocrx_word' id='word_1_158' title='bbox 216 1215 342 1286; x_wconf 89' lang='lat' dir='ltr'>spatium</span> <span class='ocrx_word' id='word_1_159' title='bbox 365 1214 460 1269; x_wconf 90' lang='lat' dir='ltr'>minus</span> <span class='ocrx_word' id='word_1_160' title='bbox 484 1216 603 1285; x_wconf 91' lang='lat' dir='ltr'>nonsit,</span> <span class='ocrx_word' id='word_1_161' title='bbox 630 1233 717 1288; x_wconf 84' lang='lat' dir='ltr'>quam</span> <span class='ocrx_word' id='word_1_162' title='bbox 740 1223 836 1288; x_wconf 89' lang='lat' dir='ltr'>posset</span> <span class='ocrx_word' id='word_1_163' title='bbox 851 1233 911 1272; x_wconf 90' lang='lat' dir='ltr'>esse</span> <span class='ocrx_word' id='word_1_164' title='bbox 966 1218 1125 1288; x_wconf 85' lang='lat' dir='ltr'>posuimus.</span> <span class='ocrx_word' id='word_1_165' title='bbox 1151 1217 1313 1287; x_wconf 75' lang='lat' dir='ltr'>Aliquando</span> <span class='ocrx_word' id='word_1_166' title='bbox 1332 1221 1428 1271; x_wconf 90' lang='lat' dir='ltr'>autem</span> <span class='ocrx_word' id='word_1_167' title='bbox 1452 1232 1565 1272; x_wconf 86' lang='lat' dir='ltr'>necesse</span> <span class='ocrx_word' id='word_1_168' title='bbox 1588 1222 1639 1286; x_wconf 88' lang='lat' dir='ltr'>est,</span> <span class='ocrx_word' id='word_1_169' title='bbox 1660 1217 1813 1283; x_wconf 89' lang='lat' dir='ltr'>utinhoc‚</span> 
     </span>
     <span class='ocr_line' id='line_1_13' title="bbox 58 1303 1815 1377; baseline 0 -17"><span class='ocrx_word' id='word_1_170' title='bbox 58 1304 149 1360; x_wconf 91' lang='lat' dir='ltr'>unius</span> <span class='ocrx_word' id='word_1_171' title='bbox 161 1308 189 1360; x_wconf 91' lang='lat' dir='ltr'>et</span> <span class='ocrx_word' id='word_1_172' title='bbox 204 1303 319 1359; x_wconf 91' lang='lat' dir='ltr'>dimidii</span> <span class='ocrx_word' id='word_1_173' title='bbox 330 1303 428 1375; x_wconf 82' lang='lat' dir='ltr'>pedis3</span> <span class='ocrx_word' id='word_1_174' title='bbox 445 1320 512 1359; x_wconf 89' lang='lat' dir='ltr'>nam</span> <span class='ocrx_word' id='word_1_175' title='bbox 523 1321 609 1377; x_wconf 91' lang='lat' dir='ltr'>supra</span> <span class='ocrx_word' id='word_1_176' title='bbox 620 1305 755 1372; x_wconf 84' lang='lat' dir='ltr'>diximus,</span> <span class='ocrx_word' id='word_1_177' title='bbox 766 1311 827 1360; x_wconf 92' lang='lat' dir='ltr'>tum</span> <span class='ocrx_word' id='word_1_178' title='bbox 838 1311 911 1360; x_wconf 89' lang='lat' dir='ltr'>recte</span> <span class='ocrx_word' id='word_1_179' title='bbox 969 1307 1071 1360; x_wconf 74' lang='lat' dir='ltr'>Veniet</span> <span class='ocrx_word' id='word_1_180' title='bbox 1085 1308 1232 1376; x_wconf 73' lang='lat' dir='ltr'>temperies,</span> <span class='ocrx_word' id='word_1_181' title='bbox 1243 1320 1317 1360; x_wconf 80' lang='lat' dir='ltr'>nura</span> <span class='ocrx_word' id='word_1_182' title='bbox 1334 1309 1432 1374; x_wconf 81' lang='lat' dir='ltr'>tepent,</span> <span class='ocrx_word' id='word_1_183' title='bbox 1448 1309 1510 1359; x_wconf 82' lang='lat' dir='ltr'>suot</span> <span class='ocrx_word' id='word_1_184' title='bbox 1524 1305 1627 1361; x_wconf 75' lang='lat' dir='ltr'>delicia</span> <span class='ocrx_word' id='word_1_185' title='bbox 1642 1324 1650 1360; x_wconf 75' lang='grc' dir='ltr'><strong><em>ε</em></strong></span> <span class='ocrx_word' id='word_1_186' title='bbox 1668 1321 1735 1361; x_wconf 90' lang='lat' dir='ltr'>narn</span> <span class='ocrx_word' id='word_1_187' title='bbox 1755 1323 1815 1361; x_wconf 92' lang='lat' dir='ltr'>ma-</span> 
     </span>
     <span class='ocr_line' id='line_1_14' title="bbox 58 1392 1814 1466; baseline 0.001 -19"><span class='ocrx_word' id='word_1_188' title='bbox 58 1393 131 1466; x_wconf 89' lang='lat' dir='ltr'>poui</span> <span class='ocrx_word' id='word_1_189' title='bbox 145 1393 216 1449; x_wconf 92' lang='lat' dir='ltr'>duos</span> <span class='ocrx_word' id='word_1_190' title='bbox 235 1393 329 1447; x_wconf 92' lang='lat' dir='ltr'>minus</span> <span class='ocrx_word' id='word_1_191' title='bbox 344 1393 443 1462; x_wconf 89' lang='lat' dir='ltr'>plenos</span> <span class='ocrx_word' id='word_1_192' title='bbox 458 1394 557 1462; x_wconf 88' lang='lat' dir='ltr'>pedes,</span> <span class='ocrx_word' id='word_1_193' title='bbox 576 1410 640 1448; x_wconf 88' lang='lat' dir='ltr'>cum</span> <span class='ocrx_word' id='word_1_194' title='bbox 656 1393 685 1449; x_wconf 95' lang='lat' dir='ltr'>id</span> <span class='ocrx_word' id='word_1_195' title='bbox 700 1393 776 1464; x_wconf 87' lang='lat' dir='ltr'>quod</span> <span class='ocrx_word' id='word_1_196' title='bbox 791 1392 912 1448; x_wconf 89' lang='lat' dir='ltr'>debetur</span> <span class='ocrx_word' id='word_1_197' title='bbox 966 1394 1100 1449; x_wconf 82' lang='lat' dir='ltr'>bifestum</span> <span class='ocrx_word' id='word_1_198' title='bbox 1115 1398 1158 1448; x_wconf 89' lang='lat' dir='ltr'>est</span> <span class='ocrx_word' id='word_1_199' title='bbox 1169 1392 1257 1447; x_wconf 92' lang='lat' dir='ltr'>istum</span> <span class='ocrx_word' id='word_1_200' title='bbox 1276 1408 1440 1459; x_wconf 90' lang='lat' dir='ltr'>numerum,</span> <span class='ocrx_word' id='word_1_201' title='bbox 1456 1396 1506 1447; x_wconf 94' lang='lat' dir='ltr'>aut</span> <span class='ocrx_word' id='word_1_202' title='bbox 1520 1397 1726 1463; x_wconf 87' lang='lat' dir='ltr'>quaternorum</span> <span class='ocrx_word' id='word_1_203' title='bbox 1741 1397 1814 1448; x_wconf 89' lang='lat' dir='ltr'>tem·</span> 
     </span>
     <span class='ocr_line' id='line_1_15' title="bbox 59 1479 1815 1552; baseline 0.001 -17"><span class='ocrx_word' id='word_1_204' title='bbox 59 1480 210 1547; x_wconf 88' lang='lat' dir='ltr'>ambobus,</span> <span class='ocrx_word' id='word_1_205' title='bbox 226 1495 286 1534; x_wconf 91' lang='lat' dir='ltr'>non</span> <span class='ocrx_word' id='word_1_206' title='bbox 300 1479 401 1534; x_wconf 90' lang='lat' dir='ltr'>transit</span> <span class='ocrx_word' id='word_1_207' title='bbox 414 1479 505 1550; x_wconf 93' lang='lat' dir='ltr'>spatio</span> <span class='ocrx_word' id='word_1_208' title='bbox 517 1479 621 1550; x_wconf 88' lang='lat' dir='ltr'>pedem</span> <span class='ocrx_word' id='word_1_209' title='bbox 636 1479 803 1535; x_wconf 90' lang='lat' dir='ltr'>dimidium:</span> <span class='ocrx_word' id='word_1_210' title='bbox 818 1496 910 1535; x_wconf 82' lang='lat' dir='ltr'>exem·</span> <span class='ocrx_word' id='word_1_211' title='bbox 964 1497 1080 1552; x_wconf 90' lang='lat' dir='ltr'>porum,</span> <span class='ocrx_word' id='word_1_212' title='bbox 1093 1489 1283 1535; x_wconf 88' lang='lat' dir='ltr'>autsauorum</span> <span class='ocrx_word' id='word_1_213' title='bbox 1292 1479 1413 1551; x_wconf 88' lang='lat' dir='ltr'>pedibus</span> <span class='ocrx_word' id='word_1_214' title='bbox 1422 1495 1546 1534; x_wconf 86' lang='lat' dir='ltr'>currere.</span> <span class='ocrx_word' id='word_1_215' title='bbox 1555 1479 1584 1534; x_wconf 91' lang='lat' dir='ltr'>Si</span> <span class='ocrx_word' id='word_1_216' title='bbox 1596 1483 1815 1550; x_wconf 86' lang='lat' dir='ltr'>quaternorum,</span> 
     </span>
     <span class='ocr_line' id='line_1_16' title="bbox 58 1567 1817 1640; baseline 0.001 -19"><span class='ocrx_word' id='word_1_217' title='bbox 58 1567 143 1639; x_wconf 92' lang='lat' dir='ltr'>plnm</span> <span class='ocrx_word' id='word_1_218' title='bbox 157 1572 210 1635; x_wconf 89' lang='lat' dir='ltr'>est,</span> <span class='ocrx_word' id='word_1_219' title='bbox 228 1569 330 1623; x_wconf 82' lang='lat' dir='ltr'>Montes</span> <span class='ocrx_word' id='word_1_220' title='bbox 352 1570 442 1632; x_wconf 86' lang='lat' dir='ltr'>acuti,·</span> <span class='ocrx_word' id='word_1_221' title='bbox 463 1570 496 1621; x_wconf 94' lang='lat' dir='ltr'>ut</span> <span class='ocrx_word' id='word_1_222' title='bbox 519 1571 568 1622; x_wconf 90' lang='lat' dir='ltr'>aut</span> <span class='ocrx_word' id='word_1_223' title='bbox 583 1567 613 1622; x_wconf 92' lang='lat' dir='ltr'>in</span> <span class='ocrx_word' id='word_1_224' title='bbox 627 1567 684 1622; x_wconf 87' lang='lat' dir='ltr'>fine</span> <span class='ocrx_word' id='word_1_225' title='bbox 705 1567 760 1622; x_wconf 90' lang='lat' dir='ltr'>tria</span> <span class='ocrx_word' id='word_1_226' title='bbox 781 1571 911 1640; x_wconf 91' lang='lat' dir='ltr'>tempora</span> <span class='ocrx_word' id='word_1_227' title='bbox 965 1569 1108 1626; x_wconf 89' lang='lat' dir='ltr'>silendum</span> <span class='ocrx_word' id='word_1_228' title='bbox 1122 1573 1165 1625; x_wconf 88' lang='lat' dir='ltr'>est</span> <span class='ocrx_word' id='word_1_229' title='bbox 1179 1585 1271 1624; x_wconf 92' lang='lat' dir='ltr'>unum</span> <span class='ocrx_word' id='word_1_230' title='bbox 1284 1572 1398 1640; x_wconf 87' lang='lat' dir='ltr'>tempus</span> <span class='ocrx_word' id='word_1_231' title='bbox 1409 1572 1474 1638; x_wconf 91' lang='lat' dir='ltr'>post</span> <span class='ocrx_word' id='word_1_232' title='bbox 1483 1567 1621 1638; x_wconf 85' lang='lat' dir='ltr'>syllabam</span> <span class='ocrx_word' id='word_1_233' title='bbox 1637 1571 1777 1635; x_wconf 78' lang='lat' dir='ltr'>octavam,</span> <span class='ocrx_word' id='word_1_234' title='bbox 1789 1573 1817 1623; x_wconf 91' lang='lat' dir='ltr'>et</span> 
     </span>
     <span class='ocr_line' id='line_1_17' title="bbox 58 1645 1816 1728; baseline 0.001 -18"><span class='ocrx_word' id='word_1_235' title='bbox 58 1655 206 1722; x_wconf 89' lang='lat' dir='ltr'>sileamus,</span> <span class='ocrx_word' id='word_1_236' title='bbox 221 1659 270 1710; x_wconf 90' lang='lat' dir='ltr'>aut</span> <span class='ocrx_word' id='word_1_237' title='bbox 283 1671 374 1710; x_wconf 90' lang='lat' dir='ltr'>nuum</span> <span class='ocrx_word' id='word_1_238' title='bbox 387 1659 501 1727; x_wconf 89' lang='lat' dir='ltr'>tempus</span> <span class='ocrx_word' id='word_1_239' title='bbox 515 1659 581 1727; x_wconf 89' lang='lat' dir='ltr'>post</span> <span class='ocrx_word' id='word_1_240' title='bbox 592 1655 762 1728; x_wconf 86' lang='lat' dir='ltr'>spondeum,</span> <span class='ocrx_word' id='word_1_241' title='bbox 775 1661 803 1711; x_wconf 90' lang='lat' dir='ltr'>et</span> <span class='ocrx_word' id='word_1_242' title='bbox 813 1655 870 1712; x_wconf 92' lang='lat' dir='ltr'>duo</span> <span class='ocrx_word' id='word_1_243' title='bbox 880 1657 915 1711; x_wconf 83' lang='lat' dir='ltr'>iu</span> <span class='ocrx_word' id='word_1_244' title='bbox 965 1658 997 1714; x_wconf 90' lang='lat' dir='ltr'>iu</span> <span class='ocrx_word' id='word_1_245' title='bbox 1009 1645 1067 1715; x_wconf 75' lang='lat' dir='ltr'>hu&#39;e</span> <span class='ocrx_word' id='word_1_246' title='bbox 1081 1659 1156 1726; x_wconf 89' lang='lat' dir='ltr'>duo;</span> <span class='ocrx_word' id='word_1_247' title='bbox 1176 1657 1312 1712; x_wconf 89' lang='lat' dir='ltr'>metiatur</span> <span class='ocrx_word' id='word_1_248' title='bbox 1330 1656 1424 1728; x_wconf 92' lang='lat' dir='ltr'>primo</span> <span class='ocrx_word' id='word_1_249' title='bbox 1443 1657 1596 1728; x_wconf 89' lang='lat' dir='ltr'>spondeus,</span> <span class='ocrx_word' id='word_1_250' title='bbox 1618 1655 1742 1711; x_wconf 75' lang='lat' dir='ltr'>secundo</span> <span class='ocrx_word' id='word_1_251' title='bbox 1765 1657 1816 1712; x_wconf 89' lang='lat' dir='ltr'>da·</span> 
     </span>
     <span class='ocr_line' id='line_1_18' title="bbox 58 1743 1816 1819; baseline 0.001 -20"><span class='ocrx_word' id='word_1_252' title='bbox 58 1744 128 1800; x_wconf 87' lang='lat' dir='ltr'>iius.</span> <span class='ocrx_word' id='word_1_253' title='bbox 152 1743 244 1800; x_wconf 79' lang='lat' dir='ltr'>Aliter</span> <span class='ocrx_word' id='word_1_254' title='bbox 269 1743 347 1799; x_wconf 86' lang='lat' dir='ltr'>enirn</span> <span class='ocrx_word' id='word_1_255' title='bbox 368 1744 423 1799; x_wconf 90' lang='lat' dir='ltr'>hoc</span> <span class='ocrx_word' id='word_1_256' title='bbox 446 1746 571 1799; x_wconf 92' lang='lat' dir='ltr'>matrum</span> <span class='ocrx_word' id='word_1_257' title='bbox 592 1743 795 1800; x_wconf 82' lang='lat' dir='ltr'>convenienter</span> <span class='ocrx_word' id='word_1_258' title='bbox 815 1744 910 1800; x_wconf 87' lang='lat' dir='ltr'>metiri</span> <span class='ocrx_word' id='word_1_259' title='bbox 965 1747 1068 1819; x_wconf 85' lang='lat' dir='ltr'>stylus,</span> <span class='ocrx_word' id='word_1_260' title='bbox 1086 1746 1170 1802; x_wconf 92' lang='lat' dir='ltr'>tertio</span> <span class='ocrx_word' id='word_1_261' title='bbox 1191 1745 1344 1817; x_wconf 90' lang='lat' dir='ltr'>spondeus,</span> <span class='ocrx_word' id='word_1_262' title='bbox 1361 1748 1463 1815; x_wconf 89' lang='lat' dir='ltr'>quarto</span> <span class='ocrx_word' id='word_1_263' title='bbox 1480 1744 1608 1814; x_wconf 87' lang='lat' dir='ltr'>dactylus</span> <span class='ocrx_word' id='word_1_264' title='bbox 1628 1748 1816 1800; x_wconf 87' lang='lat' dir='ltr'>annumerato</span> 
     </span>
     <span class='ocr_line' id='line_1_19' title="bbox 58 1832 1814 1907; baseline 0.001 -20"><span class='ocrx_word' id='word_1_265' title='bbox 58 1847 120 1888; x_wconf 90' lang='lat' dir='ltr'>uon</span> <span class='ocrx_word' id='word_1_266' title='bbox 130 1835 235 1904; x_wconf 89' lang='lat' dir='ltr'>potest.</span> <span class='ocrx_word' id='word_1_267' title='bbox 964 1840 1032 1907; x_wconf 89' lang='lat' dir='ltr'>post</span> <span class='ocrx_word' id='word_1_268' title='bbox 1044 1835 1161 1906; x_wconf 80' lang='lat' dir='ltr'>leugam</span> <span class='ocrx_word' id='word_1_269' title='bbox 1179 1832 1304 1903; x_wconf 87' lang='lat' dir='ltr'>silentio,</span> <span class='ocrx_word' id='word_1_270' title='bbox 1327 1832 1396 1904; x_wconf 90' lang='lat' dir='ltr'>quia</span> <span class='ocrx_word' id='word_1_271' title='bbox 1409 1837 1474 1904; x_wconf 90' lang='lat' dir='ltr'>post</span> <span class='ocrx_word' id='word_1_272' title='bbox 1485 1847 1602 1888; x_wconf 85' lang='lat' dir='ltr'>orarem</span> <span class='ocrx_word' id='word_1_273' title='bbox 1617 1848 1675 1889; x_wconf 91' lang='lat' dir='ltr'>nou</span> <span class='ocrx_word' id='word_1_274' title='bbox 1690 1836 1814 1904; x_wconf 87' lang='lat' dir='ltr'>oportet,</span> 
     </span>
    </p>
   </div>
   <div class='ocr_carea' id='block_1_3' title="bbox 171 1920 1816 2088">
    <p class='ocr_par' dir='ltr' id='par_1_4' title="bbox 171 1920 1816 2088">
     <span class='ocr_line' id='line_1_20' title="bbox 171 1920 1816 1996; baseline -0.005 -12"><span class='ocrx_word' id='word_1_275' title='bbox 171 1929 284 1986; x_wconf 78' lang='lat' dir='ltr'><strong>CAPUT</strong></span> <span class='ocrx_word' id='word_1_276' title='bbox 298 1931 353 1985; x_wconf 84' lang='lat' dir='ltr'>XV.</span> <span class='ocrx_word' id='word_1_277' title='bbox 368 1960 403 1970; x_wconf 90' lang='lat'><em>-</em></span> <span class='ocrx_word' id='word_1_278' title='bbox 417 1931 483 1986; x_wconf 82' lang='lat' dir='ltr'>Item</span> <span class='ocrx_word' id='word_1_279' title='bbox 497 1928 530 1984; x_wconf 80' lang='lat' dir='ltr'>de</span> <span class='ocrx_word' id='word_1_280' title='bbox 544 1931 650 1985; x_wconf 82' lang='lat' dir='ltr'>silentio</span> <span class='ocrx_word' id='word_1_281' title='bbox 663 1932 693 1985; x_wconf 79' lang='lat' dir='ltr'>iu</span> <span class='ocrx_word' id='word_1_282' title='bbox 707 1933 800 1986; x_wconf 79' lang='lat' dir='ltr'>metris</span> <span class='ocrx_word' id='word_1_283' title='bbox 966 1924 1067 1996; x_wconf 89' lang='lat' dir='ltr'>quinto</span> <span class='ocrx_word' id='word_1_284' title='bbox 1088 1923 1240 1994; x_wconf 90' lang='lat' dir='ltr'>spondeus,</span> <span class='ocrx_word' id='word_1_285' title='bbox 1265 1925 1343 1976; x_wconf 85' lang='lat' dir='ltr'>sarto</span> <span class='ocrx_word' id='word_1_286' title='bbox 1366 1920 1504 1991; x_wconf 89' lang='lat' dir='ltr'>dactylus,</span> <span class='ocrx_word' id='word_1_287' title='bbox 1529 1920 1632 1976; x_wconf 86' lang='lat' dir='ltr'>ultima</span> <span class='ocrx_word' id='word_1_288' title='bbox 1651 1921 1740 1992; x_wconf 76' lang='lat' dir='ltr'>longa</span> <span class='ocrx_word' id='word_1_289' title='bbox 1758 1937 1816 1992; x_wconf 87' lang='lat' dir='ltr'>qua</span> 
     </span>
     <span class='ocr_line' id='line_1_21' title="bbox 383 2008 1815 2088; baseline -0.007 -15"><span class='ocrx_word' id='word_1_290' title='bbox 383 2017 585 2088; x_wconf 80' lang='lat' dir='ltr'>interponendo.</span> <span class='ocrx_word' id='word_1_291' title='bbox 965 2027 1103 2067; x_wconf 90' lang='lat' dir='ltr'>uumerus</span> <span class='ocrx_word' id='word_1_292' title='bbox 1113 2009 1265 2077; x_wconf 82' lang='lat' dir='ltr'>clauditur,</span> <span class='ocrx_word' id='word_1_293' title='bbox 1280 2008 1325 2063; x_wconf 91' lang='lat' dir='ltr'>cui</span> <span class='ocrx_word' id='word_1_294' title='bbox 1338 2009 1396 2063; x_wconf 92' lang='lat' dir='ltr'>duo</span> <span class='ocrx_word' id='word_1_295' title='bbox 1406 2011 1537 2079; x_wconf 89' lang='lat' dir='ltr'>tempora</span> <span class='ocrx_word' id='word_1_296' title='bbox 1547 2008 1643 2063; x_wconf 89' lang='lat' dir='ltr'>debita</span> <span class='ocrx_word' id='word_1_297' title='bbox 1652 2008 1773 2063; x_wconf 88' lang='lat' dir='ltr'>silentur</span> <span class='ocrx_word' id='word_1_298' title='bbox 1784 2008 1815 2063; x_wconf 94' lang='lat' dir='ltr'>iu</span> 
     </span>
    </p>
   </div>
   <div class='ocr_carea' id='block_1_4' title="bbox 48 2105 912 4376">
    <p class='ocr_par' dir='ltr' id='par_1_5' title="bbox 57 2105 911 3063">
     <span class='ocr_line' id='line_1_22' title="bbox 96 2105 911 2177; baseline 0.002 -17"><span class='ocrx_word' id='word_1_299' title='bbox 96 2109 145 2163; x_wconf 74' lang='lat'>25.</span> <span class='ocrx_word' id='word_1_300' title='bbox 164 2106 206 2162; x_wconf 91' lang='lat' dir='ltr'>Sit</span> <span class='ocrx_word' id='word_1_301' title='bbox 216 2106 270 2161; x_wconf 89' lang='lat' dir='ltr'>hoc</span> <span class='ocrx_word' id='word_1_302' title='bbox 282 2107 368 2161; x_wconf 88' lang='lat' dir='ltr'>eliam</span> <span class='ocrx_word' id='word_1_303' title='bbox 385 2106 592 2177; x_wconf 89' lang='lat' dir='ltr'>indisciplina,</span> <span class='ocrx_word' id='word_1_304' title='bbox 612 2111 644 2161; x_wconf 87' lang='lat' dir='ltr'>ut</span> <span class='ocrx_word' id='word_1_305' title='bbox 661 2122 727 2162; x_wconf 88' lang='lat' dir='ltr'>cum</span> <span class='ocrx_word' id='word_1_306' title='bbox 743 2109 808 2162; x_wconf 92' lang='lat' dir='ltr'>ante</span> <span class='ocrx_word' id='word_1_307' title='bbox 822 2105 911 2162; x_wconf 86' lang='lat' dir='ltr'>fluam</span> 
     </span>
     <span class='ocr_line' id='line_1_23' title="bbox 60 2196 909 2268; baseline 0.002 -17"><span class='ocrx_word' id='word_1_308' title='bbox 60 2196 188 2265; x_wconf 90' lang='lat' dir='ltr'>silemus,</span> <span class='ocrx_word' id='word_1_309' title='bbox 203 2212 261 2251; x_wconf 91' lang='lat' dir='ltr'>nou</span> <span class='ocrx_word' id='word_1_310' title='bbox 274 2196 315 2251; x_wconf 92' lang='lat' dir='ltr'>ibi</span> <span class='ocrx_word' id='word_1_311' title='bbox 328 2212 394 2268; x_wconf 91' lang='lat' dir='ltr'>pars</span> <span class='ocrx_word' id='word_1_312' title='bbox 409 2196 545 2251; x_wconf 88' lang='lat' dir='ltr'>orationis</span> <span class='ocrx_word' id='word_1_313' title='bbox 558 2196 637 2252; x_wconf 84' lang='lat' dir='ltr'>bravi</span> <span class='ocrx_word' id='word_1_314' title='bbox 651 2196 758 2268; x_wconf 90' lang='lat' dir='ltr'>syllaba</span> <span class='ocrx_word' id='word_1_315' title='bbox 772 2196 909 2254; x_wconf 89' lang='lat' dir='ltr'>termine·</span> 
     </span>
     <span class='ocr_line' id='line_1_24' title="bbox 60 2284 910 2358; baseline 0.001 -18"><span class='ocrx_word' id='word_1_316' title='bbox 60 2289 118 2352; x_wconf 87' lang='lat' dir='ltr'>tor,</span> <span class='ocrx_word' id='word_1_317' title='bbox 135 2301 171 2340; x_wconf 89' lang='lat' dir='ltr'>ue</span> <span class='ocrx_word' id='word_1_318' title='bbox 193 2285 349 2340; x_wconf 62' lang='lat' dir='ltr'>meandum</span> <span class='ocrx_word' id='word_1_319' title='bbox 369 2284 449 2340; x_wconf 90' lang='lat' dir='ltr'>illam</span> <span class='ocrx_word' id='word_1_320' title='bbox 463 2300 538 2356; x_wconf 78' lang='lat' dir='ltr'>sapa</span> <span class='ocrx_word' id='word_1_321' title='bbox 557 2289 811 2342; x_wconf 88' lang='lat' dir='ltr'>commemoratam</span> <span class='ocrx_word' id='word_1_322' title='bbox 824 2301 910 2358; x_wconf 79' lang='lat' dir='ltr'>regu·</span> 
     </span>
     <span class='ocr_line' id='line_1_25' title="bbox 60 2372 908 2446; baseline 0.002 -19"><span class='ocrx_word' id='word_1_323' title='bbox 60 2372 131 2439; x_wconf 92' lang='lat' dir='ltr'>lam,</span> <span class='ocrx_word' id='word_1_324' title='bbox 142 2388 194 2445; x_wconf 91' lang='lat' dir='ltr'>pro</span> <span class='ocrx_word' id='word_1_325' title='bbox 208 2373 294 2444; x_wconf 78' lang='lat' dir='ltr'>longa</span> <span class='ocrx_word' id='word_1_326' title='bbox 308 2388 373 2427; x_wconf 87' lang='lat' dir='ltr'>eam</span> <span class='ocrx_word' id='word_1_327' title='bbox 387 2388 486 2428; x_wconf 90' lang='lat' dir='ltr'>seusus</span> <span class='ocrx_word' id='word_1_328' title='bbox 498 2373 626 2445; x_wconf 88' lang='lat' dir='ltr'>accipiat,</span> <span class='ocrx_word' id='word_1_329' title='bbox 637 2378 774 2446; x_wconf 85' lang='lat' dir='ltr'>sequente</span> <span class='ocrx_word' id='word_1_330' title='bbox 785 2373 908 2429; x_wconf 85' lang='lat' dir='ltr'>silentio.</span> 
     </span>
     <span class='ocr_line' id='line_1_26' title="bbox 59 2461 910 2533; baseline 0 -17"><span class='ocrx_word' id='word_1_331' title='bbox 59 2462 160 2532; x_wconf 88' lang='lat' dir='ltr'>Itaque</span> <span class='ocrx_word' id='word_1_332' title='bbox 174 2461 205 2515; x_wconf 91' lang='lat' dir='ltr'>iu</span> <span class='ocrx_word' id='word_1_333' title='bbox 219 2461 274 2516; x_wconf 91' lang='lat' dir='ltr'>hoc</span> <span class='ocrx_word' id='word_1_334' title='bbox 290 2466 394 2529; x_wconf 88' lang='lat' dir='ltr'>metro,</span> <span class='ocrx_word' id='word_1_335' title='bbox 409 2461 544 2517; x_wconf 80' lang='lat' dir='ltr'>hiantibus</span> <span class='ocrx_word' id='word_1_336' title='bbox 558 2464 656 2529; x_wconf 63' lang='lat' dir='ltr'>acuns,</span> <span class='ocrx_word' id='word_1_337' title='bbox 676 2478 734 2517; x_wconf 91' lang='lat' dir='ltr'>uon</span> <span class='ocrx_word' id='word_1_338' title='bbox 757 2478 910 2533; x_wconf 89' lang='lat' dir='ltr'>possumus</span> 
     </span>
     <span class='ocr_line' id='line_1_27' title="bbox 59 2549 910 2624; baseline 0.005 -22"><span class='ocrx_word' id='word_1_339' title='bbox 59 2549 145 2604; x_wconf 88' lang='lat' dir='ltr'>silere</span> <span class='ocrx_word' id='word_1_340' title='bbox 157 2553 225 2620; x_wconf 89' lang='lat' dir='ltr'>post</span> <span class='ocrx_word' id='word_1_341' title='bbox 238 2549 383 2621; x_wconf 84' lang='lat' dir='ltr'>dactylum</span> <span class='ocrx_word' id='word_1_342' title='bbox 402 2556 516 2623; x_wconf 88' lang='lat' dir='ltr'>tempus</span> <span class='ocrx_word' id='word_1_343' title='bbox 535 2566 638 2621; x_wconf 91' lang='lat' dir='ltr'>uuum,</span> <span class='ocrx_word' id='word_1_344' title='bbox 657 2552 733 2623; x_wconf 85' lang='lat' dir='ltr'>quod</span> <span class='ocrx_word' id='word_1_345' title='bbox 746 2557 811 2624; x_wconf 88' lang='lat' dir='ltr'>post</span> <span class='ocrx_word' id='word_1_346' title='bbox 824 2567 910 2622; x_wconf 89' lang='lat' dir='ltr'>spou-</span> 
     </span>
     <span class='ocr_line' id='line_1_28' title="bbox 57 2637 909 2711; baseline 0.001 -18"><span class='ocrx_word' id='word_1_347' title='bbox 57 2638 145 2693; x_wconf 90' lang='lat' dir='ltr'>daum</span> <span class='ocrx_word' id='word_1_348' title='bbox 160 2637 190 2692; x_wconf 91' lang='lat' dir='ltr'>in</span> <span class='ocrx_word' id='word_1_349' title='bbox 203 2639 350 2709; x_wconf 82' lang='lat' dir='ltr'>superiore</span> <span class='ocrx_word' id='word_1_350' title='bbox 369 2643 550 2710; x_wconf 79' lang='lat' dir='ltr'>poteramus3</span> <span class='ocrx_word' id='word_1_351' title='bbox 566 2656 602 2695; x_wconf 92' lang='lat' dir='ltr'>ne</span> <span class='ocrx_word' id='word_1_352' title='bbox 617 2654 675 2695; x_wconf 92' lang='lat' dir='ltr'>uon</span> <span class='ocrx_word' id='word_1_353' title='bbox 691 2641 752 2711; x_wconf 89' lang='lat' dir='ltr'>jam</span> <span class='ocrx_word' id='word_1_354' title='bbox 771 2638 909 2711; x_wconf 89' lang='lat' dir='ltr'>dactylus,</span> 
     </span>
     <span class='ocr_line' id='line_1_29' title="bbox 58 2725 910 2800; baseline 0.002 -20"><span class='ocrx_word' id='word_1_355' title='bbox 58 2726 111 2781; x_wconf 89' lang='lat' dir='ltr'>sad</span> <span class='ocrx_word' id='word_1_356' title='bbox 125 2725 246 2781; x_wconf 86' lang='lat' dir='ltr'>creticus</span> <span class='ocrx_word' id='word_1_357' title='bbox 267 2727 422 2783; x_wconf 90' lang='lat' dir='ltr'>sentiatur:</span> <span class='ocrx_word' id='word_1_358' title='bbox 445 2731 530 2800; x_wconf 87' lang='lat' dir='ltr'>atqua</span> <span class='ocrx_word' id='word_1_359' title='bbox 551 2729 591 2783; x_wconf 89' lang='lat' dir='ltr'>ita</span> <span class='ocrx_word' id='word_1_360' title='bbox 615 2745 673 2783; x_wconf 90' lang='lat' dir='ltr'>uon</span> <span class='ocrx_word' id='word_1_361' title='bbox 688 2729 799 2784; x_wconf 89' lang='lat' dir='ltr'>duobus</span> <span class='ocrx_word' id='word_1_362' title='bbox 814 2728 910 2783; x_wconf 89' lang='lat' dir='ltr'>minus</span> 
     </span>
     <span class='ocr_line' id='line_1_30' title="bbox 57 2814 910 2888; baseline 0.001 -19"><span class='ocrx_word' id='word_1_363' title='bbox 57 2814 155 2886; x_wconf 88' lang='lat' dir='ltr'>planis</span> <span class='ocrx_word' id='word_1_364' title='bbox 168 2815 300 2886; x_wconf 88' lang='lat' dir='ltr'>pedibus,</span> <span class='ocrx_word' id='word_1_365' title='bbox 319 2817 397 2888; x_wconf 90' lang='lat' dir='ltr'>quod</span> <span class='ocrx_word' id='word_1_366' title='bbox 410 2832 489 2871; x_wconf 88' lang='lat' dir='ltr'>nunc</span> <span class='ocrx_word' id='word_1_367' title='bbox 502 2817 742 2883; x_wconf 90' lang='lat' dir='ltr'>demonstramus,</span> <span class='ocrx_word' id='word_1_368' title='bbox 759 2816 809 2872; x_wconf 90' lang='lat' dir='ltr'>sad</span> <span class='ocrx_word' id='word_1_369' title='bbox 823 2816 910 2888; x_wconf 90' lang='lat' dir='ltr'>pleno</span> 
     </span>
     <span class='ocr_line' id='line_1_31' title="bbox 58 2903 908 2976; baseline -0.002 -17"><span class='ocrx_word' id='word_1_370' title='bbox 58 2903 189 2959; x_wconf 86' lang='lat' dir='ltr'>dichorio</span> <span class='ocrx_word' id='word_1_371' title='bbox 200 2906 229 2958; x_wconf 86' lang='lat' dir='ltr'>at</span> <span class='ocrx_word' id='word_1_372' title='bbox 243 2903 344 2959; x_wconf 91' lang='lat' dir='ltr'>ultimo</span> <span class='ocrx_word' id='word_1_373' title='bbox 356 2905 482 2976; x_wconf 87' lang='lat' dir='ltr'>spondeo</span> <span class='ocrx_word' id='word_1_374' title='bbox 494 2908 620 2960; x_wconf 90' lang='lat' dir='ltr'>matrum</span> <span class='ocrx_word' id='word_1_375' title='bbox 630 2909 759 2960; x_wconf 81' lang='lat' dir='ltr'>constare</span> <span class='ocrx_word' id='word_1_376' title='bbox 771 2905 908 2972; x_wconf 87' lang='lat' dir='ltr'>ridentur,</span> 
     </span>
     <span class='ocr_line' id='line_1_32' title="bbox 57 2990 743 3063; baseline 0.001 -17"><span class='ocrx_word' id='word_1_377' title='bbox 57 2991 150 3046; x_wconf 91' lang='lat' dir='ltr'>duum</span> <span class='ocrx_word' id='word_1_378' title='bbox 164 2995 329 3063; x_wconf 89' lang='lat' dir='ltr'>tcmpomm</span> <span class='ocrx_word' id='word_1_379' title='bbox 343 2992 456 3047; x_wconf 87' lang='lat' dir='ltr'>silentio</span> <span class='ocrx_word' id='word_1_380' title='bbox 472 2993 502 3047; x_wconf 95' lang='lat' dir='ltr'>in</span> <span class='ocrx_word' id='word_1_381' title='bbox 517 2990 574 3048; x_wconf 86' lang='lat' dir='ltr'>tina</span> <span class='ocrx_word' id='word_1_382' title='bbox 588 2993 743 3049; x_wconf 84' lang='lat' dir='ltr'>reddendo.</span> 
     </span>
    </p>

    <p class='ocr_par' dir='ltr' id='par_1_6' title="bbox 48 3078 912 4212">
     <span class='ocr_line' id='line_1_33' title="bbox 94 3078 912 3153; baseline 0 -19"><span class='ocrx_word' id='word_1_383' title='bbox 94 3081 141 3136; x_wconf 78' lang='grc'>26.</span> <span class='ocrx_word' id='word_1_384' title='bbox 157 3080 211 3136; x_wconf 89' lang='lat' dir='ltr'>Sed</span> <span class='ocrx_word' id='word_1_385' title='bbox 226 3080 298 3137; x_wconf 89' lang='lat' dir='ltr'>illud</span> <span class='ocrx_word' id='word_1_386' title='bbox 312 3081 472 3136; x_wconf 90' lang='lat' dir='ltr'>notandum</span> <span class='ocrx_word' id='word_1_387' title='bbox 487 3085 538 3147; x_wconf 89' lang='lat' dir='ltr'>cst,</span> <span class='ocrx_word' id='word_1_388' title='bbox 553 3081 582 3136; x_wconf 93' lang='lat' dir='ltr'>in</span> <span class='ocrx_word' id='word_1_389' title='bbox 597 3080 843 3153; x_wconf 85' lang='lat' dir='ltr'>principioposito</span> <span class='ocrx_word' id='word_1_390' title='bbox 859 3078 912 3134; x_wconf 93' lang='lat' dir='ltr'>mi·</span> 
     </span>
     <span class='ocr_line' id='line_1_34' title="bbox 58 3167 910 3242; baseline -0.001 -17"><span class='ocrx_word' id='word_1_391' title='bbox 58 3184 117 3225; x_wconf 90' lang='lat' dir='ltr'>uus</span> <span class='ocrx_word' id='word_1_392' title='bbox 128 3170 214 3242; x_wconf 90' lang='lat' dir='ltr'>pleno</span> <span class='ocrx_word' id='word_1_393' title='bbox 226 3169 303 3242; x_wconf 88' lang='lat' dir='ltr'>padi,</span> <span class='ocrx_word' id='word_1_394' title='bbox 320 3174 370 3225; x_wconf 92' lang='lat' dir='ltr'>aut</span> <span class='ocrx_word' id='word_1_395' title='bbox 384 3169 491 3225; x_wconf 89' lang='lat' dir='ltr'>ibidem</span> <span class='ocrx_word' id='word_1_396' title='bbox 505 3170 586 3226; x_wconf 90' lang='lat' dir='ltr'>reddi</span> <span class='ocrx_word' id='word_1_397' title='bbox 602 3169 731 3226; x_wconf 89' lang='lat' dir='ltr'>debiturn</span> <span class='ocrx_word' id='word_1_398' title='bbox 751 3184 805 3241; x_wconf 89' lang='lat' dir='ltr'>per</span> <span class='ocrx_word' id='word_1_399' title='bbox 822 3167 910 3224; x_wconf 89' lang='lat' dir='ltr'>silen-</span> 
     </span>
     <span class='ocr_line' id='line_1_35' title="bbox 56 3257 911 3328; baseline -0.004 -15"><span class='ocrx_word' id='word_1_400' title='bbox 56 3257 145 3324; x_wconf 89' lang='lat' dir='ltr'>tium,</span> <span class='ocrx_word' id='word_1_401' title='bbox 159 3257 242 3312; x_wconf 88' lang='lat' dir='ltr'>sicuti</span> <span class='ocrx_word' id='word_1_402' title='bbox 257 3262 310 3325; x_wconf 86' lang='lat' dir='ltr'>est,</span> <span class='ocrx_word' id='word_1_403' title='bbox 327 3260 388 3313; x_wconf 87' lang='lat' dir='ltr'>Jam</span> <span class='ocrx_word' id='word_1_404' title='bbox 402 3261 469 3313; x_wconf 88' lang='lat' dir='ltr'>satis</span> <span class='ocrx_word' id='word_1_405' title='bbox 485 3261 565 3314; x_wconf 71' lang='lat' dir='ltr'>tamis</span> <span class='ocrx_word' id='word_1_406' title='bbox 577 3260 650 3314; x_wconf 83' lang='lat' dir='ltr'>uisis</span> <span class='ocrx_word' id='word_1_407' title='bbox 664 3262 745 3328; x_wconf 82' lang='lat' dir='ltr'>utque</span> <span class='ocrx_word' id='word_1_408' title='bbox 759 3258 844 3312; x_wconf 80' lang='lat' dir='ltr'>dirae:</span> <span class='ocrx_word' id='word_1_409' title='bbox 860 3260 911 3311; x_wconf 87' lang='lat' dir='ltr'>ant</span> 
     </span>
     <span class='ocr_line' id='line_1_36' title="bbox 56 3345 909 3416; baseline -0.001 -15"><span class='ocrx_word' id='word_1_410' title='bbox 56 3345 89 3401; x_wconf 88' lang='lat' dir='ltr'>iu</span> <span class='ocrx_word' id='word_1_411' title='bbox 104 3345 172 3412; x_wconf 89' lang='lat' dir='ltr'>fine,</span> <span class='ocrx_word' id='word_1_412' title='bbox 188 3347 276 3409; x_wconf 79' lang='lat' dir='ltr'>velut,</span> <span class='ocrx_word' id='word_1_413' title='bbox 295 3347 401 3415; x_wconf 78' lang='lat' dir='ltr'>Sepetes</span> <span class='ocrx_word' id='word_1_414' title='bbox 414 3363 488 3402; x_wconf 84' lang='lat' dir='ltr'>meus</span> <span class='ocrx_word' id='word_1_415' title='bbox 501 3347 585 3402; x_wconf 82' lang='lat' dir='ltr'>tabor.</span> <span class='ocrx_word' id='word_1_416' title='bbox 606 3347 698 3402; x_wconf 85' lang='lat' dir='ltr'>llinus</span> <span class='ocrx_word' id='word_1_417' title='bbox 713 3350 809 3402; x_wconf 90' lang='lat' dir='ltr'>autem</span> <span class='ocrx_word' id='word_1_418' title='bbox 823 3345 909 3416; x_wconf 89' lang='lat' dir='ltr'>pleno</span> 
     </span>
     <span class='ocr_line' id='line_1_37' title="bbox 56 3433 909 3506; baseline -0.002 -16"><span class='ocrx_word' id='word_1_419' title='bbox 56 3434 129 3506; x_wconf 89' lang='lat' dir='ltr'>pedi</span> <span class='ocrx_word' id='word_1_420' title='bbox 142 3434 193 3506; x_wconf 86' lang='lat' dir='ltr'>qui</span> <span class='ocrx_word' id='word_1_421' title='bbox 210 3434 241 3489; x_wconf 90' lang='lat' dir='ltr'>iu</span> <span class='ocrx_word' id='word_1_422' title='bbox 253 3434 310 3490; x_wconf 88' lang='lat' dir='ltr'>tina</span> <span class='ocrx_word' id='word_1_423' title='bbox 325 3435 452 3506; x_wconf 89' lang='lat' dir='ltr'>ponitur,</span> <span class='ocrx_word' id='word_1_424' title='bbox 468 3440 519 3490; x_wconf 89' lang='lat' dir='ltr'>aut</span> <span class='ocrx_word' id='word_1_425' title='bbox 536 3435 644 3492; x_wconf 89' lang='lat' dir='ltr'>ibidem</span> <span class='ocrx_word' id='word_1_426' title='bbox 657 3434 770 3490; x_wconf 88' lang='lat' dir='ltr'>restitui</span> <span class='ocrx_word' id='word_1_427' title='bbox 783 3433 909 3504; x_wconf 89' lang='lat' dir='ltr'>silentio,</span> 
     </span>
     <span class='ocr_line' id='line_1_38' title="bbox 56 3521 911 3594; baseline 0.001 -19"><span class='ocrx_word' id='word_1_428' title='bbox 56 3522 139 3594; x_wconf 85' lang='lat' dir='ltr'>quod</span> <span class='ocrx_word' id='word_1_429' title='bbox 161 3522 288 3588; x_wconf 85' lang='lat' dir='ltr'>debetur,</span> <span class='ocrx_word' id='word_1_430' title='bbox 305 3526 338 3576; x_wconf 91' lang='lat' dir='ltr'>ut</span> <span class='ocrx_word' id='word_1_431' title='bbox 355 3522 385 3577; x_wconf 94' lang='lat' dir='ltr'>in</span> <span class='ocrx_word' id='word_1_432' title='bbox 398 3521 458 3591; x_wconf 89' lang='lat' dir='ltr'>illo,</span> <span class='ocrx_word' id='word_1_433' title='bbox 477 3524 516 3579; x_wconf 87' lang='lat' dir='ltr'>lte</span> <span class='ocrx_word' id='word_1_434' title='bbox 529 3526 617 3592; x_wconf 77' lang='lat' dir='ltr'>ipitur</span> <span class='ocrx_word' id='word_1_435' title='bbox 639 3525 786 3581; x_wconf 75' lang='lat' dir='ltr'>Cumana:</span> <span class='ocrx_word' id='word_1_436' title='bbox 808 3527 858 3577; x_wconf 89' lang='lat' dir='ltr'>aut</span> <span class='ocrx_word' id='word_1_437' title='bbox 879 3522 911 3577; x_wconf 91' lang='lat' dir='ltr'>in</span> 
     </span>
     <span class='ocr_line' id='line_1_39' title="bbox 56 3609 909 3681; baseline -0.001 -16"><span class='ocrx_word' id='word_1_438' title='bbox 56 3609 158 3681; x_wconf 88' lang='lat' dir='ltr'>aliquo</span> <span class='ocrx_word' id='word_1_439' title='bbox 172 3611 207 3665; x_wconf 91' lang='lat' dir='ltr'>da</span> <span class='ocrx_word' id='word_1_440' title='bbox 221 3610 322 3665; x_wconf 88' lang='lat' dir='ltr'>mediis</span> <span class='ocrx_word' id='word_1_441' title='bbox 335 3611 408 3677; x_wconf 88' lang='lat' dir='ltr'>loco,</span> <span class='ocrx_word' id='word_1_442' title='bbox 426 3610 514 3665; x_wconf 81' lang='lat' dir='ltr'>relrrti</span> <span class='ocrx_word' id='word_1_443' title='bbox 527 3611 557 3665; x_wconf 90' lang='lat' dir='ltr'>iu</span> <span class='ocrx_word' id='word_1_444' title='bbox 572 3611 636 3679; x_wconf 91' lang='lat' dir='ltr'>hoe,</span> <span class='ocrx_word' id='word_1_445' title='bbox 656 3613 708 3667; x_wconf 79' lang='lat' dir='ltr'>Ver</span> <span class='ocrx_word' id='word_1_446' title='bbox 723 3610 852 3666; x_wconf 84' lang='lat' dir='ltr'>blondum</span> <span class='ocrx_word' id='word_1_447' title='bbox 866 3613 909 3667; x_wconf 83' lang='lat' dir='ltr'>oi-</span> 
     </span>
     <span class='ocr_line' id='line_1_40' title="bbox 56 3698 909 3770; baseline 0.001 -17"><span class='ocrx_word' id='word_1_448' title='bbox 56 3701 201 3767; x_wconf 78' lang='lat' dir='ltr'>qeturois,</span> <span class='ocrx_word' id='word_1_449' title='bbox 219 3698 297 3754; x_wconf 86' lang='lat' dir='ltr'>adest</span> <span class='ocrx_word' id='word_1_450' title='bbox 315 3700 409 3768; x_wconf 86' lang='lat' dir='ltr'>bospcs</span> <span class='ocrx_word' id='word_1_451' title='bbox 429 3698 556 3754; x_wconf 81' lang='lat' dir='ltr'>hirundo.</span> <span class='ocrx_word' id='word_1_452' title='bbox 578 3701 673 3755; x_wconf 82' lang='lat' dir='ltr'>Unum</span> <span class='ocrx_word' id='word_1_453' title='bbox 695 3698 771 3754; x_wconf 90' lang='lat' dir='ltr'>anim</span> <span class='ocrx_word' id='word_1_454' title='bbox 795 3704 909 3770; x_wconf 89' lang='lat' dir='ltr'>tempus</span> 
     </span>
     <span class='ocr_line' id='line_1_41' title="bbox 56 3787 910 3860; baseline 0.002 -19"><span class='ocrx_word' id='word_1_455' title='bbox 56 3787 137 3858; x_wconf 90' lang='lat' dir='ltr'>quod</span> <span class='ocrx_word' id='word_1_456' title='bbox 152 3787 273 3842; x_wconf 90' lang='lat' dir='ltr'>debetur</span> <span class='ocrx_word' id='word_1_457' title='bbox 284 3787 386 3842; x_wconf 90' lang='lat' dir='ltr'>ultimo</span> <span class='ocrx_word' id='word_1_458' title='bbox 399 3788 526 3849; x_wconf 84' lang='lat' dir='ltr'>bacchio,</span> <span class='ocrx_word' id='word_1_459' title='bbox 544 3787 590 3843; x_wconf 77' lang='lat' dir='ltr'>rel</span> <span class='ocrx_word' id='word_1_460' title='bbox 610 3791 675 3860; x_wconf 92' lang='lat' dir='ltr'>post</span> <span class='ocrx_word' id='word_1_461' title='bbox 692 3791 785 3843; x_wconf 89' lang='lat' dir='ltr'>totum</span> <span class='ocrx_word' id='word_1_462' title='bbox 803 3802 910 3843; x_wconf 85' lang='lat' dir='ltr'>uume-</span> 
     </span>
     <span class='ocr_line' id='line_1_42' title="bbox 48 3873 909 3949; baseline 0.001 -19"><span class='ocrx_word' id='word_1_463' title='bbox 48 3890 125 3943; x_wconf 63' lang='lat' dir='ltr'>‚rum</span> <span class='ocrx_word' id='word_1_464' title='bbox 135 3873 212 3930; x_wconf 89' lang='lat' dir='ltr'>sileri</span> <span class='ocrx_word' id='word_1_465' title='bbox 221 3879 326 3946; x_wconf 88' lang='lat' dir='ltr'>potest,</span> <span class='ocrx_word' id='word_1_466' title='bbox 337 3876 381 3930; x_wconf 82' lang='lat' dir='ltr'>rel</span> <span class='ocrx_word' id='word_1_467' title='bbox 390 3883 456 3946; x_wconf 91' lang='lat' dir='ltr'>post</span> <span class='ocrx_word' id='word_1_468' title='bbox 468 3876 595 3946; x_wconf 92' lang='lat' dir='ltr'>primum</span> <span class='ocrx_word' id='word_1_469' title='bbox 605 3878 665 3946; x_wconf 85' lang='lat' dir='ltr'>ejus</span> <span class='ocrx_word' id='word_1_470' title='bbox 680 3876 791 3931; x_wconf 89' lang='lat' dir='ltr'>numeri</span> <span class='ocrx_word' id='word_1_471' title='bbox 806 3876 909 3949; x_wconf 89' lang='lat' dir='ltr'>pedem</span> 
     </span>
     <span class='ocr_line' id='line_1_43' title="bbox 55 3961 910 4029; baseline 0.001 -12"><span class='ocrx_word' id='word_1_472' title='bbox 55 3961 227 4029; x_wconf 87' lang='lat' dir='ltr'>molossum,</span> <span class='ocrx_word' id='word_1_473' title='bbox 251 3963 296 4018; x_wconf 80' lang='lat' dir='ltr'>vel</span> <span class='ocrx_word' id='word_1_474' title='bbox 317 3961 472 4017; x_wconf 88' lang='lat' dir='ltr'>secundum</span> <span class='ocrx_word' id='word_1_475' title='bbox 495 3963 622 4018; x_wconf 88' lang='lat' dir='ltr'>ionicum</span> <span class='ocrx_word' id='word_1_476' title='bbox 646 3980 662 4018; x_wconf 91' lang='lat' dir='ltr'>a</span> <span class='ocrx_word' id='word_1_477' title='bbox 684 3963 803 4018; x_wconf 87' lang='lat' dir='ltr'>minore.</span> <span class='ocrx_word' id='word_1_478' title='bbox 828 3962 910 4028; x_wconf 87' lang='lat' dir='ltr'>Quod</span> 
     </span>
     <span class='ocr_line' id='line_1_44' title="bbox 55 4050 909 4123; baseline 0.001 -19"><span class='ocrx_word' id='word_1_479' title='bbox 55 4065 127 4106; x_wconf 80' lang='lat' dir='ltr'>vero</span> <span class='ocrx_word' id='word_1_480' title='bbox 140 4050 240 4105; x_wconf 90' lang='lat' dir='ltr'>mediis</span> <span class='ocrx_word' id='word_1_481' title='bbox 254 4051 327 4106; x_wconf 83' lang='lat' dir='ltr'>forta</span> <span class='ocrx_word' id='word_1_482' title='bbox 342 4051 438 4105; x_wconf 90' lang='lat' dir='ltr'>miuus</span> <span class='ocrx_word' id='word_1_483' title='bbox 452 4052 546 4122; x_wconf 91' lang='lat' dir='ltr'>plenis</span> <span class='ocrx_word' id='word_1_484' title='bbox 556 4050 677 4123; x_wconf 87' lang='lat' dir='ltr'>pedibus</span> <span class='ocrx_word' id='word_1_485' title='bbox 687 4051 775 4106; x_wconf 88' lang='lat' dir='ltr'>debiti</span> <span class='ocrx_word' id='word_1_486' title='bbox 785 4055 837 4118; x_wconf 90' lang='lat' dir='ltr'>ast,</span> <span class='ocrx_word' id='word_1_487' title='bbox 850 4067 909 4106; x_wconf 88' lang='lat' dir='ltr'>non</span> 
     </span>
     <span class='ocr_line' id='line_1_45' title="bbox 56 4138 557 4212; baseline -0.002 -17"><span class='ocrx_word' id='word_1_488' title='bbox 56 4138 116 4195; x_wconf 84' lang='lat' dir='ltr'>nisi</span> <span class='ocrx_word' id='word_1_489' title='bbox 130 4138 237 4194; x_wconf 89' lang='lat' dir='ltr'>ibidem</span> <span class='ocrx_word' id='word_1_490' title='bbox 248 4141 328 4196; x_wconf 89' lang='lat' dir='ltr'>reddi</span> <span class='ocrx_word' id='word_1_491' title='bbox 342 4144 436 4212; x_wconf 83' lang='lat' dir='ltr'>potest</span> <span class='ocrx_word' id='word_1_492' title='bbox 445 4157 453 4195; x_wconf 76' lang='lat' dir='ltr'>s</span> <span class='ocrx_word' id='word_1_493' title='bbox 463 4145 497 4195; x_wconf 94' lang='lat' dir='ltr'>ut</span> <span class='ocrx_word' id='word_1_494' title='bbox 507 4144 557 4205; x_wconf 90' lang='lat' dir='ltr'>est,</span> 
     </span>
    </p>

    <p class='ocr_par' dir='ltr' id='par_1_7' title="bbox 54 4227 907 4376">
     <span class='ocr_line' id='line_1_46' title="bbox 152 4227 764 4279; baseline -0.002 -3"><span class='ocrx_word' id='word_1_495' title='bbox 152 4227 224 4278; x_wconf 80' lang='lat' dir='ltr'>&#39;luha</span> <span class='ocrx_word' id='word_1_496' title='bbox 238 4228 380 4279; x_wconf 85' lang='lat' dir='ltr'>terribilem</span> <span class='ocrx_word' id='word_1_497' title='bbox 392 4229 510 4279; x_wconf 92' lang='lat' dir='ltr'>sonitum</span> <span class='ocrx_word' id='word_1_498' title='bbox 524 4227 597 4278; x_wconf 90' lang='lat' dir='ltr'>dedit</span> <span class='ocrx_word' id='word_1_499' title='bbox 608 4241 661 4278; x_wconf 78' lang='lat' dir='ltr'>aare</span> <span class='ocrx_word' id='word_1_500' title='bbox 674 4241 764 4277; x_wconf 83' lang='lat' dir='ltr'>curvo.</span> 
     </span>
     <span class='ocr_line' id='line_1_47' title="bbox 54 4305 907 4376; baseline -0.006 -12"><span class='ocrx_word' id='word_1_501' title='bbox 54 4306 87 4364; x_wconf 90' lang='lat' dir='ltr'>Si</span> <span class='ocrx_word' id='word_1_502' title='bbox 103 4306 181 4363; x_wconf 85' lang='lat' dir='ltr'>anim</span> <span class='ocrx_word' id='word_1_503' title='bbox 195 4308 234 4363; x_wconf 89' lang='lat' dir='ltr'>sic</span> <span class='ocrx_word' id='word_1_504' title='bbox 258 4309 411 4364; x_wconf 91' lang='lat' dir='ltr'>metiamur</span> <span class='ocrx_word' id='word_1_505' title='bbox 433 4308 487 4364; x_wconf 90' lang='lat' dir='ltr'>hoc</span> <span class='ocrx_word' id='word_1_506' title='bbox 511 4313 645 4372; x_wconf 90' lang='lat' dir='ltr'>metrum,</span> <span class='ocrx_word' id='word_1_507' title='bbox 668 4311 700 4361; x_wconf 93' lang='lat' dir='ltr'>ut</span> <span class='ocrx_word' id='word_1_508' title='bbox 720 4305 846 4376; x_wconf 89' lang='lat' dir='ltr'>primum</span> <span class='ocrx_word' id='word_1_509' title='bbox 867 4305 907 4360; x_wconf 86' lang='lat' dir='ltr'>ia·</span> 
     </span>
    </p>
   </div>
   <div class='ocr_carea' id='block_1_5' title="bbox 964 2096 1816 4373">
    <p class='ocr_par' dir='ltr' id='par_1_8' title="bbox 964 2096 1816 3846">
     <span class='ocr_line' id='line_1_48' title="bbox 965 2096 1815 2169; baseline -0.006 -13"><span class='ocrx_word' id='word_1_510' title='bbox 965 2099 1033 2156; x_wconf 86' lang='lat' dir='ltr'>line.</span> <span class='ocrx_word' id='word_1_511' title='bbox 1049 2099 1079 2155; x_wconf 90' lang='lat' dir='ltr'>Si</span> <span class='ocrx_word' id='word_1_512' title='bbox 1093 2102 1190 2155; x_wconf 88' lang='lat' dir='ltr'>autem</span> <span class='ocrx_word' id='word_1_513' title='bbox 1211 2113 1346 2153; x_wconf 89' lang='lat' dir='ltr'>seuomm</span> <span class='ocrx_word' id='word_1_514' title='bbox 1363 2101 1528 2168; x_wconf 91' lang='lat' dir='ltr'>temporum</span> <span class='ocrx_word' id='word_1_515' title='bbox 1547 2096 1593 2151; x_wconf 87' lang='lat' dir='ltr'>hie</span> <span class='ocrx_word' id='word_1_516' title='bbox 1609 2096 1746 2152; x_wconf 90' lang='lat' dir='ltr'>metimur</span> <span class='ocrx_word' id='word_1_517' title='bbox 1764 2113 1815 2169; x_wconf 90' lang='lat' dir='ltr'>pe-</span> 
     </span>
     <span class='ocr_line' id='line_1_49' title="bbox 966 2184 1816 2260; baseline -0.006 -16"><span class='ocrx_word' id='word_1_518' title='bbox 966 2188 1025 2256; x_wconf 87' lang='lat' dir='ltr'>des,</span> <span class='ocrx_word' id='word_1_519' title='bbox 1048 2187 1158 2260; x_wconf 87' lang='lat' dir='ltr'>primus</span> <span class='ocrx_word' id='word_1_520' title='bbox 1182 2185 1237 2242; x_wconf 89' lang='lat' dir='ltr'>erit</span> <span class='ocrx_word' id='word_1_521' title='bbox 1257 2186 1408 2250; x_wconf 90' lang='lat' dir='ltr'>molossus,</span> <span class='ocrx_word' id='word_1_522' title='bbox 1431 2185 1572 2240; x_wconf 89' lang='lat' dir='ltr'>secundus</span> <span class='ocrx_word' id='word_1_523' title='bbox 1592 2184 1702 2240; x_wconf 90' lang='lat' dir='ltr'>ionicus</span> <span class='ocrx_word' id='word_1_524' title='bbox 1722 2201 1740 2240; x_wconf 89' lang='lat' dir='ltr'>a</span> <span class='ocrx_word' id='word_1_525' title='bbox 1760 2185 1816 2240; x_wconf 89' lang='lat' dir='ltr'>mi-</span> 
     </span>
     <span class='ocr_line' id='line_1_50' title="bbox 965 2271 1814 2344; baseline -0.005 -13"><span class='ocrx_word' id='word_1_526' title='bbox 965 2292 1045 2343; x_wconf 88' lang='lat' dir='ltr'>nore,</span> <span class='ocrx_word' id='word_1_527' title='bbox 1061 2275 1161 2331; x_wconf 91' lang='lat' dir='ltr'>tertius</span> <span class='ocrx_word' id='word_1_528' title='bbox 1175 2272 1295 2329; x_wconf 90' lang='lat' dir='ltr'>creticus</span> <span class='ocrx_word' id='word_1_529' title='bbox 1306 2271 1356 2344; x_wconf 87' lang='lat' dir='ltr'>qui</span> <span class='ocrx_word' id='word_1_530' title='bbox 1370 2272 1402 2327; x_wconf 87' lang='lat' dir='ltr'>ht</span> <span class='ocrx_word' id='word_1_531' title='bbox 1416 2271 1563 2327; x_wconf 91' lang='lat' dir='ltr'>dichorius</span> <span class='ocrx_word' id='word_1_532' title='bbox 1577 2272 1712 2344; x_wconf 88' lang='lat' dir='ltr'>adjuncto</span> <span class='ocrx_word' id='word_1_533' title='bbox 1727 2271 1814 2328; x_wconf 88' lang='lat' dir='ltr'>silen-</span> 
     </span>
     <span class='ocr_line' id='line_1_51' title="bbox 965 2359 1816 2434; baseline -0.005 -15"><span class='ocrx_word' id='word_1_534' title='bbox 965 2363 1006 2419; x_wconf 87' lang='lat' dir='ltr'>tio</span> <span class='ocrx_word' id='word_1_535' title='bbox 1019 2364 1106 2418; x_wconf 88' lang='lat' dir='ltr'>unius</span> <span class='ocrx_word' id='word_1_536' title='bbox 1119 2362 1265 2432; x_wconf 89' lang='lat' dir='ltr'>temporis,</span> <span class='ocrx_word' id='word_1_537' title='bbox 1282 2364 1401 2434; x_wconf 84' lang='lat' dir='ltr'>quartus</span> <span class='ocrx_word' id='word_1_538' title='bbox 1411 2359 1549 2416; x_wconf 86' lang='lat' dir='ltr'>ionicusa</span> <span class='ocrx_word' id='word_1_539' title='bbox 1563 2361 1672 2432; x_wconf 90' lang='lat' dir='ltr'>majore</span> <span class='ocrx_word' id='word_1_540' title='bbox 1687 2364 1716 2415; x_wconf 88' lang='lat' dir='ltr'>et</span> <span class='ocrx_word' id='word_1_541' title='bbox 1730 2360 1816 2432; x_wconf 77' lang='lat' dir='ltr'>louge</span> 
     </span>
     <span class='ocr_line' id='line_1_52' title="bbox 965 2448 1816 2523; baseline -0.002 -17"><span class='ocrx_word' id='word_1_542' title='bbox 965 2452 1076 2519; x_wconf 87' lang='lat' dir='ltr'>ultima,</span> <span class='ocrx_word' id='word_1_543' title='bbox 1087 2455 1249 2523; x_wconf 82' lang='lat' dir='ltr'>postquam</span> <span class='ocrx_word' id='word_1_544' title='bbox 1260 2453 1383 2522; x_wconf 82' lang='lat' dir='ltr'>quatuor</span> <span class='ocrx_word' id='word_1_545' title='bbox 1395 2450 1527 2520; x_wconf 87' lang='lat' dir='ltr'>tempora</span> <span class='ocrx_word' id='word_1_546' title='bbox 1536 2448 1705 2504; x_wconf 86' lang='lat' dir='ltr'>silebuntur.</span> <span class='ocrx_word' id='word_1_547' title='bbox 1716 2449 1816 2504; x_wconf 83' lang='lat' dir='ltr'>Posset</span> 
     </span>
     <span class='ocr_line' id='line_1_53' title="bbox 966 2536 1815 2609; baseline -0.007 -13"><span class='ocrx_word' id='word_1_548' title='bbox 966 2540 1057 2607; x_wconf 90' lang='lat' dir='ltr'>aliter,</span> <span class='ocrx_word' id='word_1_549' title='bbox 1072 2543 1105 2595; x_wconf 93' lang='lat' dir='ltr'>ut</span> <span class='ocrx_word' id='word_1_550' title='bbox 1122 2555 1180 2595; x_wconf 91' lang='lat' dir='ltr'>una</span> <span class='ocrx_word' id='word_1_551' title='bbox 1193 2539 1279 2609; x_wconf 76' lang='lat' dir='ltr'>longa</span> <span class='ocrx_word' id='word_1_552' title='bbox 1292 2537 1324 2592; x_wconf 93' lang='lat' dir='ltr'>iu</span> <span class='ocrx_word' id='word_1_553' title='bbox 1337 2536 1480 2609; x_wconf 88' lang='lat' dir='ltr'>principio</span> <span class='ocrx_word' id='word_1_554' title='bbox 1499 2536 1650 2603; x_wconf 88' lang='lat' dir='ltr'>locaretur,</span> <span class='ocrx_word' id='word_1_555' title='bbox 1666 2551 1754 2607; x_wconf 86' lang='lat' dir='ltr'>quam</span> <span class='ocrx_word' id='word_1_556' title='bbox 1769 2551 1815 2590; x_wconf 92' lang='lat' dir='ltr'>se·</span> 
     </span>
     <span class='ocr_line' id='line_1_54' title="bbox 965 2622 1815 2700; baseline -0.002 -18"><span class='ocrx_word' id='word_1_557' title='bbox 965 2632 1102 2700; x_wconf 87' lang='lat' dir='ltr'>queretur</span> <span class='ocrx_word' id='word_1_558' title='bbox 1115 2625 1226 2681; x_wconf 88' lang='lat' dir='ltr'>ionicus</span> <span class='ocrx_word' id='word_1_559' title='bbox 1241 2641 1259 2679; x_wconf 90' lang='lat' dir='ltr'>a</span> <span class='ocrx_word' id='word_1_560' title='bbox 1272 2625 1390 2696; x_wconf 88' lang='lat' dir='ltr'>majore,</span> <span class='ocrx_word' id='word_1_561' title='bbox 1417 2622 1521 2680; x_wconf 90' lang='lat' dir='ltr'>deinde</span> <span class='ocrx_word' id='word_1_562' title='bbox 1538 2624 1688 2690; x_wconf 89' lang='lat' dir='ltr'>molossus,</span> <span class='ocrx_word' id='word_1_563' title='bbox 1711 2623 1815 2680; x_wconf 88' lang='lat' dir='ltr'>deinde</span> 
     </span>
     <span class='ocr_line' id='line_1_55' title="bbox 965 2709 1815 2786; baseline -0.008 -15"><span class='ocrx_word' id='word_1_564' title='bbox 965 2715 1108 2783; x_wconf 87' lang='lat' dir='ltr'>bacchius,</span> <span class='ocrx_word' id='word_1_565' title='bbox 1123 2714 1173 2786; x_wconf 90' lang='lat' dir='ltr'>qui</span> <span class='ocrx_word' id='word_1_566' title='bbox 1185 2713 1268 2768; x_wconf 86' lang='lat' dir='ltr'>tieret</span> <span class='ocrx_word' id='word_1_567' title='bbox 1278 2712 1452 2783; x_wconf 81' lang='lat' dir='ltr'>antispastus</span> <span class='ocrx_word' id='word_1_568' title='bbox 1461 2710 1595 2782; x_wconf 87' lang='lat' dir='ltr'>adjuncto</span> <span class='ocrx_word' id='word_1_569' title='bbox 1605 2709 1719 2765; x_wconf 86' lang='lat' dir='ltr'>silentio</span> <span class='ocrx_word' id='word_1_570' title='bbox 1728 2710 1815 2765; x_wconf 92' lang='lat' dir='ltr'>unius</span> 
     </span>
     <span class='ocr_line' id='line_1_56' title="bbox 964 2798 1815 2875; baseline -0.005 -17"><span class='ocrx_word' id='word_1_571' title='bbox 964 2802 1116 2875; x_wconf 86' lang='lat' dir='ltr'>temporis;</span> <span class='ocrx_word' id='word_1_572' title='bbox 1135 2801 1254 2856; x_wconf 90' lang='lat' dir='ltr'>ultimus</span> <span class='ocrx_word' id='word_1_573' title='bbox 1268 2799 1452 2855; x_wconf 87' lang='lat' dir='ltr'>choriambus</span> <span class='ocrx_word' id='word_1_574' title='bbox 1466 2802 1590 2853; x_wconf 90' lang='lat' dir='ltr'>metrum</span> <span class='ocrx_word' id='word_1_575' title='bbox 1606 2798 1760 2864; x_wconf 80' lang='lat' dir='ltr'>clauderet,</span> <span class='ocrx_word' id='word_1_576' title='bbox 1776 2799 1815 2854; x_wconf 88' lang='lat' dir='ltr'>ita</span> 
     </span>
     <span class='ocr_line' id='line_1_57' title="bbox 964 2885 1816 2963; baseline -0.007 -16"><span class='ocrx_word' id='word_1_577' title='bbox 964 2896 998 2947; x_wconf 90' lang='lat' dir='ltr'>ut</span> <span class='ocrx_word' id='word_1_578' title='bbox 1009 2895 1133 2963; x_wconf 84' lang='lat' dir='ltr'>quatuor</span> <span class='ocrx_word' id='word_1_579' title='bbox 1141 2895 1304 2961; x_wconf 88' lang='lat' dir='ltr'>tempomm</span> <span class='ocrx_word' id='word_1_580' title='bbox 1314 2888 1343 2942; x_wconf 88' lang='lat' dir='ltr'>iu</span> <span class='ocrx_word' id='word_1_581' title='bbox 1357 2888 1414 2943; x_wconf 89' lang='lat' dir='ltr'>tlue</span> <span class='ocrx_word' id='word_1_582' title='bbox 1425 2886 1573 2942; x_wconf 85' lang='lat' dir='ltr'>silentium</span> <span class='ocrx_word' id='word_1_583' title='bbox 1582 2885 1750 2941; x_wconf 82' lang='lat' dir='ltr'>redderetur</span> <span class='ocrx_word' id='word_1_584' title='bbox 1763 2887 1816 2942; x_wconf 91' lang='lat' dir='ltr'>uui</span> 
     </span>
     <span class='ocr_line' id='line_1_58' title="bbox 964 2973 1816 3051; baseline -0.005 -17"><span class='ocrx_word' id='word_1_585' title='bbox 964 2981 1059 3051; x_wconf 74' lang='lat' dir='ltr'>longua</span> <span class='ocrx_word' id='word_1_586' title='bbox 1074 2978 1104 3033; x_wconf 95' lang='lat' dir='ltr'>in</span> <span class='ocrx_word' id='word_1_587' title='bbox 1123 2977 1264 3050; x_wconf 90' lang='lat' dir='ltr'>principio</span> <span class='ocrx_word' id='word_1_588' title='bbox 1288 2975 1457 3031; x_wconf 76' lang='lat' dir='ltr'>constituta.</span> <span class='ocrx_word' id='word_1_589' title='bbox 1485 2973 1539 3029; x_wconf 90' lang='lat' dir='ltr'>Sed</span> <span class='ocrx_word' id='word_1_590' title='bbox 1563 2989 1646 3029; x_wconf 90' lang='lat' dir='ltr'>aures</span> <span class='ocrx_word' id='word_1_591' title='bbox 1666 2974 1751 3030; x_wconf 88' lang='lat' dir='ltr'>istam</span> <span class='ocrx_word' id='word_1_592' title='bbox 1771 2974 1816 3030; x_wconf 92' lang='lat' dir='ltr'>di-</span> 
     </span>
     <span class='ocr_line' id='line_1_59' title="bbox 964 3062 1814 3138; baseline -0.005 -15"><span class='ocrx_word' id='word_1_593' title='bbox 964 3067 1145 3123; x_wconf 88' lang='lat' dir='ltr'>mensionem</span> <span class='ocrx_word' id='word_1_594' title='bbox 1165 3063 1333 3138; x_wconf 81' lang='lat' dir='ltr'>repudiant3</span> <span class='ocrx_word' id='word_1_595' title='bbox 1349 3062 1418 3135; x_wconf 86' lang='lat' dir='ltr'>quia</span> <span class='ocrx_word' id='word_1_596' title='bbox 1435 3078 1501 3135; x_wconf 90' lang='lat' dir='ltr'>pars</span> <span class='ocrx_word' id='word_1_597' title='bbox 1519 3062 1601 3133; x_wconf 89' lang='lat' dir='ltr'>pedis</span> <span class='ocrx_word' id='word_1_598' title='bbox 1622 3062 1654 3117; x_wconf 91' lang='lat' dir='ltr'>in</span> <span class='ocrx_word' id='word_1_599' title='bbox 1672 3062 1814 3135; x_wconf 90' lang='lat' dir='ltr'>principio</span> 
     </span>
     <span class='ocr_line' id='line_1_60' title="bbox 964 3149 1812 3225; baseline -0.009 -14"><span class='ocrx_word' id='word_1_600' title='bbox 964 3157 1111 3223; x_wconf 88' lang='lat' dir='ltr'>collocata,</span> <span class='ocrx_word' id='word_1_601' title='bbox 1126 3153 1183 3209; x_wconf 91' lang='lat' dir='ltr'>nisi</span> <span class='ocrx_word' id='word_1_602' title='bbox 1197 3153 1291 3224; x_wconf 91' lang='lat' dir='ltr'>major</span> <span class='ocrx_word' id='word_1_603' title='bbox 1303 3168 1392 3225; x_wconf 87' lang='lat' dir='ltr'>quam</span> <span class='ocrx_word' id='word_1_604' title='bbox 1410 3149 1530 3205; x_wconf 90' lang='lat' dir='ltr'>dimidie</span> <span class='ocrx_word' id='word_1_605' title='bbox 1544 3149 1639 3215; x_wconf 83' lang='lat' dir='ltr'>tuerit,</span> <span class='ocrx_word' id='word_1_606' title='bbox 1664 3164 1723 3204; x_wconf 93' lang='lat' dir='ltr'>uon</span> <span class='ocrx_word' id='word_1_607' title='bbox 1737 3152 1812 3204; x_wconf 88' lang='lat' dir='ltr'>recta</span> 
     </span>
     <span class='ocr_line' id='line_1_61' title="bbox 965 3236 1814 3316; baseline -0.009 -17"><span class='ocrx_word' id='word_1_608' title='bbox 965 3244 1007 3300; x_wconf 92' lang='lat' dir='ltr'>illi</span> <span class='ocrx_word' id='word_1_609' title='bbox 1021 3243 1214 3316; x_wconf 89' lang='lat' dir='ltr'>postplenum</span> <span class='ocrx_word' id='word_1_610' title='bbox 1228 3242 1329 3314; x_wconf 89' lang='lat' dir='ltr'>pedem</span> <span class='ocrx_word' id='word_1_611' title='bbox 1340 3239 1420 3295; x_wconf 84' lang='lat' dir='ltr'>duali</span> <span class='ocrx_word' id='word_1_612' title='bbox 1435 3239 1550 3294; x_wconf 88' lang='lat' dir='ltr'>silentio</span> <span class='ocrx_word' id='word_1_613' title='bbox 1560 3237 1691 3293; x_wconf 90' lang='lat' dir='ltr'>redditur</span> <span class='ocrx_word' id='word_1_614' title='bbox 1703 3236 1755 3292; x_wconf 92' lang='lat' dir='ltr'>ubi</span> <span class='ocrx_word' id='word_1_615' title='bbox 1764 3237 1814 3292; x_wconf 92' lang='lat' dir='ltr'>de-</span> 
     </span>
     <span class='ocr_line' id='line_1_62' title="bbox 964 3324 1814 3401; baseline -0.011 -13"><span class='ocrx_word' id='word_1_616' title='bbox 964 3332 1064 3389; x_wconf 89' lang='lat' dir='ltr'>betur:</span> <span class='ocrx_word' id='word_1_617' title='bbox 1079 3331 1128 3387; x_wconf 89' lang='lat' dir='ltr'>sed</span> <span class='ocrx_word' id='word_1_618' title='bbox 1142 3330 1205 3386; x_wconf 91' lang='lat' dir='ltr'>aliis</span> <span class='ocrx_word' id='word_1_619' title='bbox 1221 3328 1396 3401; x_wconf 86' lang='lat' dir='ltr'>interpositis</span> <span class='ocrx_word' id='word_1_620' title='bbox 1419 3327 1550 3400; x_wconf 92' lang='lat' dir='ltr'>pedibus,</span> <span class='ocrx_word' id='word_1_621' title='bbox 1571 3327 1676 3381; x_wconf 88' lang='lat' dir='ltr'>scimus</span> <span class='ocrx_word' id='word_1_622' title='bbox 1697 3324 1814 3397; x_wconf 88' lang='lat' dir='ltr'>qnidam</span> 
     </span>
     <span class='ocr_line' id='line_1_63' title="bbox 965 3415 1815 3495; baseline -0.008 -19"><span class='ocrx_word' id='word_1_623' title='bbox 965 3424 1106 3495; x_wconf 88' lang='lat' dir='ltr'>quantum</span> <span class='ocrx_word' id='word_1_624' title='bbox 1127 3419 1280 3479; x_wconf 81' lang='lat' dir='ltr'>debeatur;</span> <span class='ocrx_word' id='word_1_625' title='bbox 1298 3417 1348 3473; x_wconf 89' lang='lat' dir='ltr'>sed</span> <span class='ocrx_word' id='word_1_626' title='bbox 1367 3433 1428 3472; x_wconf 92' lang='lat' dir='ltr'>uon</span> <span class='ocrx_word' id='word_1_627' title='bbox 1446 3415 1700 3486; x_wconf 86' lang='lat' dir='ltr'>comprehenditur</span> <span class='ocrx_word' id='word_1_628' title='bbox 1718 3429 1815 3483; x_wconf 90' lang='lat' dir='ltr'>seusu,</span> 
     </span>
     <span class='ocr_line' id='line_1_64' title="bbox 964 3502 1813 3580; baseline -0.012 -14"><span class='ocrx_word' id='word_1_629' title='bbox 964 3515 997 3566; x_wconf 95' lang='lat' dir='ltr'>ut</span> <span class='ocrx_word' id='word_1_630' title='bbox 1008 3514 1089 3566; x_wconf 91' lang='lat' dir='ltr'>tauto</span> <span class='ocrx_word' id='word_1_631' title='bbox 1102 3509 1192 3580; x_wconf 91' lang='lat' dir='ltr'>spatio</span> <span class='ocrx_word' id='word_1_632' title='bbox 1208 3507 1336 3576; x_wconf 86' lang='lat' dir='ltr'>sileatur,</span> <span class='ocrx_word' id='word_1_633' title='bbox 1350 3505 1407 3561; x_wconf 90' lang='lat' dir='ltr'>nisi</span> <span class='ocrx_word' id='word_1_634' title='bbox 1423 3504 1518 3560; x_wconf 91' lang='lat' dir='ltr'>miuus</span> <span class='ocrx_word' id='word_1_635' title='bbox 1532 3504 1670 3559; x_wconf 88' lang='lat' dir='ltr'>debeatur</span> <span class='ocrx_word' id='word_1_636' title='bbox 1682 3502 1714 3557; x_wconf 91' lang='lat' dir='ltr'>in</span> <span class='ocrx_word' id='word_1_637' title='bbox 1727 3502 1813 3557; x_wconf 91' lang='lat' dir='ltr'>silen-</span> 
     </span>
     <span class='ocr_line' id='line_1_65' title="bbox 964 3590 1813 3672; baseline -0.012 -17"><span class='ocrx_word' id='word_1_638' title='bbox 964 3599 1005 3655; x_wconf 92' lang='lat' dir='ltr'>tio</span> <span class='ocrx_word' id='word_1_639' title='bbox 1020 3614 1108 3672; x_wconf 84' lang='lat' dir='ltr'>quam</span> <span class='ocrx_word' id='word_1_640' title='bbox 1129 3597 1255 3668; x_wconf 91' lang='lat' dir='ltr'>positum</span> <span class='ocrx_word' id='word_1_641' title='bbox 1269 3595 1355 3650; x_wconf 87' lang='lat' dir='ltr'>estin</span> <span class='ocrx_word' id='word_1_642' title='bbox 1381 3609 1471 3649; x_wconf 88' lang='lat' dir='ltr'>sono:</span> <span class='ocrx_word' id='word_1_643' title='bbox 1498 3592 1568 3664; x_wconf 85' lang='lat' dir='ltr'>quia</span> <span class='ocrx_word' id='word_1_644' title='bbox 1587 3606 1653 3646; x_wconf 89' lang='lat' dir='ltr'>cum</span> <span class='ocrx_word' id='word_1_645' title='bbox 1675 3590 1813 3662; x_wconf 88' lang='lat' dir='ltr'>majorem</span> 
     </span>
     <span class='ocr_line' id='line_1_66' title="bbox 964 3678 1813 3760; baseline -0.013 -17"><span class='ocrx_word' id='word_1_646' title='bbox 964 3692 1076 3760; x_wconf 90' lang='lat' dir='ltr'>partem</span> <span class='ocrx_word' id='word_1_647' title='bbox 1091 3685 1170 3758; x_wconf 88' lang='lat' dir='ltr'>pedis</span> <span class='ocrx_word' id='word_1_648' title='bbox 1183 3701 1236 3739; x_wconf 81' lang='lat' dir='ltr'>vox</span> <span class='ocrx_word' id='word_1_649' title='bbox 1256 3682 1408 3756; x_wconf 82' lang='lat' dir='ltr'>peregerit,</span> <span class='ocrx_word' id='word_1_650' title='bbox 1425 3681 1520 3737; x_wconf 91' lang='lat' dir='ltr'>minor</span> <span class='ocrx_word' id='word_1_651' title='bbox 1542 3696 1607 3753; x_wconf 85' lang='lat' dir='ltr'>quae</span> <span class='ocrx_word' id='word_1_652' title='bbox 1628 3678 1740 3751; x_wconf 86' lang='lat' dir='ltr'>reliqua</span> <span class='ocrx_word' id='word_1_653' title='bbox 1760 3681 1813 3748; x_wconf 88' lang='lat' dir='ltr'>est,</span> 
     </span>
     <span class='ocr_line' id='line_1_67' title="bbox 964 3771 1380 3846; baseline -0.012 -14"><span class='ocrx_word' id='word_1_654' title='bbox 964 3776 1139 3846; x_wconf 84' lang='lat' dir='ltr'>ubicumque</span> <span class='ocrx_word' id='word_1_655' title='bbox 1152 3773 1234 3829; x_wconf 83' lang='lat' dir='ltr'>tacite</span> <span class='ocrx_word' id='word_1_656' title='bbox 1249 3771 1380 3827; x_wconf 88' lang='lat' dir='ltr'>occurrit.</span> 
     </span>
    </p>

    <p class='ocr_par' dir='ltr' id='par_1_9' title="bbox 964 3855 1814 4373">
     <span class='ocr_line' id='line_1_68' title="bbox 1000 3855 1812 3932; baseline -0.011 -14"><span class='ocrx_word' id='word_1_657' title='bbox 1000 3866 1045 3920; x_wconf 78' lang='lat' dir='ltr'>tt.</span> <span class='ocrx_word' id='word_1_658' title='bbox 1061 3862 1254 3928; x_wconf 83' lang='lat' dir='ltr'>Quamobrem</span> <span class='ocrx_word' id='word_1_659' title='bbox 1273 3859 1357 3916; x_wconf 90' lang='lat' dir='ltr'>metri</span> <span class='ocrx_word' id='word_1_660' title='bbox 1371 3858 1449 3932; x_wconf 88' lang='lat' dir='ltr'>quod</span> <span class='ocrx_word' id='word_1_661' title='bbox 1465 3857 1519 3914; x_wconf 90' lang='lat' dir='ltr'>snb</span> <span class='ocrx_word' id='word_1_662' title='bbox 1534 3858 1589 3913; x_wconf 89' lang='lat' dir='ltr'>hoc</span> <span class='ocrx_word' id='word_1_663' title='bbox 1609 3855 1738 3928; x_wconf 88' lang='lat' dir='ltr'>exemplo</span> <span class='ocrx_word' id='word_1_664' title='bbox 1760 3871 1812 3926; x_wconf 92' lang='lat' dir='ltr'>po-</span> 
     </span>
     <span class='ocr_line' id='line_1_69' title="bbox 964 3943 1811 4020; baseline -0.011 -13"><span class='ocrx_word' id='word_1_665' title='bbox 964 3952 1084 4016; x_wconf 88' lang='lat' dir='ltr'>suimus,</span> <span class='ocrx_word' id='word_1_666' title='bbox 1112 3953 1214 4007; x_wconf 80' lang='lat' dir='ltr'>l’ernot</span> <span class='ocrx_word' id='word_1_667' title='bbox 1236 3951 1386 4020; x_wconf 80' lang='lat' dir='ltr'>temperies,</span> <span class='ocrx_word' id='word_1_668' title='bbox 1411 3963 1486 4003; x_wconf 76' lang='lat' dir='ltr'>nura</span> <span class='ocrx_word' id='word_1_669' title='bbox 1500 3950 1598 4018; x_wconf 82' lang='lat' dir='ltr'>tepent,</span> <span class='ocrx_word' id='word_1_670' title='bbox 1614 3948 1677 4001; x_wconf 83' lang='lat' dir='ltr'>suut</span> <span class='ocrx_word' id='word_1_671' title='bbox 1690 3943 1811 3999; x_wconf 76' lang='lat' dir='ltr'>delicia:</span> 
     </span>
     <span class='ocr_line' id='line_1_70' title="bbox 965 4032 1813 4109; baseline -0.014 -12"><span class='ocrx_word' id='word_1_672' title='bbox 965 4058 1031 4097; x_wconf 92' lang='lat' dir='ltr'>cum</span> <span class='ocrx_word' id='word_1_673' title='bbox 1045 4041 1082 4095; x_wconf 88' lang='lat' dir='ltr'>sit</span> <span class='ocrx_word' id='word_1_674' title='bbox 1095 4056 1154 4094; x_wconf 91' lang='lat' dir='ltr'>unu</span> <span class='ocrx_word' id='word_1_675' title='bbox 1176 4038 1344 4103; x_wconf 89' lang='lat' dir='ltr'>necessaria,</span> <span class='ocrx_word' id='word_1_676' title='bbox 1367 4052 1454 4109; x_wconf 86' lang='lat' dir='ltr'>quam</span> <span class='ocrx_word' id='word_1_677' title='bbox 1467 4036 1602 4100; x_wconf 82' lang='lat' dir='ltr'>diximus,</span> <span class='ocrx_word' id='word_1_678' title='bbox 1624 4032 1775 4098; x_wconf 89' lang='lat' dir='ltr'>dimensio,</span> <span class='ocrx_word' id='word_1_679' title='bbox 1789 4032 1813 4086; x_wconf 91' lang='lat' dir='ltr'>si</span> 
     </span>
     <span class='ocr_line' id='line_1_71' title="bbox 964 4120 1814 4201; baseline -0.013 -17"><span class='ocrx_word' id='word_1_680' title='bbox 964 4133 1029 4201; x_wconf 90' lang='lat' dir='ltr'>post</span> <span class='ocrx_word' id='word_1_681' title='bbox 1042 4128 1182 4184; x_wconf 86' lang='lat' dir='ltr'>decimam</span> <span class='ocrx_word' id='word_1_682' title='bbox 1197 4127 1259 4198; x_wconf 81' lang='lat' dir='ltr'>ejus</span> <span class='ocrx_word' id='word_1_683' title='bbox 1270 4126 1408 4198; x_wconf 83' lang='lat' dir='ltr'>syllabam</span> <span class='ocrx_word' id='word_1_684' title='bbox 1419 4129 1533 4195; x_wconf 92' lang='lat' dir='ltr'>tempus</span> <span class='ocrx_word' id='word_1_685' title='bbox 1543 4136 1633 4176; x_wconf 89' lang='lat' dir='ltr'>uuum</span> <span class='ocrx_word' id='word_1_686' title='bbox 1648 4120 1774 4185; x_wconf 90' lang='lat' dir='ltr'>sileatur,</span> <span class='ocrx_word' id='word_1_687' title='bbox 1785 4127 1814 4173; x_wconf 90' lang='lat' dir='ltr'>at</span> 
     </span>
     <span class='ocr_line' id='line_1_72' title="bbox 964 4206 1813 4288; baseline -0.013 -16"><span class='ocrx_word' id='word_1_688' title='bbox 964 4219 1088 4288; x_wconf 87' lang='lat' dir='ltr'>quatuor</span> <span class='ocrx_word' id='word_1_689' title='bbox 1107 4217 1137 4270; x_wconf 94' lang='lat' dir='ltr'>in</span> <span class='ocrx_word' id='word_1_690' title='bbox 1163 4215 1234 4282; x_wconf 84' lang='lat' dir='ltr'>llne;</span> <span class='ocrx_word' id='word_1_691' title='bbox 1262 4217 1304 4268; x_wconf 90' lang='lat' dir='ltr'>est</span> <span class='ocrx_word' id='word_1_692' title='bbox 1331 4212 1386 4267; x_wconf 91' lang='lat' dir='ltr'>alia</span> <span class='ocrx_word' id='word_1_693' title='bbox 1410 4210 1580 4273; x_wconf 80' lang='lat' dir='ltr'>voluntaria,</span> <span class='ocrx_word' id='word_1_694' title='bbox 1611 4208 1633 4262; x_wconf 89' lang='lat' dir='ltr'>si</span> <span class='ocrx_word' id='word_1_695' title='bbox 1658 4206 1723 4278; x_wconf 86' lang='lat' dir='ltr'>quis</span> <span class='ocrx_word' id='word_1_696' title='bbox 1748 4211 1813 4276; x_wconf 86' lang='lat' dir='ltr'>post</span> 
     </span>
     <span class='ocr_line' id='line_1_73' title="bbox 964 4298 1811 4373; baseline -0.014 -16"><span class='ocrx_word' id='word_1_697' title='bbox 964 4306 1071 4358; x_wconf 86' lang='lat' dir='ltr'>sextam</span> <span class='ocrx_word' id='word_1_698' title='bbox 1090 4301 1228 4373; x_wconf 86' lang='lat' dir='ltr'>syllabam</span> <span class='ocrx_word' id='word_1_699' title='bbox 1244 4301 1312 4354; x_wconf 83' lang='lat' dir='ltr'>velit</span> <span class='ocrx_word' id='word_1_700' title='bbox 1333 4299 1417 4354; x_wconf 87' lang='lat' dir='ltr'>silere</span> <span class='ocrx_word' id='word_1_701' title='bbox 1437 4299 1493 4354; x_wconf 93' lang='lat' dir='ltr'>duo</span> <span class='ocrx_word' id='word_1_702' title='bbox 1514 4302 1654 4367; x_wconf 90' lang='lat' dir='ltr'>tempora,</span> <span class='ocrx_word' id='word_1_703' title='bbox 1678 4298 1706 4348; x_wconf 91' lang='lat' dir='ltr'>et</span> <span class='ocrx_word' id='word_1_704' title='bbox 1722 4307 1811 4346; x_wconf 87' lang='lat' dir='ltr'>nuum</span> 
     </span>
    </p>
   </div>
   <div class='ocr_carea' id='block_1_6' title="bbox 44 4379 1814 5254">
    <p class='ocr_par' dir='ltr' id='par_1_10' title="bbox 44 4379 1814 5254">
     <span class='ocr_line' id='line_1_74' title="bbox 54 4379 1812 4468; baseline -0.009 -17"><span class='ocrx_word' id='word_1_705' title='bbox 54 4395 168 4451; x_wconf 84' lang='lat' dir='ltr'>ciamus</span> <span class='ocrx_word' id='word_1_706' title='bbox 183 4401 370 4468; x_wconf 76' lang='lat' dir='ltr'>anapaestum,</span> <span class='ocrx_word' id='word_1_707' title='bbox 386 4398 544 4453; x_wconf 89' lang='lat' dir='ltr'>secundum</span> <span class='ocrx_word' id='word_1_708' title='bbox 565 4395 692 4450; x_wconf 89' lang='lat' dir='ltr'>ionicum</span> <span class='ocrx_word' id='word_1_709' title='bbox 707 4393 865 4464; x_wconf 87' lang='lat' dir='ltr'>quemlibet</span> <span class='ocrx_word' id='word_1_710' title='bbox 878 4393 908 4448; x_wconf 93' lang='lat' dir='ltr'>in</span> <span class='ocrx_word' id='word_1_711' title='bbox 963 4393 1028 4463; x_wconf 89' lang='lat' dir='ltr'>post</span> <span class='ocrx_word' id='word_1_712' title='bbox 1051 4388 1243 4450; x_wconf 85' lang='lat' dir='ltr'>undecimam,</span> <span class='ocrx_word' id='word_1_713' title='bbox 1263 4392 1292 4442; x_wconf 88' lang='lat' dir='ltr'>et</span> <span class='ocrx_word' id='word_1_714' title='bbox 1310 4387 1366 4442; x_wconf 93' lang='lat' dir='ltr'>duo</span> <span class='ocrx_word' id='word_1_715' title='bbox 1385 4387 1415 4442; x_wconf 91' lang='lat' dir='ltr'>iu</span> <span class='ocrx_word' id='word_1_716' title='bbox 1434 4385 1510 4442; x_wconf 83' lang='lat' dir='ltr'>fine:</span> <span class='ocrx_word' id='word_1_717' title='bbox 1525 4388 1559 4440; x_wconf 91' lang='lat' dir='ltr'>ut</span> <span class='ocrx_word' id='word_1_718' title='bbox 1571 4383 1608 4438; x_wconf 89' lang='lat' dir='ltr'>sit</span> <span class='ocrx_word' id='word_1_719' title='bbox 1626 4382 1657 4436; x_wconf 91' lang='lat' dir='ltr'>in</span> <span class='ocrx_word' id='word_1_720' title='bbox 1672 4379 1812 4453; x_wconf 90' lang='lat' dir='ltr'>principio</span> 
     </span>
     <span class='ocr_line' id='line_1_75' title="bbox 55 4469 1812 4556; baseline -0.007 -20"><span class='ocrx_word' id='word_1_721' title='bbox 55 4482 174 4554; x_wconf 86' lang='lat' dir='ltr'>syllabis</span> <span class='ocrx_word' id='word_1_722' title='bbox 196 4484 333 4556; x_wconf 86' lang='lat' dir='ltr'>quinqua,</span> <span class='ocrx_word' id='word_1_723' title='bbox 357 4485 451 4539; x_wconf 90' lang='lat' dir='ltr'>soluta</span> <span class='ocrx_word' id='word_1_724' title='bbox 473 4483 580 4538; x_wconf 89' lang='lat' dir='ltr'>scilicet</span> <span class='ocrx_word' id='word_1_725' title='bbox 591 4483 678 4553; x_wconf 81' lang='lat' dir='ltr'>longa</span> <span class='ocrx_word' id='word_1_726' title='bbox 697 4481 740 4534; x_wconf 86' lang='lat' dir='ltr'>rel</span> <span class='ocrx_word' id='word_1_727' title='bbox 755 4479 851 4551; x_wconf 90' lang='lat' dir='ltr'>prima</span> <span class='ocrx_word' id='word_1_728' title='bbox 864 4481 907 4534; x_wconf 86' lang='lat' dir='ltr'>vel</span> <span class='ocrx_word' id='word_1_729' title='bbox 964 4477 1117 4550; x_wconf 88' lang='lat' dir='ltr'>spondeus,</span> <span class='ocrx_word' id='word_1_730' title='bbox 1132 4479 1269 4548; x_wconf 86' lang='lat' dir='ltr'>sequatur</span> <span class='ocrx_word' id='word_1_731' title='bbox 1282 4477 1359 4531; x_wconf 89' lang='lat' dir='ltr'>hunc</span> <span class='ocrx_word' id='word_1_732' title='bbox 1375 4473 1566 4534; x_wconf 87' lang='lat' dir='ltr'>choriambus,</span> <span class='ocrx_word' id='word_1_733' title='bbox 1582 4470 1667 4526; x_wconf 87' lang='lat' dir='ltr'>tertio</span> <span class='ocrx_word' id='word_1_734' title='bbox 1686 4469 1812 4542; x_wconf 87' lang='lat' dir='ltr'>spondeo</span> 
     </span>
     <span class='ocr_line' id='line_1_76' title="bbox 55 4557 1813 4639; baseline -0.008 -14"><span class='ocrx_word' id='word_1_735' title='bbox 55 4570 161 4626; x_wconf 91' lang='lat' dir='ltr'>ultima</span> <span class='ocrx_word' id='word_1_736' title='bbox 173 4568 205 4626; x_wconf 90' lang='lat' dir='ltr'>in</span> <span class='ocrx_word' id='word_1_737' title='bbox 219 4572 290 4626; x_wconf 87' lang='lat' dir='ltr'>duas</span> <span class='ocrx_word' id='word_1_738' title='bbox 300 4572 410 4639; x_wconf 81' lang='lat' dir='ltr'>breues,</span> <span class='ocrx_word' id='word_1_739' title='bbox 421 4571 539 4627; x_wconf 89' lang='lat' dir='ltr'>tertium</span> <span class='ocrx_word' id='word_1_740' title='bbox 553 4569 762 4634; x_wconf 88' lang='lat' dir='ltr'>choriambum,</span> <span class='ocrx_word' id='word_1_741' title='bbox 774 4567 908 4623; x_wconf 90' lang='lat' dir='ltr'>ultimum</span> <span class='ocrx_word' id='word_1_742' title='bbox 964 4565 1110 4622; x_wconf 90' lang='lat' dir='ltr'>silentium</span> <span class='ocrx_word' id='word_1_743' title='bbox 1123 4566 1213 4621; x_wconf 93' lang='lat' dir='ltr'>duum</span> <span class='ocrx_word' id='word_1_744' title='bbox 1231 4570 1394 4636; x_wconf 90' lang='lat' dir='ltr'>temporum</span> <span class='ocrx_word' id='word_1_745' title='bbox 1417 4563 1632 4627; x_wconf 88' lang='lat' dir='ltr'>annumeretur,</span> <span class='ocrx_word' id='word_1_746' title='bbox 1649 4561 1681 4613; x_wconf 90' lang='lat' dir='ltr'>ut</span> <span class='ocrx_word' id='word_1_747' title='bbox 1693 4557 1737 4612; x_wconf 86' lang='lat' dir='ltr'>vel</span> <span class='ocrx_word' id='word_1_748' title='bbox 1752 4573 1813 4612; x_wconf 94' lang='lat' dir='ltr'>mo·</span> 
     </span>
     <span class='ocr_line' id='line_1_77' title="bbox 55 4645 1813 4730; baseline -0.009 -17"><span class='ocrx_word' id='word_1_749' title='bbox 55 4657 227 4715; x_wconf 73' lang='lat' dir='ltr'>bacchium:</span> <span class='ocrx_word' id='word_1_750' title='bbox 249 4661 303 4714; x_wconf 91' lang='lat' dir='ltr'>tria</span> <span class='ocrx_word' id='word_1_751' title='bbox 317 4665 402 4715; x_wconf 90' lang='lat' dir='ltr'>erunt</span> <span class='ocrx_word' id='word_1_752' title='bbox 421 4664 553 4730; x_wconf 88' lang='lat' dir='ltr'>tempora</span> <span class='ocrx_word' id='word_1_753' title='bbox 570 4658 601 4713; x_wconf 92' lang='lat' dir='ltr'>iu</span> <span class='ocrx_word' id='word_1_754' title='bbox 620 4657 726 4722; x_wconf 88' lang='lat' dir='ltr'>debito,</span> <span class='ocrx_word' id='word_1_755' title='bbox 749 4672 838 4712; x_wconf 91' lang='lat' dir='ltr'>unum</span> <span class='ocrx_word' id='word_1_756' title='bbox 858 4672 908 4711; x_wconf 89' lang='lat' dir='ltr'>ax·</span> <span class='ocrx_word' id='word_1_757' title='bbox 963 4656 1055 4711; x_wconf 91' lang='lat' dir='ltr'>lossns</span> <span class='ocrx_word' id='word_1_758' title='bbox 1078 4654 1120 4709; x_wconf 83' lang='lat' dir='ltr'>val</span> <span class='ocrx_word' id='word_1_759' title='bbox 1144 4669 1162 4708; x_wconf 89' lang='lat' dir='ltr'>a</span> <span class='ocrx_word' id='word_1_760' title='bbox 1186 4654 1299 4709; x_wconf 88' lang='lat' dir='ltr'>minore</span> <span class='ocrx_word' id='word_1_761' title='bbox 1324 4652 1434 4707; x_wconf 88' lang='lat' dir='ltr'>ionicus</span> <span class='ocrx_word' id='word_1_762' title='bbox 1457 4650 1517 4719; x_wconf 87' lang='lat' dir='ltr'>ilat,</span> <span class='ocrx_word' id='word_1_763' title='bbox 1538 4652 1657 4720; x_wconf 87' lang='lat' dir='ltr'>quartus</span> <span class='ocrx_word' id='word_1_764' title='bbox 1678 4645 1813 4702; x_wconf 80' lang='lat' dir='ltr'>bacchius</span> 
     </span>
     <span class='ocr_line' id='line_1_78' title="bbox 55 4735 1812 4817; baseline -0.007 -15"><span class='ocrx_word' id='word_1_765' title='bbox 55 4750 152 4802; x_wconf 88' lang='lat' dir='ltr'>tremo</span> <span class='ocrx_word' id='word_1_766' title='bbox 166 4747 282 4802; x_wconf 82' lang='lat' dir='ltr'>bacchio</span> <span class='ocrx_word' id='word_1_767' title='bbox 297 4748 488 4815; x_wconf 89' lang='lat' dir='ltr'>reddendum,</span> <span class='ocrx_word' id='word_1_768' title='bbox 503 4746 597 4802; x_wconf 90' lang='lat' dir='ltr'>etduo</span> <span class='ocrx_word' id='word_1_769' title='bbox 607 4749 751 4817; x_wconf 82' lang='lat' dir='ltr'>auapaesto</span> <span class='ocrx_word' id='word_1_770' title='bbox 763 4744 865 4816; x_wconf 89' lang='lat' dir='ltr'>primo,</span> <span class='ocrx_word' id='word_1_771' title='bbox 878 4748 910 4800; x_wconf 90' lang='lat' dir='ltr'>ut</span> <span class='ocrx_word' id='word_1_772' title='bbox 965 4744 1098 4815; x_wconf 86' lang='lat' dir='ltr'>adjuncto</span> <span class='ocrx_word' id='word_1_773' title='bbox 1113 4741 1213 4797; x_wconf 89' lang='lat' dir='ltr'>itidem</span> <span class='ocrx_word' id='word_1_774' title='bbox 1228 4741 1341 4797; x_wconf 89' lang='lat' dir='ltr'>silentio</span> <span class='ocrx_word' id='word_1_775' title='bbox 1356 4739 1442 4795; x_wconf 89' lang='lat' dir='ltr'>unius</span> <span class='ocrx_word' id='word_1_776' title='bbox 1459 4736 1598 4809; x_wconf 89' lang='lat' dir='ltr'>temporis</span> <span class='ocrx_word' id='word_1_777' title='bbox 1615 4738 1666 4790; x_wconf 88' lang='lat' dir='ltr'>liat</span> <span class='ocrx_word' id='word_1_778' title='bbox 1683 4735 1812 4805; x_wconf 90' lang='lat' dir='ltr'>antispa-</span> 
     </span>
     <span class='ocr_line' id='line_1_79' title="bbox 44 4823 1812 4906; baseline -0.007 -17"><span class='ocrx_word' id='word_1_779' title='bbox 44 4842 128 4889; x_wconf 88' lang='lat' dir='ltr'>&#39;aena</span> <span class='ocrx_word' id='word_1_780' title='bbox 141 4828 349 4906; x_wconf 84' lang='lat' dir='ltr'>compleantur.</span> <span class='ocrx_word' id='word_1_781' title='bbox 365 4837 419 4892; x_wconf 88' lang='lat' dir='ltr'>Sed</span> <span class='ocrx_word' id='word_1_782' title='bbox 429 4836 484 4890; x_wconf 90' lang='lat' dir='ltr'>hoe</span> <span class='ocrx_word' id='word_1_783' title='bbox 494 4840 586 4890; x_wconf 91' lang='lat' dir='ltr'>totum</span> <span class='ocrx_word' id='word_1_784' title='bbox 598 4834 722 4905; x_wconf 89' lang='lat' dir='ltr'>spatium</span> <span class='ocrx_word' id='word_1_785' title='bbox 736 4833 825 4888; x_wconf 89' lang='lat' dir='ltr'>trium</span> <span class='ocrx_word' id='word_1_786' title='bbox 840 4838 910 4888; x_wconf 84' lang='lat' dir='ltr'>tem·</span> <span class='ocrx_word' id='word_1_787' title='bbox 964 4837 1034 4898; x_wconf 88' lang='lat' dir='ltr'>stus,</span> <span class='ocrx_word' id='word_1_788' title='bbox 1048 4831 1149 4901; x_wconf 72' lang='lat' dir='ltr'>qusinto</span> <span class='ocrx_word' id='word_1_789' title='bbox 1166 4829 1333 4885; x_wconf 88' lang='lat' dir='ltr'>choriambo</span> <span class='ocrx_word' id='word_1_790' title='bbox 1349 4843 1487 4884; x_wconf 88' lang='lat' dir='ltr'>numems</span> <span class='ocrx_word' id='word_1_791' title='bbox 1500 4823 1671 4880; x_wconf 88' lang='lat' dir='ltr'>terminetur</span> <span class='ocrx_word' id='word_1_792' title='bbox 1689 4824 1718 4878; x_wconf 91' lang='lat' dir='ltr'>in</span> <span class='ocrx_word' id='word_1_793' title='bbox 1733 4839 1812 4888; x_wconf 83' lang='lat' dir='ltr'>voce,</span> 
     </span>
     <span class='ocr_line' id='line_1_80' title="bbox 55 4911 1813 4996; baseline -0.008 -18"><span class='ocrx_word' id='word_1_794' title='bbox 55 4938 165 4996; x_wconf 87' lang='lat' dir='ltr'>porum</span> <span class='ocrx_word' id='word_1_795' title='bbox 179 4925 209 4979; x_wconf 90' lang='lat' dir='ltr'>iu</span> <span class='ocrx_word' id='word_1_796' title='bbox 223 4924 280 4980; x_wconf 86' lang='lat' dir='ltr'>tine</span> <span class='ocrx_word' id='word_1_797' title='bbox 295 4925 372 4980; x_wconf 90' lang='lat' dir='ltr'>sileri</span> <span class='ocrx_word' id='word_1_798' title='bbox 385 4928 488 4996; x_wconf 89' lang='lat' dir='ltr'>potest.</span> <span class='ocrx_word' id='word_1_799' title='bbox 507 4927 542 4979; x_wconf 80' lang='lat' dir='ltr'>ut</span> <span class='ocrx_word' id='word_1_800' title='bbox 561 4923 585 4977; x_wconf 89' lang='lat' dir='ltr'>si</span> <span class='ocrx_word' id='word_1_801' title='bbox 599 4924 635 4978; x_wconf 94' lang='lat' dir='ltr'>ab</span> <span class='ocrx_word' id='word_1_802' title='bbox 649 4923 760 4992; x_wconf 81' lang='lat' dir='ltr'>integro</span> <span class='ocrx_word' id='word_1_803' title='bbox 775 4921 847 4993; x_wconf 88' lang='lat' dir='ltr'>pede</span> <span class='ocrx_word' id='word_1_804' title='bbox 862 4922 909 4977; x_wconf 91' lang='lat' dir='ltr'>iu·</span> <span class='ocrx_word' id='word_1_805' title='bbox 965 4920 1078 4975; x_wconf 90' lang='lat' dir='ltr'>duobus</span> <span class='ocrx_word' id='word_1_806' title='bbox 1101 4918 1279 4990; x_wconf 85' lang='lat' dir='ltr'>temporibus</span> <span class='ocrx_word' id='word_1_807' title='bbox 1293 4917 1323 4971; x_wconf 91' lang='lat' dir='ltr'>iu</span> <span class='ocrx_word' id='word_1_808' title='bbox 1342 4917 1398 4971; x_wconf 85' lang='lat' dir='ltr'>ilua</span> <span class='ocrx_word' id='word_1_809' title='bbox 1413 4931 1466 4987; x_wconf 88' lang='lat' dir='ltr'>per</span> <span class='ocrx_word' id='word_1_810' title='bbox 1479 4913 1623 4969; x_wconf 89' lang='lat' dir='ltr'>sitentium</span> <span class='ocrx_word' id='word_1_811' title='bbox 1649 4911 1768 4967; x_wconf 87' lang='lat' dir='ltr'>redditis</span> <span class='ocrx_word' id='word_1_812' title='bbox 1783 4912 1813 4964; x_wconf 87' lang='lat' dir='ltr'>in</span> 
     </span>
     <span class='ocr_line' id='line_1_81' title="bbox 56 4999 1811 5084; baseline -0.009 -18"><span class='ocrx_word' id='word_1_813' title='bbox 56 5010 159 5084; x_wconf 89' lang='lat' dir='ltr'>cipias,</span> <span class='ocrx_word' id='word_1_814' title='bbox 184 5012 312 5084; x_wconf 86' lang='lat' dir='ltr'>quinque</span> <span class='ocrx_word' id='word_1_815' title='bbox 333 5012 454 5084; x_wconf 89' lang='lat' dir='ltr'>syllabas</span> <span class='ocrx_word' id='word_1_816' title='bbox 477 5011 584 5083; x_wconf 87' lang='lat' dir='ltr'>primas</span> <span class='ocrx_word' id='word_1_817' title='bbox 598 5026 650 5082; x_wconf 90' lang='lat' dir='ltr'>pro</span> <span class='ocrx_word' id='word_1_818' title='bbox 669 5010 797 5081; x_wconf 82' lang='lat' dir='ltr'>qrrolibet</span> <span class='ocrx_word' id='word_1_819' title='bbox 816 5009 910 5064; x_wconf 88' lang='lat' dir='ltr'>ionico</span> <span class='ocrx_word' id='word_1_820' title='bbox 964 5007 1106 5079; x_wconf 90' lang='lat' dir='ltr'>principio</span> <span class='ocrx_word' id='word_1_821' title='bbox 1118 5008 1209 5062; x_wconf 87' lang='lat' dir='ltr'>locato</span> <span class='ocrx_word' id='word_1_822' title='bbox 1223 5006 1358 5078; x_wconf 88' lang='lat' dir='ltr'>spondeo.</span> <span class='ocrx_word' id='word_1_823' title='bbox 1374 5007 1419 5059; x_wconf 86' lang='lat' dir='ltr'>Est</span> <span class='ocrx_word' id='word_1_824' title='bbox 1432 5003 1501 5058; x_wconf 91' lang='lat' dir='ltr'>item</span> <span class='ocrx_word' id='word_1_825' title='bbox 1517 5001 1582 5057; x_wconf 86' lang='lat' dir='ltr'>alia.</span> <span class='ocrx_word' id='word_1_826' title='bbox 1597 5001 1627 5056; x_wconf 91' lang='lat' dir='ltr'>Si</span> <span class='ocrx_word' id='word_1_827' title='bbox 1641 5000 1720 5056; x_wconf 87' lang='lat' dir='ltr'>enim</span> <span class='ocrx_word' id='word_1_828' title='bbox 1731 4999 1811 5062; x_wconf 83' lang='lat' dir='ltr'>velis,</span> 
     </span>
     <span class='ocr_line' id='line_1_82' title="bbox 966 5088 1814 5168; baseline -0.012 -18"><span class='ocrx_word' id='word_1_829' title='bbox 966 5101 1033 5168; x_wconf 87' lang='lat' dir='ltr'>post</span> <span class='ocrx_word' id='word_1_830' title='bbox 1053 5101 1162 5152; x_wconf 82' lang='lat' dir='ltr'>sextam</span> <span class='ocrx_word' id='word_1_831' title='bbox 1184 5094 1323 5166; x_wconf 84' lang='lat' dir='ltr'>syllabam</span> <span class='ocrx_word' id='word_1_832' title='bbox 1343 5107 1435 5148; x_wconf 91' lang='lat' dir='ltr'>uuum</span> <span class='ocrx_word' id='word_1_833' title='bbox 1456 5096 1572 5162; x_wconf 85' lang='lat' dir='ltr'>tempus</span> <span class='ocrx_word' id='word_1_834' title='bbox 1584 5088 1690 5154; x_wconf 87' lang='lat' dir='ltr'>silebis,</span> <span class='ocrx_word' id='word_1_835' title='bbox 1705 5089 1735 5142; x_wconf 90' lang='lat' dir='ltr'>et</span> <span class='ocrx_word' id='word_1_836' title='bbox 1747 5090 1814 5157; x_wconf 89' lang='lat' dir='ltr'>post</span> 
     </span>
     <span class='ocr_line' id='line_1_83' title="bbox 966 5174 1812 5254; baseline -0.015 -14"><span class='ocrx_word' id='word_1_837' title='bbox 966 5184 1107 5241; x_wconf 89' lang='lat' dir='ltr'>decimam</span> <span class='ocrx_word' id='word_1_838' title='bbox 1122 5199 1222 5250; x_wconf 93' lang='lat' dir='ltr'>unum,</span> <span class='ocrx_word' id='word_1_839' title='bbox 1232 5187 1298 5254; x_wconf 92' lang='lat' dir='ltr'>post</span> <span class='ocrx_word' id='word_1_840' title='bbox 1312 5181 1491 5237; x_wconf 87' lang='lat' dir='ltr'>undecimam</span> <span class='ocrx_word' id='word_1_841' title='bbox 1506 5177 1696 5241; x_wconf 86' lang='lat' dir='ltr'>tantumdem,</span> <span class='ocrx_word' id='word_1_842' title='bbox 1712 5178 1741 5230; x_wconf 90' lang='lat' dir='ltr'>et</span> <span class='ocrx_word' id='word_1_843' title='bbox 1755 5174 1812 5228; x_wconf 92' lang='lat' dir='ltr'>duo</span> 
     </span>
    </p>
   </div>
   <div class='ocr_carea' id='block_1_7' title="bbox 54 5149 1812 5348">
    <p class='ocr_par' dir='ltr' id='par_1_11' title="bbox 54 5149 1812 5348">
     <span class='ocr_line' id='line_1_84' title="bbox 75 5149 910 5218; baseline -0.004 -13"><span class='ocrx_word' id='word_1_844' title='bbox 75 5156 123 5206; x_wconf 81' lang='lat' dir='ltr'>ute</span> <span class='ocrx_word' id='word_1_845' title='bbox 134 5151 250 5204; x_wconf 80' lang='lat' dir='ltr'>medium</span> <span class='ocrx_word' id='word_1_846' title='bbox 260 5152 383 5204; x_wconf 81' lang='lat' dir='ltr'>tenditod</span> <span class='ocrx_word' id='word_1_847' title='bbox 391 5151 482 5218; x_wconf 79' lang='lat' dir='ltr'>finem,</span> <span class='ocrx_word' id='word_1_848' title='bbox 494 5153 609 5203; x_wconf 68' lang='lat' dir='ltr'>aueum</span> <span class='ocrx_word' id='word_1_849' title='bbox 625 5152 790 5215; x_wconf 75' lang='lat' dir='ltr'>tonpompro</span> <span class='ocrx_word' id='word_1_850' title='bbox 804 5149 910 5202; x_wconf 80' lang='lat' dir='ltr'>silentio</span> 
     </span>
     <span class='ocr_line' id='line_1_85' title="bbox 54 5165 1749 5284; baseline -0.005 -17"><span class='ocrx_word' id='word_1_851' title='bbox 54 5165 108 5284; x_wconf 48' lang='lat' dir='ltr'>xant</span> <span class='ocrx_word' id='word_1_852' title='bbox 117 5216 210 5275; x_wconf 77' lang='lat' dir='ltr'>oddus,</span> <span class='ocrx_word' id='word_1_853' title='bbox 222 5217 305 5270; x_wconf 62' lang='lat' dir='ltr'>sueti.</span> <span class='ocrx_word' id='word_1_854' title='bbox 318 5215 397 5265; x_wconf 81' lang='lat' dir='ltr'>Silvae</span> <span class='ocrx_word' id='word_1_855' title='bbox 411 5216 562 5265; x_wconf 87' lang='lat' dir='ltr'>laborantes</span> <span class='ocrx_word' id='word_1_856' title='bbox 574 5214 633 5278; x_wconf 73' lang='lat' dir='ltr'>gelu</span> <span class='ocrx_word' id='word_1_857' title='bbox 650 5214 755 5263; x_wconf 75' lang='lat' dir='ltr'>duret</span> <span class='ocrx_word' id='word_1_858' title='bbox 771 5213 910 5271; x_wconf 73' lang='lat' dir='ltr'>tacuero,</span> <span class='ocrx_word' id='word_1_859' title='bbox 1247 5270 1252 5281; x_wconf 34' lang='lat'><em>¹</em></span> <span class='ocrx_word' id='word_1_860' title='bbox 1445 5257 1449 5265; x_wconf 83' lang='grc'><strong>,</strong></span> <span class='ocrx_word' id='word_1_861' title='bbox 1743 5261 1749 5273; x_wconf 68' lang='grc'><strong>,</strong></span> 
     </span>
     <span class='ocr_line' id='line_1_86' title="bbox 55 5263 1812 5348; baseline -0.009 -18"><span class='ocrx_word' id='word_1_862' title='bbox 55 5285 110 5331; x_wconf 83' lang='lat' dir='ltr'>etc.</span> <span class='ocrx_word' id='word_1_863' title='bbox 124 5278 243 5343; x_wconf 84' lang='lat' dir='ltr'>Plerique</span> <span class='ocrx_word' id='word_1_864' title='bbox 255 5282 343 5327; x_wconf 70' lang='lat' dir='ltr'>auum</span> <span class='ocrx_word' id='word_1_865' title='bbox 353 5279 425 5336; x_wconf 77' lang='lat' dir='ltr'>tiss,</span> <span class='ocrx_word' id='word_1_866' title='bbox 439 5282 573 5342; x_wconf 77' lang='lat' dir='ltr'>ponerem</span> <span class='ocrx_word' id='word_1_867' title='bbox 585 5277 684 5326; x_wconf 79' lang='lat' dir='ltr'>seilicet</span> <span class='ocrx_word' id='word_1_868' title='bbox 699 5278 800 5338; x_wconf 82' lang='lat' dir='ltr'>primo:</span> <span class='ocrx_word' id='word_1_869' title='bbox 809 5275 911 5348; x_wconf 84' lang='lat' dir='ltr'>supple,</span> <span class='ocrx_word' id='word_1_870' title='bbox 966 5273 998 5328; x_wconf 90' lang='lat' dir='ltr'>iu</span> <span class='ocrx_word' id='word_1_871' title='bbox 1011 5272 1088 5328; x_wconf 88' lang='lat' dir='ltr'>fine:</span> <span class='ocrx_word' id='word_1_872' title='bbox 1108 5277 1142 5326; x_wconf 91' lang='lat' dir='ltr'>ut</span> <span class='ocrx_word' id='word_1_873' title='bbox 1160 5273 1196 5327; x_wconf 90' lang='lat' dir='ltr'>sit</span> <span class='ocrx_word' id='word_1_874' title='bbox 1209 5286 1320 5342; x_wconf 78' lang='lat' dir='ltr'>primus</span> <span class='ocrx_word' id='word_1_875' title='bbox 1339 5269 1491 5342; x_wconf 85' lang='lat' dir='ltr'>spondens,</span> <span class='ocrx_word' id='word_1_876' title='bbox 1510 5265 1652 5321; x_wconf 89' lang='lat' dir='ltr'>secundus</span> <span class='ocrx_word' id='word_1_877' title='bbox 1671 5263 1812 5318; x_wconf 81' lang='lat' dir='ltr'>chorram·</span> 
     </span>
    </p>
   </div>
   <div class='ocr_carea' id='block_1_8' title="bbox 57 5337 912 5522">
    <p class='ocr_par' dir='ltr' id='par_1_12' title="bbox 57 5337 912 5522">
     <span class='ocr_line' id='line_1_87' title="bbox 57 5337 912 5412; baseline -0.007 -21"><span class='ocrx_word' id='word_1_878' title='bbox 57 5342 151 5392; x_wconf 89' lang='lat' dir='ltr'>minus</span> <span class='ocrx_word' id='word_1_879' title='bbox 169 5341 248 5404; x_wconf 90' lang='lat' dir='ltr'>pleno</span> <span class='ocrx_word' id='word_1_880' title='bbox 266 5340 325 5404; x_wconf 90' lang='lat' dir='ltr'>padi</span> <span class='ocrx_word' id='word_1_881' title='bbox 337 5339 455 5412; x_wconf 80' lang='lat' dir='ltr'>debetur.</span> <span class='ocrx_word' id='word_1_882' title='bbox 478 5341 571 5389; x_wconf 88' lang='lat' dir='ltr'>Postea</span> <span class='ocrx_word' id='word_1_883' title='bbox 585 5342 676 5388; x_wconf 86' lang='lat' dir='ltr'>carent</span> <span class='ocrx_word' id='word_1_884' title='bbox 690 5338 760 5410; x_wconf 84' lang='lat' dir='ltr'>bisce</span> <span class='ocrx_word' id='word_1_885' title='bbox 775 5337 869 5393; x_wconf 79' lang='lat' dir='ltr'>verbis,</span> <span class='ocrx_word' id='word_1_886' title='bbox 888 5339 912 5385; x_wconf 88' lang='lat' dir='ltr'>st</span> 
     </span>
     <span class='ocr_line' id='line_1_88' title="bbox 58 5402 774 5522; baseline -0.003 -9"><span class='ocrx_word' id='word_1_887' title='bbox 58 5402 774 5522; x_wconf 53' lang='lat' dir='ltr'>rut&#39;turuttruuuruurrismum·</span> 
     </span>
    </p>
   </div>
   <div class='ocr_carea' id='block_1_9' title="bbox 967 5348 1814 5520">
    <p class='ocr_par' dir='ltr' id='par_1_13' title="bbox 967 5348 1814 5520">
     <span class='ocr_line' id='line_1_89' title="bbox 967 5348 1813 5430; baseline -0.018 -13"><span class='ocrx_word' id='word_1_888' title='bbox 967 5362 1032 5428; x_wconf 89' lang='lat' dir='ltr'>bus,</span> <span class='ocrx_word' id='word_1_889' title='bbox 1048 5360 1149 5416; x_wconf 90' lang='lat' dir='ltr'>tertius</span> <span class='ocrx_word' id='word_1_890' title='bbox 1160 5359 1383 5430; x_wconf 87' lang='lat' dir='ltr'>palimbacchius</span> <span class='ocrx_word' id='word_1_891' title='bbox 1395 5356 1445 5412; x_wconf 89' lang='lat' dir='ltr'>liat</span> <span class='ocrx_word' id='word_1_892' title='bbox 1456 5355 1630 5426; x_wconf 87' lang='lat' dir='ltr'>antispastus</span> <span class='ocrx_word' id='word_1_893' title='bbox 1641 5365 1699 5405; x_wconf 91' lang='lat' dir='ltr'>uno</span> <span class='ocrx_word' id='word_1_894' title='bbox 1707 5348 1813 5404; x_wconf 88' lang='lat' dir='ltr'>silentii</span> 
     </span>
     <span class='ocr_line' id='line_1_90' title="bbox 968 5437 1814 5520; baseline -0.017 -15"><span class='ocrx_word' id='word_1_895' title='bbox 968 5455 1097 5520; x_wconf 89' lang='lat' dir='ltr'>tempore</span> <span class='ocrx_word' id='word_1_896' title='bbox 1112 5451 1312 5511; x_wconf 90' lang='lat' dir='ltr'>annumerato,</span> <span class='ocrx_word' id='word_1_897' title='bbox 1329 5449 1446 5515; x_wconf 82' lang='lat' dir='ltr'>quartus</span> <span class='ocrx_word' id='word_1_898' title='bbox 1458 5442 1601 5515; x_wconf 85' lang='lat' dir='ltr'>spondeus</span> <span class='ocrx_word' id='word_1_899' title='bbox 1610 5439 1660 5495; x_wconf 91' lang='lat' dir='ltr'>llat</span> <span class='ocrx_word' id='word_1_900' title='bbox 1669 5437 1814 5493; x_wconf 85' lang='lat' dir='ltr'>dichorius</span> 
     </span>
    </p>
   </div>
   <div class='ocr_carea' id='block_1_10' title="bbox 0 0 1946 6112">
    <p class='ocr_par' dir='ltr' id='par_1_14' title="bbox 0 0 1946 6112">
     <span class='ocr_line' id='line_1_91' title="bbox 0 0 1946 6112; baseline 0 1"><span class='ocrx_word' id='word_1_901' title='bbox 0 0 1946 6112; x_wconf 95' lang='lat' dir='ltr'> </span> 
     </span>
    </p>
   </div>
  </div>
 </body>
</html>
