3884 6112
737 278 842 337 trualt
863 278 1005 341 PRIMUS.

73 400 159 465 tinec
172 395 236 466 ipsa
249 393 478 466 concupiscentia
492 396 600 466 peccati
615 397 651 453 sit
665 398 697 453 iu
712 400 840 466 homine,

73 483 166 541 uidem
181 482 295 554 quando
306 483 378 538 bene
388 483 504 549 vivitur,
522 501 582 540 uon
592 486 734 543 consentit
743 490 842 544 volun·

73 578 265 629 verumtamen
279 587 337 626 non
351 571 464 641 perlicit
475 572 596 640 bonum,
617 575 685 645 qnia
703 575 778 630 inest
792 577 842 632 ad·

73 661 291 733 eoncupiscentia
305 660 350 715 cui
361 668 504 731 repugnat
515 663 662 730 voluntas;
679 666 760 736 cujus
775 681 842 720 con·

73 751 174 806 centia
196 755 291 805 reatus
315 749 345 803 in
361 751 535 820 Baptismate
550 751 679 815 solvitur,
695 754 745 808 sed
758 754 842 808 iulir·

72 859 76 890 t
105 843 212 906 manet,
232 839 277 892 cui
300 838 391 892 donec
410 843 537 906 sanetur,
562 841 655 895 omnis
681 842 773 896 tidelis
792 842 842 913 qui

78 927 202 1001 prolicit,
224 927 429 982 studiosissime
445 929 610 984 reluctatur.
626 932 776 985 Peccatum
792 948 841 984 au-

72 1017 144 1090 qaod
157 1032 309 1088 ⁸nusquam
323 1022 366 1070 est
384 1017 440 1071 nisi
454 1017 485 1072 in
499 1018 655 1085 voluntate,
670 1019 741 1074 illud
765 1036 842 1091 prae-

72 1132 74 1153 =
98 1104 317 1175 intelligendum
333 1110 386 1175 est,
410 1107 488 1177 qnod
508 1107 584 1177 justa
599 1107 725 1163 damatio
746 1125 842 1164 couse-

76 1198 129 1249 est.
146 1194 203 1247 lloc
217 1192 294 1247 enim
313 1209 365 1264 per
389 1209 480 1248 uuum
497 1194 646 1250 hominem
669 1196 797 1252 introivit
813 1197 842 1251 in

72 1282 146 1338 lum:
157 1297 324 1354 quanquam
339 1285 367 1336 et
376 1282 428 1337 hoc
436 1288 586 1352 peccatum
597 1300 654 1355 quo
666 1285 843 1348 consentitur

72 1368 354 1440 inconcupiscentia
370 1371 389 1438 ¹,
404 1386 463 1424 non
476 1369 531 1425 nisi
553 1372 699 1427 voluntate
714 1374 842 1429 commit

82 1458 202 1527 Propter
212 1460 265 1512 lroc
280 1462 308 1511 et
323 1458 379 1512 alio
394 1458 455 1513 loco
465 1458 538 1514 dixi:
554 1461 614 1517 Non
629 1462 715 1529 ipitur
729 1465 786 1518 nisi
798 1478 844 1519 ua-

72 1550 96 1600 te
104 1552 235 1615 peccatur
249 1545 329 1616 [Cap.
343 1550 369 1613 9,
384 1562 416 1603 n.
433 1550 486 1614 n).

72 1634 201 1705 Itemque
217 1633 272 1689 alio
289 1635 348 1688 loca
364 1634 457 1704 ipsam
471 1635 648 1690 voluntatem
668 1634 785 1690 delinivi
802 1634 843 1689 di-

72 1737 80 1778 :
107 1724 238 1779 Voluntas
271 1728 310 1777 est
331 1725 418 1777 animi
441 1729 539 1791 motus,
565 1730 671 1791 couentc
696 1725 781 1792 nullo,
806 1725 843 1779 ad

72 1810 100 1867 id
117 1811 160 1865 vet
178 1827 231 1866 non
245 1811 424 1866 amittendum
442 1813 484 1866 oct
499 1813 705 1882 adipiscendum
725 1813 788 1884 (ld,
812 1831 839 1870 n.

72 1898 146 1965 tuoe
169 1903 322 1971 propterea
342 1900 449 1955 dictum
470 1905 523 1963 est,
545 1905 577 1956 ut
598 1902 650 1957 hac
675 1901 842 1957 delinitione

72 2005 90 2043 ts
103 2004 121 2043 a
135 1991 248 2043 nolente
262 1989 482 2059 discerneretur,
499 1995 525 2045 et
537 1990 577 2045 sic
590 1990 624 2046 ad
639 1990 703 2045 illos
722 1992 841 2046 reterre-

72 2077 185 2144 tteatio,
207 2077 257 2149 qui
276 2077 364 2149 primi
384 2078 415 2131 in
429 2078 560 2149 paradiso
574 2078 692 2134 fueruat
714 2079 842 2135 hnmano

72 2165 184 2237 riorigo
199 2167 267 2221 mali
282 2171 303 2236 ²,
319 2168 399 2222 nullo
414 2172 534 2239 cogente
555 2168 708 2240 peccando,
724 2169 778 2223 hoc
801 2174 844 2223 est

71 2255 236 2309 uoluntate
246 2257 401 2326 peccando,
415 2258 483 2328 quia
492 2257 755 2312 etsaieutescontra
769 2273 842 2329 prae-

71 2360 107 2400 un
125 2344 263 2412 iecerunt,
280 2351 308 2400 et
323 2346 370 2399 ille
386 2350 511 2401 tentator
525 2347 615 2401 suasit
629 2352 661 2401 ut
674 2347 727 2401 hoc
749 2347 842 2417 lieret,

71 2433 167 2505 coegit.
181 2435 253 2488 Nem
265 2438 293 2488 et
308 2433 359 2505 qui
371 2435 499 2490 nesciens
515 2434 651 2506 peccavit,
667 2451 727 2490 non
741 2435 842 2491 incon·

72 2525 130 2577 ster
144 2524 244 2577 nolens
257 2514 387 2595 peccasse
400 2524 456 2578 dici
469 2528 575 2595 potest,
591 2525 721 2596 quamvis
742 2528 770 2578 et
782 2524 843 2596 ipse

82 2612 211 2667 nesciens
233 2613 309 2679 lecit,
326 2613 424 2667 volens
449 2617 546 2668 tamen
572 2612 654 2681 lecit,
681 2613 720 2667 ita
733 2630 785 2669 nec
800 2614 843 2686 ip-

71 2714 124 2754 asse
139 2700 232 2770 potuit
247 2701 308 2754 sine
324 2701 468 2755 voluntate
482 2704 641 2771 peccatum.
659 2701 728 2766 Quae
743 2703 843 2756 volun·

71 2787 149 2859 tique
170 2788 243 2843 sicut
258 2788 376 2842 delinita
391 2793 443 2857 est,
458 2789 547 2845 animi
563 2796 660 2845 motus
675 2789 740 2857 luit,
762 2791 843 2844 nullo

71 2881 118 2943 rte,
142 2876 178 2930 ad
193 2877 304 2948 aliquid
325 2878 371 2932 vel
386 2894 444 2932 noa
463 2878 666 2949 amittendum,
690 2879 735 2933 vel
750 2877 842 2950 adipi-

71 2964 137 3019 lum.
160 2964 251 3029 Quod¹
265 2965 343 3020 enim
358 2966 382 3020 si
396 2966 542 3034 noluisset,
563 2983 622 3022 uon
646 2967 769 3035 lecisset,
786 2982 843 3021 uon

71 3069 105 3108 us
119 3058 161 3108 εει
174 3055 280 3109 lacere.
297 3054 370 3119 Quia
382 3057 473 3111 voluit
488 3072 557 3127 erqo
571 3055 648 3124 iecit,
665 3056 845 3112 etiamsinon

82 3143 172 3213 voluit
200 3146 337 3215 peccavit,
366 3145 495 3200 nesciens
518 3150 667 3216 peccatum
681 3161 742 3199 esse
766 3146 844 3216 quod

85 3230 126 3286 ita
137 3247 188 3285 nec
203 3233 259 3286 tale
269 3238 417 3303 peccatum
430 3233 491 3287 siue
501 3235 648 3288 voluntate
663 3249 724 3288 esse
738 3233 843 3305 potuit,

71 3319 211 3374 uoluntate
227 3319 304 3386 lacti,
326 3337 381 3374 non
396 3321 542 3375 voluntate
567 3320 685 3392 peccati,
708 3321 786 3393 quod
801 3326 843 3376 ta-

71 3406 174 3462 lectum
188 3414 336 3479 peccatum
347 3408 417 3476 fuit3
432 3409 486 3463 hac
499 3409 575 3464 enim
590 3410 699 3464 lactum
710 3411 843 3481 estquod

72 3510 132 3551 non
160 3496 272 3551 debuit.
287 3498 423 3569 Quisquis
447 3504 544 3553 autem
567 3499 658 3554 sciens
681 3505 791 3570 peccat,
820 3500 844 3554 si

73 3593 85 3638 ι
108 3586 222 3656 cogenti
242 3586 276 3639 ad
299 3592 449 3656 peccatum
475 3586 535 3641 sine
556 3592 671 3659 peccato
700 3588 843 3648 resistere.

69 3688 154 3728 amen
175 3674 252 3740 lacit,
266 3675 365 3745 utique
383 3675 481 3730 rolens
497 3681 608 3747 peccat,
634 3677 770 3747 quoniam
794 3678 844 3748 qui

71 3762 236 3828 tresistere,
247 3778 306 3817 non
317 3764 429 3834 cogitur
440 3764 550 3821 cedere.
563 3765 618 3830 Qui
628 3782 694 3820 vero
714 3765 846 3837 εοςειειίι

70 3850 140 3905 litati
155 3851 230 3906 bona
244 3854 388 3908 voluntate
402 3853 531 3908 resistere
545 3870 603 3909 uon
618 3858 721 3926 potest,
738 3860 768 3910 et
781 3855 844 3910 ideo

71 3945 174 3996 contra
193 3947 340 4012 praecepta
354 3942 486 4012 justitiae,
498 3945 559 4014 jam
575 3944 629 3998 hoc
643 3945 684 3998 ita
696 3949 845 4015 peccatum

70 4031 92 4082 ιι
104 4027 141 4081 sit
156 4028 244 4083 ctiam
258 4046 344 4101 prena
362 4032 480 4102 peccati.
499 4031 678 4103 Quapropter
696 4038 844 4104 peccatum

70 4116 208 4172 uoluntate
223 4134 284 4172 esse
298 4135 359 4173 non
372 4135 456 4189 posse
472 4121 653 4176 rarissimum
667 4126 721 4176 est.

70 4205 199 4278 itemque
215 4208 344 4262 delinitio
359 4210 536 4282 peccatique
552 4210 685 4278 diximus,
704 4214 844 4267 Peccatum

70 4295 168 4350 tluntas
183 4298 318 4351 retinendi
331 4300 373 4352 cet
387 4298 567 4368 consequendi
581 4299 653 4368 quod
671 4300 784 4369 justitia
799 4317 845 4356 ue-

70 4385 176 4440 iundc
199 4387 313 4440 liberum
333 4392 373 4441 εει
399 4389 534 4442 abstinere
555 4384 638 4458 (Cap.
661 4391 704 4453 ll,
729 4405 757 4445 n.
786 4390 844 4460 l5),

70 4479 143 4528 terea
163 4490 230 4529 rere
244 4480 297 4542 est,
322 4474 391 4546 quia
409 4476 437 4530 id
454 4475 605 4530 delinitum
628 4478 760 4549 estquod
782 4482 843 4532 tan·

70 4562 142 4618 nodo
156 4568 306 4632 peccatum
321 4569 372 4625 cst,
390 4580 449 4618 noa
464 4564 543 4635 quod
566 4564 654 4619 etiam
668 4581 753 4635 poena
776 4582 843 4636 pec-

76 4650 149 4705 Nam
171 4651 285 4721 quando
307 4651 363 4705 tale
385 4657 482 4705 estut
504 4650 533 4705 id
562 4651 598 4705 sit
627 4656 655 4706 et
679 4668 763 4722 poena
781 4668 845 4723 pec-

70 4743 210 4811 quanlum
223 4739 353 4809 estquod
368 4739 443 4793 valet
458 4739 590 4792 voluntas
605 4740 657 4794 suh
676 4740 843 4795 dominante

70 4827 159 4894 litate,
181 4827 237 4881 nisi
252 4828 336 4894 forte,
361 4828 385 4882 si
399 4829 448 4899 pia
470 4831 523 4895 est,
538 4831 570 4882 ut
594 4833 657 4883 oret
681 4829 844 4884 auxilium?

70 4921 153 4972 ntum
168 4917 246 4970 enim
262 4918 352 4971 libera
366 4922 418 4983 est,
434 4917 464 4971 in
479 4916 755 4988 quantumliberata
769 4921 811 4972 εει
823 4922 844 4988 ⁴,

81 5009 196 5060 tanturn
214 5007 376 5079 appelletur
398 5006 536 5060 voluntas.
562 5006 698 5078 Alioquin
713 5013 773 5062 tota
793 5023 845 5061 cu-

70 5110 108 5166 ss,
122 5092 143 5162 ⁸,
167 5111 254 5167 quam
279 5098 410 5151 voluntas
431 5095 547 5167 proprie
571 5095 764 5168 nuncupanda
787 5100 842 5150 est:

72 5275 99 5312 ss
113 5266 235 5326 quatuor.
246 5266 417 5315 consentitur
426 5267 531 5326 paccata
543 5263 771 5327 concupiscentia,

69 5340 76 5374 ι
86 5326 250 5388 scriptissex‚
258 5326 384 5390 fecerunt
396 5327 519 5378 nurnano
530 5327 755 5390 pcnsrroriptnsm
766 5326 842 5378 anati.

70 5400 107 5436 m.
123 5393 148 5436 et
163 5387 216 5445 En,
231 5389 341 5438 colenti.

69 5449 342 5512 dd.,quiatntantum
350 5449 520 5501 liberatacst.
530 5449 578 5500 Sed
586 5449 761 5514 elegantiores
770 5451 841 5509 llas..

69 5524 90 5560 to
103 5516 175 5574 quta,
184 5512 283 5570 lerunt,
294 5526 324 5562 m
337 5515 465 5576 quantum
481 5514 594 5563 tiaerala
610 5515 655 5562 est.

69 5574 331 5637 ·v.‚attoqutntulius
339 5574 480 5637 cupiditas.
490 5575 802 5627 Praetulimusdmatllr.
810 5576 845 5626 lo·

1696 305 1749 357 oto

897 417 961 472 quae
981 408 1038 457 non
1060 409 1111 470 est,
1132 405 1205 463 sicut
1221 407 1368 465 llanichaei
1392 411 1548 486 desipiunt,
1574 418 1675 475 alienas
1694 438 1745 478 na·

897 495 969 545 tune
988 491 1226 563 additamentum,
1246 497 1294 553 sed
1316 503 1421 555 nostrae
1446 503 1548 558 vitium
1570 522 1586 560 a
1613 523 1670 578 quo
1686 525 1746 565 non

896 582 1014 633 sanatur
1032 579 1089 633 nisi
1104 581 1197 651 gratia
1208 583 1370 642 Salvatoris.
1390 588 1471 653 Quod
1494 591 1518 645 si
1533 593 1686 665 quisquam
1701 597 1746 652 di·

896 664 944 734 cit,
967 666 1052 722 etiam
1070 668 1163 739 ipsam
1177 673 1362 744 cupiditatem
1385 677 1458 732 nihil
1482 680 1635 737 aliudesse
1655 700 1744 754 quam

896 754 1079 818 voluntatem,
1095 758 1144 813 sed
1158 758 1290 815 vitiosam
1301 769 1472 836 peccatoque
1485 769 1672 839 servientem3
1686 789 1744 827 non

896 842 1088 898 resistendum
1116 849 1169 913 est,
1194 864 1247 902 nec
1268 848 1303 903 de
1324 851 1428 916 verbis,
1461 869 1526 909 cum
1551 872 1596 911 res
1624 864 1744 929 constet,

895 930 1087 985 controversia
1101 932 1241 992 iacienda.
1260 937 1353 993 Etiam
1367 939 1405 994 sic
1419 940 1497 995 enim
1508 944 1669 1000 ostenditur
1683 947 1744 1004 sins

894 1019 1038 1074 voluntate
1052 1022 1163 1076 nullum
1179 1039 1239 1078 esse
1254 1031 1401 1096 peccatum
1416 1029 1518 1085 sivein
1532 1048 1628 1105 opere,
1645 1034 1744 1091 sivein

897 1121 1019 1176 origine.

932 1198 957 1248 5.
974 1195 1083 1251 llursus
1102 1198 1132 1253 in
1156 1215 1189 1254 eo
1211 1216 1268 1271 quo
1283 1201 1351 1268 dixi,
1374 1206 1435 1259 iam
1468 1223 1586 1275 quarere
1606 1225 1744 1280 coeperam,

896 1290 987 1338 utrum
998 1285 1069 1340 ittrtd
1079 1288 1179 1343 malum
1189 1304 1272 1356 penus
1284 1293 1448 1356 animarum,
1460 1299 1606 1364 antequam
1618 1298 1683 1354 borao
1693 1303 1745 1355 mi·

896 1376 1022 1439 sacretur,
1038 1373 1175 1429 mouisset
1184 1376 1307 1444 aliquam
1320 1379 1494 1435 uoluntatem.
1510 1382 1542 1437 Si
1554 1387 1624 1439 enim
1635 1387 1746 1442 nonta-

897 1459 986 1530 bebat,
1007 1463 1065 1516 sina
1082 1467 1191 1532 peccato
1214 1470 1295 1534 atque
1308 1469 1433 1522 innocens
1457 1475 1526 1538 crat,
1544 1477 1570 1527 ει
1589 1474 1648 1529 ideo
1671 1477 1746 1530 trullo

895 1548 974 1603 modo
992 1550 1094 1604 matum
1109 1550 1189 1622 (Cap.
1214 1556 1256 1608 16.
1275 1570 1304 1610 n.
1324 1554 1376 1626 ta).
1405 1557 1463 1611 Cur
1481 1558 1579 1629 igitur,
1599 1560 1746 1632 inquiunt,

896 1640 1045 1706 peccatum
1075 1638 1168 1694 dicitis
1189 1643 1385 1711 parvulorum,
1412 1661 1538 1716 quorum
1570 1650 1747 1706 voluntatem

897 1739 956 1778 non
967 1726 1069 1780 tenetis
1083 1730 1186 1782 reum?
1200 1729 1411 1801 Respondetur,
1432 1748 1493 1788 non
1510 1751 1557 1790 eos
1571 1738 1749 1808 proprietate

896 1813 1059 1883 voluntatis,
1072 1815 1121 1870 sed
1131 1816 1242 1888 origine
1253 1834 1317 1872 reos
1337 1820 1439 1876 teneri.
1452 1820 1551 1876 Omnis
1561 1824 1639 1879 enim
1659 1825 1748 1881 homo

897 1905 1028 1957 terrenus
1049 1903 1119 1974 quid
1144 1909 1185 1960 est
1200 1905 1321 1977 origine,
1338 1906 1393 1961 nisi
1416 1909 1528 1965 Adam?
1549 1912 1637 1968 Porro
1652 1918 1748 1969 antem

896 1990 988 2046 Adam
1003 1992 1126 2049 habebat
1140 1994 1239 2066 utique
1254 1995 1511 2070 voluntatemque
1527 1999 1748 2057 voluntatecum

896 2084 1049 2149 peccasset,
1065 2087 1212 2152 peccatum
1227 2099 1279 2153 per
1293 2099 1360 2139 eum
1373 2083 1491 2140 intravit
1505 2086 1535 2141 in
1550 2089 1699 2146 mundum.

933 2171 958 2223 6.
975 2169 1105 2241 ltemque
1119 2169 1150 2226 ia
1162 2187 1195 2226 co
1211 2172 1288 2244 quod
1303 2172 1370 2239 dixi,
1392 2175 1501 2230 Natura
1515 2190 1570 2231 essa
1584 2180 1662 2234 mna
1685 2182 1748 2234 ani-

896 2271 947 2310 mae
961 2257 1037 2312 mutto
1054 2258 1132 2313 modo
1151 2265 1261 2330 queunt,
1277 2261 1301 2314 si
1315 2261 1454 2333 quaeritur
1468 2265 1614 2335 quomodo
1629 2267 1749 2339 accipia-

898 2360 962 2400 mus
972 2346 1050 2417 quod
1059 2346 1100 2401 ait
1110 2348 1278 2418 Apostolus:
1289 2351 1400 2406 Fuimus
1412 2355 1438 2405 et
1450 2367 1498 2407 nos
1512 2359 1614 2409 notua
1627 2357 1680 2426 ntia·
1688 2359 1748 2423 irae,

897 2435 968 2489 sicut
981 2438 1007 2490 ει
1023 2440 1113 2491 ceteri
1128 2438 1238 2507 (Epicu.
1255 2454 1285 2505 n,
1312 2438 1355 2506 3);
1379 2440 1597 2511 respondemus,
1616 2450 1749 2501 naturam

900 2524 930 2579 in
944 2523 989 2578 his
1004 2524 1097 2578 verbis
1106 2525 1176 2580 meis
1186 2542 1232 2580 me
1240 2526 1363 2595 intelligi
1376 2529 1498 2585 voluisse
1506 2531 1593 2598 illam,
1607 2549 1671 2604 quae
1680 2546 1750 2606 pro-

898 2611 960 2684 prie
970 2615 1071 2668 natura
1083 2613 1196 2682 dicitur,
1208 2614 1237 2668 iu
1246 2630 1302 2685 qua
1312 2615 1374 2671 sine
1383 2616 1451 2671 vitio
1460 2620 1547 2673 creati
1558 2636 1666 2678 sumus.
1677 2624 1748 2678 Nam

898 2701 953 2755 ista
961 2700 1228 2774 propteroriginem
1237 2706 1340 2758 natura
1351 2704 1525 2775 appellatur:
1536 2709 1687 2780 quecorigo
1697 2711 1751 2765 uti-

899 2804 955 2859 que
978 2788 1063 2844 habet
1085 2789 1197 2857 vitium,
1219 2790 1297 2861 quod
1310 2795 1354 2845 est
1368 2797 1467 2847 contra
1486 2798 1628 2851 naturam.
1650 2799 1682 2851 Et
1696 2798 1748 2852 ile·

898 2892 963 2931 rum
978 2876 1008 2931 in
1024 2892 1057 2931 εο
1072 2878 1149 2949 quod
1163 2878 1272 2933 dictum
1291 2884 1342 2947 est,
1354 2882 1459 2936 Pcccati
1470 2897 1546 2937 reum
1561 2887 1646 2939 teneri
1655 2901 1750 2954 quern-

899 2979 992 3036 quam,
1010 2967 1077 3033 qnia
1095 2981 1148 3020 non
1168 2968 1235 3033 fecit
1251 2967 1323 3036 quod
1343 2970 1434 3035 facem
1454 2985 1507 3026 non
1524 2975 1625 3041 potuit,
1641 2988 1751 3031 summe

898 3055 1054 3123 iniquitatis
1075 3058 1100 3106 ει
1118 3055 1234 3108 insaniae
1248 3060 1296 3122 εει,
1314 3056 1371 3111 Cur
1383 3072 1462 3127 ergo,
1478 3057 1622 3130 inquiunt,
1637 3064 1749 3132 parvuli

898 3144 1032 3195 tenentur
1046 3140 1107 3196 reti
1130 3142 1341 3213 despondetur,
1355 3143 1424 3216 quia
1441 3148 1554 3219 exejus
1577 3148 1689 3221 origine
1711 3156 1752 3206 te·

899 3234 1015 3298 nentur,
1031 3230 1081 3302 qui
1092 3246 1150 3285 nou
1165 3231 1231 3286 lecit
1245 3232 1322 3304 quod
1337 3233 1428 3289 lacere
1443 3237 1548 3307 potuit,
1559 3237 1688 3294 divinum
1699 3241 1750 3295 sci·

899 3316 966 3372 licet
986 3333 1098 3372 serrare
1115 3318 1292 3374 mandalum.
1316 3319 1397 3384 Quod
1419 3325 1516 3378 autem
1530 3323 1599 3388 dixi,
1620 3327 1679 3381 lltae
1691 3323 1751 3382 ani

898 3421 948 3460 ma
962 3406 1100 3475 quidquid
1112 3409 1230 3474 sonunt,
1246 3410 1272 3462 si
1288 3414 1389 3464 natura
1404 3425 1457 3464 non
1469 3413 1607 3468 uoluntate
1630 3416 1748 3482 sonunt,

899 3495 993 3561 idest,
1015 3498 1041 3549 si
1063 3495 1145 3550 litero
1160 3499 1185 3550 ει
1197 3496 1234 3550 ad
1247 3497 1404 3562 facundum
1418 3503 1444 3553 ει
1463 3500 1500 3554 ad
1518 3516 1571 3556 non
1591 3504 1749 3570 faciendum

899 3589 973 3638 motu
987 3585 1074 3638 animi
1090 3588 1192 3648 curent,
1216 3586 1241 3638 si
1263 3584 1378 3653 dentque
1393 3586 1435 3640 ln's
1455 3586 1610 3643 abstinendi
1620 3590 1654 3644 ab
1672 3606 1750 3661 opere

899 3687 947 3727 suo
959 3677 1079 3740 potestas
1099 3673 1176 3726 stulta
1194 3673 1357 3738 conceditur,
1375 3681 1516 3743 paccatum
1528 3691 1621 3732 earum
1636 3682 1724 3734 tenere

899 3775 952 3814 non
965 3774 1108 3830 possumus
1123 3759 1204 3830 (Gap.
1219 3762 1261 3826 n,
1276 3777 1304 3815 n.
1322 3764 1352 3815 17
1368 3762 1392 3830 );
1404 3767 1557 3834 propterea
1571 3781 1628 3820 non
1639 3772 1750 3836 pertur-

899 3851 948 3905 bat
961 3850 996 3905 de
1010 3849 1135 3921 parvulis
1150 3849 1281 3921 questio,
1294 3851 1361 3922 quia
1374 3867 1407 3905 ex
1422 3851 1499 3907 illius
1513 3852 1624 3925 origiue
1646 3856 1689 3910 rei
1706 3861 1749 3912 ιε-

899 3944 1014 4005 nentur,
1032 3939 1082 4012 qui
1096 3940 1242 3994 voluntate
1258 3940 1394 4011 peccavit,
1417 3942 1532 4012 quando
1546 3944 1636 3999 libero
1659 3951 1689 4001 ct
1711 3947 1747 4001 ad

899 4028 1061 4084 iaciendum
1076 4032 1105 4083 ει
1115 4027 1150 4082 ad
1166 4044 1223 4083 non
1237 4028 1400 4083 laciendum
1412 4034 1493 4085 motu
1503 4031 1593 4086 animi
1604 4048 1662 4088 non
1677 4050 1750 4089 aare·

898 4117 958 4186 bet,
974 4105 1057 4188 eique
1073 4117 1109 4172 ab
1129 4133 1215 4189 opere
1225 4117 1302 4171 malo
1317 4117 1481 4172 abstinendi
1496 4135 1609 4174 sumina
1623 4125 1749 4190 potestas

899 4209 968 4262 erat.
981 4206 1064 4271 Quod
1072 4204 1219 4261 Manichaei
1230 4206 1265 4261 de
1275 4205 1458 4261 tenebrarum
1468 4212 1553 4277 gente
1565 4223 1623 4262 non
1640 4208 1749 4277 dicunt,

899 4310 985 4367 quam
1001 4293 1210 4348 fabulosissime
1225 4293 1375 4361 inducunt,
1393 4310 1513 4366 eamque
1529 4299 1662 4351 naturum
1676 4314 1750 4352 sem-

899 4400 951 4454 per
965 4382 1084 4450 malam,
1098 4398 1247 4453 uunquam
1261 4383 1368 4437 bonam
1382 4383 1468 4436 fuisse
1483 4382 1673 4440 contendunt.

934 4476 962 4528 7.
987 4471 1062 4526 lllud
1089 4476 1186 4525 autem
1208 4471 1299 4543 quaeri
1326 4474 1420 4543 potest
1445 4471 1589 4541 quomodo
1613 4472 1746 4543 dixerim,

899 4561 1028 4614 Etiamsi
1041 4564 1104 4615 sunt
1118 4562 1216 4614 animer
1228 4559 1300 4628 quod
1314 4561 1424 4613 tratcrtm
1436 4560 1568 4614 incertum
1582 4565 1631 4630 εει,
1651 4579 1745 4637 corpo-

898 4651 951 4702 reis
968 4649 1071 4716 officiis,
1096 4664 1149 4703 non
1169 4653 1288 4718 peccato,
1310 4647 1358 4702 scd
1381 4648 1610 4721 antaradenae,
1633 4668 1748 4723 nosque,

898 4752 1055 4807 quanquam
1065 4739 1121 4792 sint
1135 4738 1287 4803 infertores,
1301 4736 1397 4804 aliqua
1411 4739 1499 4791 tamen
1510 4732 1638 4796 interiora
1650 4745 1748 4798 vicini·

899 4831 953 4881 tate
974 4828 1145 4893 continuant3
1168 4839 1221 4878 non
1244 4825 1307 4877 ittas
1321 4823 1381 4878 idco
1395 4826 1482 4880 motas
1497 4827 1593 4882 taint
1614 4836 1747 4900 oportere,

899 4917 965 4984 qaia
978 4929 1025 4970 nos
1040 4930 1098 4969 cam
1112 4928 1157 4967 eas
1169 4914 1309 4982 sequimur
1322 4917 1347 4966 ot
1362 4928 1489 4983 corporea
1503 4915 1656 4986 ditiqimns
1679 4923 1747 4975 moli

898 5000 1247 5075 sumus5quandoquidem
1263 5001 1298 5055 de
1312 4999 1368 5057 iltis
1382 5002 1436 5056 hoc
1451 5002 1519 5073 dixi,
1535 5005 1688 5076 dequibus
1703 5024 1747 5062 su·

898 5136 1022 5196 ctionem,
1031 5148 1110 5206 quam
1120 5134 1297 5206 ιιιεηιιιειιεεἶ
1308 5138 1417 5209 excepto
1429 5150 1483 5187 uno
1493 5137 1546 5188 tere
1561 5140 1649 5212 Germ,
1659 5139 1746 5203 inquo

897 5197 1747 5324 nantaurli,utriculumtzur-attulaeltu

898 5322 993 5371 melius
1003 5320 1265 5372 utincaeterisamato
1281 5323 1547 5387 comparativo,quod
1562 5324 1750 5375 reticereamut

899 5383 924 5433 S.
944 5385 1011 5447 Aug.
1028 5383 1071 5432 Sic
1094 5384 1109 5431 2
1136 5383 1260 5444 Retract„
1278 5397 1334 5448 cap.
1348 5386 1376 5433 d:
1398 5384 1463 5442 Quae
1480 5384 1545 5432 mihi
1562 5386 1638 5448 quasi
1660 5386 1748 5436 decla·

899 5464 913 5492 a
926 5445 1007 5495 matio
1020 5444 1094 5501 levis,
1107 5457 1187 5506 quam
1202 5446 1289 5508 gravis
1301 5446 1432 5495 consessio
1445 5443 1558 5494 videtur.
1574 5461 1589 5493 u

930 5511 937 5542 ¹
953 5509 1021 5568 Am,
1036 5507 1078 5555 Er.
1090 5510 1116 5556 et
1127 5506 1262 5558 Becccnsis
1276 5509 1370 5567 codex,
1383 5510 1494 5570 peccato
1505 5510 1694 5563 commtcnsm'.
1706 5509 1749 5561 Sic

900 5569 978 5621 ctiam
993 5567 1060 5618 Lov.
1079 5569 1106 5618 in
1122 5569 1234 5620 tibrada
1249 5569 1356 5620 Duabus
1368 5567 1521 5618 animabus.
