3884 6112
100 290 166 347 lter
734 285 782 340 DE
800 284 943 354 hustet,
967 284 1006 344 ⁴8.
1022 284 1214 345 AUGUSTINI
1809 286 1869 341 lttt

97 414 187 489 digit:
207 413 264 469 illis
279 411 364 468 etiam
377 411 471 484 quiin
495 413 616 482 utroque
631 424 733 482 genere
755 411 837 482 quasi
851 412 947 468 mode-
1002 427 1051 467 sus
1064 411 1223 484 quamlibet
1250 409 1416 482 productius
1434 409 1662 481 pronuntiatus,
1683 423 1752 464 non
1774 407 1870 464 ambe

98 508 208 560 ratores
222 502 471 574 exploratoresque
495 502 664 554 caeterorum
686 496 896 553 transeuntium
917 497 947 552 iu
1000 500 1101 572 regula
1114 499 1209 571 simpli
1229 504 1258 554 et
1276 497 1368 570 dupli,
1388 513 1566 553 neenoman
1580 495 1710 553 amittit:
1719 501 1753 552 at
1763 495 1871 552 illever-

100 608 185 648 seusu
199 590 365 663 praesident,
380 605 438 643 non
453 589 488 642 ad
503 587 677 660 superfluam
689 587 733 642 vel
756 586 946 658 perniciosam
1001 605 1049 643 sus
1062 588 1112 660 qui
1127 587 1297 660 pyrrhichiis
1319 587 1440 659 pedibus
1460 590 1586 654 constat,
1610 584 1768 657 paulatim
1783 584 1871 640 addita

50 698 57 707 ·
99 680 292 736 curiositatem
308 678 356 733 sed
372 678 407 733 ad
424 676 614 732 necessariam
625 675 825 748 probationem
837 677 880 731 val
896 675 948 730 im·
1000 674 1205 745 pronuntiandi
1226 688 1319 741 mora,
1349 672 1382 727 tit
1404 676 1520 745 repente
1546 670 1751 744 spondiacus,
1773 670 1797 724 si
1821 687 1870 726 nou

100 769 301 843 probationem
315 767 425 821 utitur:
441 782 537 821 noune
563 774 592 820 et
615 765 686 820 istos
700 781 799 820 omnes
812 780 947 819 numeros
1001 762 1227 835 grammaticum,
1243 763 1293 818 sed
1313 760 1452 816 musicam
1470 760 1621 816 consulas.
1639 762 1683 815 At
1696 774 1770 813 vero
1787 759 1812 813 si
1826 759 1868 814 da·

99 859 168 930 agit,
183 856 306 913 etnullis
322 871 422 909 eorum
437 854 547 926 laqueis
562 853 746 926 implicatur?
762 851 946 925 Quandoqui·
1000 853 1117 923 ctylicus
1125 856 1175 907 aut
1184 849 1372 922 anapaesticus
1384 850 1429 917 sit,
1441 849 1584 921 quoniam
1595 850 1706 920 longae
1720 847 1869 904 ruiturum

98 947 165 1003 dem
179 949 207 1001 et
221 945 341 1001 salutem
356 942 484 1015 corporis
497 947 598 998 utnon
613 941 788 1013 impediatur
810 940 899 1012 eligit.
919 944 948 995 et
1000 938 1130 995 brevium
1143 939 1356 1010 comparatione
1370 939 1542 1003 sentiuntur,
1555 937 1703 1010 qualibet
1712 952 1800 991 mora
1808 952 1867 1007 pro

99 1051 200 1091 omncs
215 1050 261 1089 eas
288 1032 411 1088 actiones
437 1032 473 1088 ad
501 1030 654 1087 utilitatem
677 1029 800 1102 proximi
823 1031 946 1097 revocat,
1000 1028 1158 1097 nuntietur,
1174 1032 1267 1083 servat
1281 1044 1387 1083 nomeu
1403 1043 1497 1082 suum.
1511 1027 1590 1093 Quid
1606 1026 1820 1082 additamenta
1833 1044 1868 1082 se·

98 1139 186 1197 quem
200 1120 488 1195 propteroommuuis
500 1119 574 1192 Juris
587 1120 717 1175 naturale
727 1119 873 1174 vinculum
886 1122 947 1173 tan·
999 1117 1149 1189 mipedum
1173 1133 1232 1173 non
1253 1117 1354 1172 eadem
1366 1117 1430 1188 lage
1443 1116 1475 1171 in
1489 1116 1586 1188 capite
1603 1131 1670 1188 qua
1687 1114 1721 1169 in
1737 1114 1798 1169 line
1820 1131 1868 1169 sar-

99 1229 187 1284 quam
203 1212 326 1283 seipsum
342 1209 569 1282 diligarejussus
583 1212 635 1263 cst.
651 1209 689 1263 D.
703 1208 838 1278 ldagnum
850 1222 947 1279 quem·
999 1206 1100 1273 vande,
1130 1221 1183 1261 nec
1212 1205 1310 1261 omnia
1334 1206 1464 1278 quamvis
1491 1204 1527 1261 ad
1556 1204 1709 1259 eumdem
1737 1203 1866 1274 plausum

97 1300 164 1357 dam
176 1301 270 1354 virum
284 1304 312 1355 et
324 1314 390 1354 vere
409 1296 650 1353 humanissimum
661 1295 810 1368 praedicas.
1000 1298 1180 1366 coaptentur.
1196 1293 1378 1349 adhibenda?
1393 1292 1463 1365 quid
1475 1292 1603 1348 duarum
1619 1290 1795 1362 aliquando
1811 1290 1866 1345 bre

133 1389 181 1443 le.
201 1390 239 1444 M.
253 1387 314 1441 Nou
329 1386 419 1457 igitur
436 1383 549 1439 numeri
570 1383 621 1454 qui
638 1387 704 1437 sunt
716 1382 791 1437 inira
806 1380 946 1437 rationem
999 1383 1079 1438 vium
1093 1383 1198 1455 potius,
1210 1398 1297 1455 quam
1311 1382 1398 1437 unius
1408 1382 1501 1453 longae
1514 1378 1746 1451 iulluepositio
1755 1380 1866 1434 luanus

97 1480 126 1532 et
139 1476 227 1530 iusuo
237 1490 342 1546 genere
354 1473 468 1544 pulchri
477 1476 554 1539 sunt,
571 1472 620 1526 sed
635 1487 716 1526 amor
729 1469 946 1540 inferiorispul-
999 1470 1062 1543 ipso
1077 1488 1162 1528 sensu
1181 1472 1407 1528 modificantur?
1418 1472 1474 1528 Nec
1496 1471 1526 1526 in
1547 1469 1594 1526 his
1612 1469 1805 1542 aequalitatis
1818 1486 1864 1524 nu·

97 1563 267 1619 chritudiuis
286 1562 412 1617 animam
439 1561 561 1633 polluit:
589 1577 654 1633 quae
675 1576 739 1615 cum
761 1560 792 1614 in
819 1560 867 1614 illa
887 1574 946 1613 nou
1000 1575 1108 1630 merus,
1123 1560 1168 1614 cui
1183 1559 1256 1615 nihil
1272 1558 1392 1631 deperit,
1404 1559 1461 1614 sive
1478 1558 1550 1614 illud
1567 1557 1630 1612 siva
1647 1556 1735 1612 aliud
1755 1556 1804 1622 sit,
1819 1556 1864 1611 sed

96 1652 182 1708 modo
204 1651 408 1724 aequalitatem,
425 1649 460 1704 de
481 1665 538 1720 qua
559 1665 613 1719 pro
627 1653 757 1720 suscepto
774 1663 860 1719 opere
878 1647 946 1702 satis
999 1648 1110 1704 ordinis
1124 1648 1269 1703 vinculum
1285 1647 1436 1720 reperitur.
1462 1648 1596 1719 Longum
1619 1650 1670 1700 est
1696 1660 1863 1716 percurrere

96 1739 204 1796 dictum
219 1743 271 1802 est,
285 1738 334 1793 sed
347 1738 432 1792 etiam
448 1736 579 1792 ordinem
594 1735 704 1808 diligat,
718 1735 814 1790 amisit
827 1735 889 1807 ipsa
899 1751 945 1790 or·
1000 1737 1280 1792 emtaraadeamdem
1290 1737 1347 1791 vim
1362 1735 1536 1809 pertinentia
1548 1734 1579 1790 in
1592 1737 1739 1792 numeris
1751 1741 1862 1808 tempo-

96 1828 193 1885 dinem
208 1843 308 1895 suum;
336 1842 389 1881 nec
416 1832 513 1882 tamen
532 1825 649 1880 excessit
676 1824 807 1880 ordinem
835 1839 945 1891 rerum,
999 1841 1074 1881 rum.
1090 1825 1144 1881 Sed
1164 1841 1268 1897 nempe
1300 1826 1386 1880 etiam
1399 1826 1506 1880 formas
1528 1823 1667 1880 visibiles
1688 1841 1796 1881 sensus
1809 1825 1862 1896 ipse

96 1914 330 1988 quandoquidem
353 1913 393 1967 ibi
409 1918 461 1980 est,
486 1918 515 1967 ct
537 1912 577 1966 ita
595 1916 648 1979 est,
671 1912 720 1968 ubi
742 1929 812 1981 esse,
830 1918 860 1968 et
874 1929 945 1985 quo·
1001 1919 1180 1986 aspernatur,
1194 1918 1243 1970 aut
1256 1918 1468 1985 prouescontra
1483 1929 1572 1985 quam
1586 1914 1686 1980 decet,
1704 1917 1760 1968 aut
1775 1913 1860 1984 eapite

94 2005 180 2060 modo
193 2019 253 2059 esse
267 2004 350 2069 tales,
362 2001 610 2057 ordinatissimum
622 2005 673 2057 est.
699 2001 784 2056 Aliud
801 1999 879 2056 euim
902 2006 945 2056 est
999 2004 1144 2071 deorsum,
1162 2007 1190 2059 et
1205 2002 1319 2070 similia,
1333 2003 1365 2057 iu
1380 2003 1485 2074 quibus
1500 2018 1561 2057 uon
1579 2002 1792 2074 inaequalitas,
1807 2017 1859 2056 ma

93 2097 192 2149 tenere
206 2092 349 2160 ordinem,
364 2090 444 2146 aliud
456 2091 556 2147 ordine
570 2090 672 2146 teneri.
694 2092 783 2146 Tenet
801 2089 943 2157 ordinem,
999 2096 1084 2146 neute
1099 2091 1224 2162 partium
1239 2089 1393 2163 parilitate,
1413 2090 1461 2145 sed
1476 2088 1655 2162 perversitas
1667 2090 1857 2162 improbatur.

93 2180 257 2252 seipsatota
272 2178 394 2251 diligens
409 2193 466 2249 quo
483 2194 570 2250 supra
585 2195 614 2233 se
638 2180 691 2248 est,
716 2178 745 2234 id
775 2184 817 2235 est
841 2179 942 2246 ileum,
999 2181 1144 2235 Postremo
1167 2179 1197 2233 iu
1224 2179 1357 2235 omnibus
1374 2178 1504 2234 sensibus
1526 2183 1558 2233 et
1578 2179 1729 2250 operibus
1750 2178 1857 2248 bosun,

93 2267 183 2324 socias
196 2271 292 2322 autam
308 2265 420 2321 animas
443 2270 582 2338 tauquam
597 2266 729 2338 seipsam.
754 2268 811 2321 llae
834 2266 943 2338 quippe
998 2283 1064 2323 cum
1078 2267 1193 2322 insolita
1205 2269 1353 2340 pleraque,
1364 2272 1393 2323 et
1403 2268 1499 2323 abhoc
1512 2267 1856 2340 injucundaquibusdam

93 2352 372 2411 dilectionisvirtute
386 2351 523 2407 inferiora
543 2352 666 2414 ordinat,
682 2352 785 2408 neceb
799 2353 943 2409 inferiori·
998 2357 1135 2429 gradibus
1149 2356 1290 2429 appetitui
1310 2362 1409 2412 nostro
1430 2355 1631 2423 conciliamus,
1658 2359 1689 2411 at
1707 2372 1746 2410 ea
1768 2355 1856 2427 primo

94 2441 149 2498 bus
164 2440 327 2496 sordidatur
352 2438 372 2494 ¹.
400 2439 593 2510 Quodautem
616 2440 698 2495 illam
720 2441 857 2509 sordidat,
886 2458 943 2497 non
997 2445 1194 2513 tolerabiliter,
1206 2445 1309 2500 deinde
1322 2444 1444 2502 libenter
1453 2443 1752 2515 accipimus;nonne
1761 2444 1856 2500 ordine

94 2535 137 2586 est
161 2530 281 2595 malum,
310 2528 379 2601 quia
407 2528 494 2583 etiam
508 2544 613 2599 corpus
628 2533 759 2584 creatura
773 2529 824 2584 Dei
848 2533 900 2597 est,
915 2533 944 2584 et
997 2533 1175 2589 conteximus
1188 2534 1419 2604 voluptatem,'et
1433 2533 1490 2587 uisi
1501 2532 1601 2604 priora
1617 2531 1741 2600 mediis,
1759 2536 1789 2588 at
1801 2548 1855 2587 me

92 2617 186 2690 specie
201 2634 251 2673 sua
265 2617 395 2690 quamvis
411 2616 511 2672 intima
521 2617 683 2684 decoratur,
699 2618 748 2673 scd
760 2633 820 2686 pree
838 2617 943 2672 enimes
998 2622 1046 2678 dia
1059 2622 1212 2694 postremis
1224 2622 1402 2677 concorditer
1415 2637 1486 2677 uera
1501 2625 1578 2685 suut,
1590 2620 1815 2677 abhorremus?

92 2705 231 2778 dignitate
238 2705 435 2760 contemnitur
447 2726 454 2771 ;
466 2704 550 2760 sicuti
565 2704 629 2770 auri
642 2705 944 2777 dignitas,etiampur·
1033 2712 1081 2767 le.
1096 2710 1288 2775 Quamobrem
1303 2726 1396 2783 neque
1410 2709 1441 2764 in
1457 2709 1605 2780 voluptate
1624 2711 1753 2781 carnali,
1768 2725 1856 2782 neque

91 2793 230 2867 gatissimi
248 2794 360 2866 argenti
379 2793 586 2850 commixtione
600 2793 746 2849 sordescit.
765 2794 945 2866 Quapropter
997 2798 1028 2854 in
1043 2798 1200 2854 bonoribus
1214 2803 1242 2854 et
1256 2799 1390 2854 laudibus
1404 2797 1567 2863 homiuum,
1584 2813 1686 2870 nequa
1706 2799 1742 2852 in
1763 2814 1856 2853 eorum

91 2883 267 2956 quicumque
291 2883 326 2940 da
349 2887 448 2939 nostra
468 2898 584 2955 quoque
611 2882 747 2954 poenali’
770 2883 943 2938 mortalitate
998 2882 1194 2954 exploratione
1208 2898 1274 2953 qum
1288 2881 1445 2937 forinsecus
1458 2898 1563 2953 corpus
1578 2883 1748 2954 attingunt,
1765 2888 1855 2939 nostra

91 2972 207 3028 numeri
219 2971 286 3029 laeti
302 2977 380 3041 sunt,
396 2987 455 3027 nou
469 2987 517 3027 eos
541 2970 706 3027 abdicemus
720 2987 737 3026 a
756 2969 943 3028 fabricatione
997 2967 1103 3040 gaudia
1113 2968 1295 3040 collocemus,
1308 2968 1446 3024 habentes
1459 2967 1601 3024 inintimo
1613 2971 1724 3038 ileum,
1736 2971 1789 3026 nbi
1802 2986 1855 3025 ccr-

90 3060 196 3117 divinae
210 3059 414 3131 providentiae,
430 3076 496 3114 eum
513 3059 570 3115 siut
583 3060 615 3115 in
628 3076 733 3131 genere
745 3077 795 3116 suo
817 3060 941 3133 pulchri.
997 3061 1060 3112 tum
1070 3060 1113 3112 est
1124 3061 1152 3112 et
1166 3056 1403 3113 incommutabile
1412 3057 1581 3130 omnequod
1597 3073 1752 3114 amamus.
1767 3058 1855 3127 ttulit,

92 3149 190 3221 Neque
202 3164 334 3204 amemus
348 3164 407 3215 eos,
423 3153 456 3203 ut
469 3148 549 3220 quasi
562 3149 734 3220 perfruendo
750 3149 854 3206 talibus
867 3150 944 3205 beati
997 3150 1030 3201 ut
1043 3151 1073 3202 et
1086 3163 1150 3202 cum
1162 3147 1266 3202 adsunt
1276 3147 1338 3201 haec
1351 3146 1531 3219 temporalia,
1548 3161 1610 3201 non
1631 3151 1739 3202 muron
1753 3147 1795 3202 eis
1808 3147 1856 3202 im·

92 3235 263 3292 efficiamur.
278 3235 327 3291 llis
338 3235 454 3299 etenim,
466 3235 604 3308 uqouiam
612 3236 785 3308 temporales
795 3241 869 3301 suut,
879 3242 944 3293 tan·
996 3235 1149 3307 plicamur,
1164 3239 1194 3290 at
1207 3235 1269 3290 sine
1282 3251 1367 3290 seusu
1373 3234 1479 3290 doloris
1489 3251 1553 3308 qua
1563 3239 1648 3291 extra
1659 3252 1774 3308 corpus
1786 3239 1855 3301 sunt,

91 3340 179 3397 quam
195 3324 293 3380 tabula
303 3324 334 3379 in
344 3324 488 3391 fluctibus,
502 3340 597 3396 neque
609 3324 769 3396 abJ'iciendo
778 3324 858 3396 quasi
874 3341 942 3379 one·
997 3323 1108 3380 absint:
1123 3324 1218 3396 ipsum
1230 3328 1325 3379 autem
1339 3340 1451 3396 corpus,
1467 3328 1516 3379 aut
1530 3325 1624 3390 nullo,
1637 3328 1691 3380 aut
1707 3342 1769 3380 non
1784 3325 1856 3397 gravi

90 3429 179 3481 rosos,
199 3430 295 3486 neque
311 3414 507 3486 amplectendo
527 3413 610 3486 quasi
633 3413 775 3481 fundatos,
796 3414 846 3469 sed
868 3414 942 3470 bene
997 3427 1082 3467 seusun
1098 3411 1203 3467 doloris
1218 3411 1371 3477 adimatur,
1392 3411 1652 3468 etrelormandnm
1670 3418 1790 3469 naturae
1804 3429 1856 3468 sne

89 3501 196 3558 utendo
211 3503 383 3558 carebimus.
398 3502 586 3559 Adilectione
601 3507 696 3558 autem
718 3501 842 3574 proximi
863 3506 944 3558 tanta
996 3503 1089 3555 morte
1101 3500 1243 3556 reddatur.
1256 3501 1383 3556 Atlantia
1394 3500 1636 3573 namqueanimae
1653 3502 1693 3557 ad
1709 3499 1857 3575 corporis¹

90 3595 198 3661 quanta
210 3589 342 3662 precipit
348 3607 393 3659 ur,
407 3589 582 3646 certissimus
592 3590 699 3662 gradus
712 3589 843 3658 tituobis,
857 3589 942 3645 utin·
996 3592 1108 3662 partem
1120 3588 1250 3660 inquieta
1265 3589 1380 3659 negotia
1395 3588 1547 3657 contrahit,
1570 3593 1601 3644 et
1618 3589 1788 3646 universali
1801 3591 1855 3662 lege

90 3678 250 3734 haereamus
265 3680 335 3746 Deo,
350 3683 379 3733 et
390 3695 450 3734 non
462 3683 613 3735 teneamur
635 3683 748 3735 tantum
763 3677 942 3734 ordinatione
996 3678 1125 3749 neglecta
1139 3677 1242 3748 privati
1256 3678 1405 3749 cujusdam
1429 3677 1524 3749 operis
1549 3693 1645 3746 amor,
1664 3681 1753 3752 quod
1770 3680 1854 3752 ipsum

89 3764 176 3833 illius,
192 3767 241 3821 sed
254 3771 387 3821 nostrum
416 3767 503 3822 ctiam
513 3768 645 3823 ordinem
662 3767 863 3823 inconcussum
885 3781 943 3822 cer·
996 3769 1094 3821 tanmn
1109 3765 1144 3820 ab
1159 3765 1345 3821 universitate
1365 3780 1453 3839 quam
1477 3767 1552 3821 Deus
1575 3766 1656 3838 regit
1682 3784 1748 3823 non
1771 3771 1854 3841 potest

51 3896 56 3901 .
89 3856 209 3924 tumque
224 3858 386 3909 teneamus.
996 3853 1125 3909 alienari.
1143 3854 1242 3925 ltaque
1256 3854 1389 3909 subditur
1403 3854 1514 3926 legibus
1530 3853 1581 3926 qui
1596 3870 1661 3909 non
1674 3862 1762 3913 amat
1776 3858 1851 3929 leges

124 3943 169 3997 lv.
185 3944 229 3996 An
241 3941 361 3997 sortasse
373 3942 504 3997 ordinem
511 3941 672 4013 nondiligit
678 3941 775 3997 anima
783 3942 841 3998 illis
856 3945 942 4001 etiam
995 3941 1109 3997 CAPUT
1128 3943 1182 3998 liV.
1196 3972 1231 3982 —
1244 3943 1401 4014 Corporales
1414 3958 1539 3999 nummos
1551 3949 1618 4013 post
1627 3949 1852 4002 resurrectiones

90 4031 218 4087 numeris
233 4030 414 4087 sensualibus
427 4031 626 4087 attestantibus
637 4031 736 4087 ‘lUnde
749 4046 817 4102 ergo
832 4031 943 4103 primus
1031 4032 1194 4100 apetoaima
1207 4034 1304 4101 quiete.
1322 4034 1444 4089 Virtutes
1458 4035 1577 4102 quotuor
1591 4033 1701 4103 quibus
1712 4035 1759 4091 bie
1772 4038 1852 4090 meso

89 4135 141 4193 pes
160 4124 204 4176 est
226 4120 423 4193 pyrrhichius,
443 4121 584 4176 secundus
608 4119 731 4183 iambus,
755 4121 856 4176 tertius
883 4126 942 4176 tro·
1029 4122 1182 4189 perficitur.

89 4207 196 4277 chaus,
213 4213 241 4264 et
250 4208 386 4280 deinceps
400 4207 654 4280 caeterilSedjure
668 4209 723 4265 hoe
737 4209 840 4266 dixeris
855 4210 942 4267 ratio-
1030 4209 1076 4265 49.
1093 4208 1146 4264 Sed
1161 4208 1185 4263 si
1205 4208 1239 4264 de
1252 4209 1339 4265 rebus
1352 4207 1529 4280 incorporeis
1549 4211 1578 4263 ct
1600 4209 1713 4265 eodem
1730 4212 1816 4268 modo
1828 4225 1851 4264 se

88 4312 155 4352 uem
171 4297 266 4370 potius
281 4302 411 4353 secutam
434 4314 506 4365 esse,
522 4314 581 4353 non
596 4314 721 4354 sensum.
737 4298 809 4364 Quid
834 4298 942 4371 itaque,
996 4311 1111 4368 semper
1124 4296 1309 4365 habentibus,
1331 4298 1503 4369 plerumque
1518 4297 1718 4355 attentissime
1734 4300 1850 4373 cogitan-

87 4384 160 4441 illud
178 4402 274 4442 nonne
298 4385 483 4442 sensualibus
497 4386 625 4442 numeris
646 4387 774 4444 dandum
795 4392 847 4459 est,
866 4388 943 4460 quod
996 4389 1050 4457 tes,
1068 4384 1092 4442 si
1108 4402 1180 4458 quos
1194 4386 1267 4443 forte
1280 4387 1330 4444 illo
1345 4392 1476 4458 tempore
1489 4385 1605 4459 agimus
1624 4405 1772 4446 numeros
1792 4395 1852 4447 tem

88 4489 154 4528 cum
178 4478 290 4530 tantum
315 4474 458 4546 temporis
482 4477 631 4546 occupent,
655 4474 735 4528 verbi
756 4474 857 4546 gratia,
880 4480 942 4531 octo
995 4475 1110 4547 poralas
1125 4475 1155 4530 in
1175 4476 1446 4548 quolibetcorporis
1468 4480 1561 4546 motu,
1580 4476 1663 4532 facili
1684 4495 1759 4535 sane
1777 4483 1851 4551 atque

87 4559 184 4632 longae
199 4562 323 4633 syllabae,
343 4566 489 4634 quantum
503 4560 646 4617 sexdecim
658 4560 769 4631 breves,
792 4561 822 4616 in
841 4561 943 4617 codam
996 4564 1193 4632 usitatissimo,
1208 4564 1268 4620 sive
1278 4565 1504 4632 deambulantes,
1517 4564 1576 4620 sive
1586 4567 1763 4636 psallentes,
1778 4583 1850 4639 pror-

88 4652 186 4703 tamen
201 4649 293 4720 spatio
308 4649 409 4705 breves
423 4650 517 4722 longis
528 4649 625 4722 potius
637 4647 943 4720 misceriexspectautl
995 4669 1043 4708 sus
1057 4652 1140 4708 nobis
1155 4653 1357 4724 ignorantibus
1370 4656 1531 4720 transeunt,
1549 4655 1688 4725 quamvis
1703 4656 1789 4713 nobis
1802 4671 1851 4710 nou

88 4736 198 4807 licque
214 4752 299 4791 sensu
321 4752 390 4793 cum
404 4738 477 4794 ratio
488 4738 600 4810 judicat
613 4741 642 4792 et
664 4736 691 4793 ai
712 4737 942 4809 proceleumatici
995 4741 1147 4813 agentibus
1171 4741 1244 4797 nulli
1266 4745 1381 4797 essent:
1404 4741 1427 4796 si
1452 4740 1577 4811 denique
1603 4741 1636 4797 iu
1661 4742 1739 4815 ipsis
1759 4743 1851 4799 nostris

87 4823 177 4896 pedes
192 4839 252 4878 asse
276 4826 401 4895 aquales
427 4826 560 4898 spondeis
583 4825 706 4898 pedibus
726 4825 941 4897 renuntiantur,
995 4829 1129 4885 inanibus
1143 4830 1394 4901 phantasmatibus
1408 4846 1472 4885 eum
1486 4829 1618 4901 occupati
1633 4846 1751 4900 sumus,
1766 4829 1852 4889 sinui

87 4912 159 4969 nihil
175 4912 253 4968 aliud
268 4911 315 4967 bic
332 4913 427 4970 valore
443 4915 563 4981 invenit,
583 4931 670 4988 quam
691 4914 880 4971 ordinationis
892 4931 943 4987 po-
995 4923 1040 4973 ter
1053 4917 1108 4972 ista
1131 4922 1309 4989 praetereunt
1321 4916 1472 4989 agentibus
1486 4933 1540 4972 nec
1553 4916 1753 4975 sentientibus
1767 4918 1848 4981 uobis,

87 5001 220 5069 tentiam,
237 5000 308 5074 quia
323 5017 377 5056 nec
391 5002 484 5073 longas
494 5003 610 5075 syllabae
618 5003 674 5059 nisi
683 5003 813 5059 brevium
827 5018 941 5074 compa·
995 5010 1102 5079 quanto
1117 5006 1209 5079 magis
1224 5010 1395 5078 quantoque
1409 5004 1598 5076 constantius,
1608 5022 1671 5062 cum
1682 5006 1851 5078 committite

86 5091 198 5148 ratione
212 5090 307 5163 longa
326 5095 403 5158 sunt,
427 5107 480 5146 nec
502 5092 602 5148 breves
621 5108 737 5148 rursum
757 5092 857 5148 breves
876 5094 942 5173 sunt
996 5096 1043 5151 lroc
1067 5096 1189 5151 induerit
1215 5097 1455 5166 iacomuptioncm,
1480 5098 1505 5148 et
1519 5096 1637 5150 mortale
1659 5096 1712 5152 boc
1739 5096 1851 5151 induerit

88 5179 144 5235 nisi
157 5178 375 5254 comparatione
388 5180 560 5252 longarum:
582 5181 703 5255 ideoque
726 5183 865 5239 iambicus
878 5196 940 5238 ver·
995 5185 1227 5240 immortalitatem
1252 5184 1274 5256 (l
1299 5185 1360 5242 Gor.
1382 5200 1429 5251 xv,
1448 5183 1506 5252 5³),
1533 5183 1564 5238 id
1588 5186 1642 5253 est,
1664 5188 1701 5239 ut
1714 5183 1850 5240 bocidam

393 5308 397 5315 ·
994 5273 1110 5346 plenius
1124 5273 1255 5346 eloquar,
1271 5288 1338 5328 cum
1350 5273 1424 5327 Deus
1437 5270 1625 5327 vivificaverit
1639 5273 1778 5329 mortalia
1794 5286 1848 5327 cor

118 5356 177 5407 ¹ltu
188 5357 250 5408 btss.
267 5355 401 5408 undecim.
412 5353 561 5405 AtllmAEr.
574 5355 669 5406 etLov.
678 5355 939 5414 habentordbwtttr.
994 5375 1066 5432 pora
1079 5364 1186 5426 nostra,
1211 5360 1287 5415 sicut
1311 5358 1468 5432 Apostolus
1491 5356 1570 5429 dicit,
1591 5363 1713 5429 propter
1731 5361 1849 5430 spemn

85 5417 942 5546 vanem{puatrrghip'i‘gh'f‘tlwrsgeddelxsltsqffin‘atrffngffifflffl}
995 5453 1147 5505 manentem
1161 5450 1190 5504 ta
1204 5449 1282 5504 cobis
1300 5448 1389 5519 (Boea
1404 5462 1463 5515 vm,
1481 5447 1538 5517 ¹¹l²
1563 5451 1676 5519 quanto
1699 5464 1769 5521 ergo
1788 5452 1849 5504 tuuc

83 5538 233 5597 lvrmaltr·
1031 5546 1038 5581 ¹
1054 5544 1164 5609 Legitur
1178 5544 1206 5595 in
1222 5544 1426 5609 pluribusne..
1438 5543 1468 5594 in
1480 5544 1604 5607 temporis
1617 5547 1737 5608 purtem.
