3884 6112
60 279 97 332 cs
529 271 616 331 ura
638 230 1195 332 s.snnusrmrrr1soor1.'usna
1216 270 1363 328 narnus.
1793 279 1828 333 cs

59 399 121 454 coti
131 414 164 465 ιι,
181 397 241 469 ιι),
255 401 286 453 et
298 396 335 453 de
354 396 460 470 quibus
481 395 612 453 Salvator
624 394 702 463 dicit,
718 396 771 463 Qui
782 397 878 464 feroit
892 399 919 451 et
948 403 952 408 '
971 397 1015 450 ter
1029 409 1061 450 ac
1074 392 1195 450 dulciter
1206 395 1273 463 vixi,
1289 398 1318 450 et
1329 393 1360 450 in
1369 394 1424 450 boc
1438 396 1541 452 seculo
1554 398 1705 455 aemulator
1718 403 1748 455 et
1761 399 1826 454 imi·

57 487 182 544 mcccc
194 490 234 544 sic
250 488 381 555 ιοιιιιιιιι,
395 486 439 542 iic
448 500 564 556 mopsos
575 485 715 542 amabitur
729 487 759 541 in
772 501 854 555 reque
869 501 919 541 cu·

55 577 145 632 mm
159 575 270 648 (ncta.
291 592 320 646 v,
338 578 393 648 ιι).

89 667 161 721 Peto
183 670 281 721 autem
296 664 445 736 impendio
461 667 583 720 vestram
594 663 775 735 charitatem,
789 663 840 737 qui
854 663 916 718 lroec

51 754 160 826 scripta
183 754 289 826 legitis,
314 760 346 809 ut
371 769 484 810 mecum
506 755 700 826 omnipotenti
724 755 781 809 Deo
807 753 916 825 gratias

50 844 155 915 agatis,
174 844 387 916 Dominamque
401 843 585 908 benedicatis,
601 843 652 916 qui
667 842 769 898 tribuit
785 841 855 896 mihi
874 842 916 896 in·

50 934 214 1001 tellectum,
224 937 257 987 ut
270 933 332 988 brec
346 932 378 987 in
387 932 520 987 notitiam
529 936 558 987 et
570 931 759 1002 presentium
770 934 800 986 at
813 930 916 985 absen-

51 1021 127 1077 tium
142 1021 297 1093 praesentis
306 1021 445 1094 temporis
455 1026 483 1076 et
497 1019 587 1077 futuri
600 1018 762 1087 bominum,
773 1022 802 1075 et
811 1019 915 1075 vellem

53 1111 177 1177 deterre,
194 1115 222 1166 et
235 1111 405 1181 valuissem3
420 1118 448 1165 et
464 1125 575 1166 mecum
595 1125 627 1164 ac
641 1124 694 1181 pro
710 1124 756 1164 me
769 1108 869 1174 oretis,
886 1113 916 1162 ut

970 487 1048 539 tator
1061 481 1192 550 existam,
1202 487 1232 537 et
1244 481 1275 537 in
1289 481 1386 538 intuto
1397 483 1601 555 omnipotentis
1615 486 1664 540 Dei
1674 486 1827 559 promissis

970 586 1037 628 cnm
1050 571 1151 627 eodem
1164 570 1304 643 perfruar.
1318 574 1412 626 Amen
1431 572 1451 628 ¹.

1002 821 1010 854 ¹
1025 817 1146 869 Selinos:
1161 819 1190 870 ln
1208 818 1299 869 codice
1316 819 1424 883 Deqinre
1439 820 1482 868 tlt
1496 818 1547 868 boc
1561 817 1668 869 additur
1681 816 1741 869 fluis
1766 831 1827 869 cum

971 881 1109 931 nonnullis
1123 880 1181 930 ullis
1191 881 1276 931 verbis
1290 882 1324 931 ed
1335 881 1521 931 translationes
1535 880 1653 953 corporis
1668 879 1694 940 S,
1707 879 1828 930 Doctoria

971 943 1163 1006 pertinentibus
1173 958 1180 992 ε
1189 944 1238 1002 Qni
1247 957 1310 994 cnm
1324 945 1377 993 Deo
1385 946 1500 994 Potreet
1510 943 1620 1005 Spiritu
1626 947 1720 994 sancto
1731 943 1830 995 cicttei

970 1005 1828 1116 ptcricturetrepnntDecrneroraolcsaecntosccntornmamee.

984 1067 1151 1117 nsititiusbic
1166 1068 1225 1117 tinio
1237 1071 1285 1128 est,
1301 1081 1350 1117 nec
1361 1068 1395 1117 ed
1411 1067 1521 1118 Possidii
1532 1068 1646 1131 pertinet
1652 1072 1763 1119 textum.
1776 1067 1829 1117 No·

971 1135 1028 1177 tnm
1035 1132 1076 1178 est
1083 1129 1155 1178 enim
1165 1130 1349 1180 ecclesiasticas
1356 1129 1521 1193 antiquitatis
1528 1129 1664 1186 studiosis.
1674 1130 1702 1180 in
1711 1128 1763 1179 line
1771 1133 1831 1179 tum

54 1200 132 1255 inqu,
139 1199 290 1272 quondm
302 1198 367 1269 yffi,
376 1214 443 1256 eum
457 1215 514 1272 quo
523 1199 613 1254 forme
627 1197 711 1253 anni,
724 1197 917 1270 quadraginta
971 1190 1138 1249 Sermonum,
1151 1195 1207 1242 tum
1221 1192 1348 1251 vitarum,
1361 1205 1444 1255 quasa
1456 1192 1595 1242 Veteribus
1606 1191 1685 1242 editre
1696 1194 1769 1250 sunt,
1780 1191 1828 1241 ali·

56 1288 104 1343 Dei
126 1287 207 1344 dono
222 1290 231 1325 ¹
249 1289 359 1362 absque
377 1305 476 1344 amare
490 1288 548 1343 ulla
571 1283 750 1343 dissensione
765 1286 916 1343 familiari·

86 1434 94 1467 ¹
110 1430 280 1482 Fusatemie
290 1431 355 1482 ltss.
370 1447 377 1482 :
391 1431 441 1483 Dei
452 1431 535 1483 domo.

866 1607 933 1617 ,σοι

970 1265 1024 1316 qna
1037 1251 1099 1302 eddi
1113 1258 1139 1303 et
1153 1252 1243 1312 inseri,
1255 1254 1325 1303 sicut
1334 1257 1360 1303 et
1374 1254 1527 1318 frequenter
1536 1253 1696 1313 detruncari,
1707 1258 1764 1304 tum
1778 1266 1826 1319 pro

971 1315 1083 1377 dicentis
1096 1315 1287 1380 scribentisque
1298 1315 1417 1374 arbitrio,
1426 1329 1456 1365 ac
1471 1329 1518 1379 pro
1527 1315 1702 1366 solemnitsllc
1713 1316 1826 1375 ratione,

972 1380 1029 1426 tum
1044 1390 1090 1440 pro
1106 1381 1256 1442 temporum
1270 1378 1435 1428 necessitate.
1451 1377 1538 1438 Quod,
1554 1391 1616 1428 conv
1634 1383 1755 1428 accurate
1772 1390 1829 1428 non

972 1438 1125 1501 advertitur,
1137 1440 1165 1491 in
1181 1453 1274 1504 graves
1288 1454 1319 1490 ec
1332 1445 1423 1504 turpes
1438 1453 1542 1490 errores
1559 1439 1680 1504 impellit.
1698 1440 1733 1491 bt.

309 1920 629 2054 sonori
684 1736 1065 2057 unffi
1112 1928 1597 2099 nunusnnr

668 2135 983 2204 HIPPONBNSIS
1014 2137 1230 2207 nrlsenrl

533 2271 584 2328 DX
604 2272 687 2330 ntus
706 2273 921 2335 rorlssnlntr
940 2276 1098 2338 scnlrrls
1116 2281 1359 2340 CONCINNATA.

637 2551 895 2680 LIBER
951 2460 1276 2686 PRIMUS

263 2732 301 2783 De
313 2732 406 2798 primis
419 2732 511 2798 viginti
525 2748 617 2784 novem
632 2734 707 2786 annis
722 2736 874 2802 Augustini,
890 2741 923 2791 ab
938 2742 995 2806 ejus
1013 2743 1120 2793 ortuad
1132 2744 1322 2810 prosectionem
1336 2745 1453 2811 ejusdem
1468 2748 1495 2798 in
1513 2748 1623 2801 ltaliam.

346 2992 459 3048 CAPUT
478 2993 631 3052 rnlnntl.

59 3141 69 3192 t
86 3136 243 3205 Anareitai
256 3137 363 3207 patrio.
378 3137 514 3196 nuceto
530 3136 601 3194 dies.
625 3139 769 3197 litomeri.
786 3141 803 3196 t
818 3142 918 3199 Paren-

339 3230 376 3282 tes
395 3229 421 3281 et
438 3229 640 3295 concanonico.

91 3370 116 3424 t.
129 3367 269 3424 Aurelius
282 3366 470 3440 Augustinus,
485 3367 529 3422 vir
542 3368 640 3425 divino
651 3385 771 3427 munere
785 3373 916 3430 Ecclesia

57 3453 189 3523 donatos,
202 3455 354 3527 Tagastam
366 3455 521 3511 obscurum
534 3456 637 3511 divicta
650 3457 789 3528 oppidum
812 3459 843 3515 in
859 3462 919 3517 liu-

57 3543 152 3600 midioe
175 3543 389 3601 mediterranea
410 3551 503 3616 parte,
520 3545 598 3601 baud
616 3548 717 3617 procul
734 3548 876 3604 lladauris
891 3556 920 3607 ct

58 3631 299 3706 Hippone-Regio
313 3634 411 3701 sitnm,
426 3640 494 3690 ortu
516 3650 568 3689 suo
590 3635 753 3692 nobilitavit
770 3639 872 3707 (Pasa,
889 3642 920 3694 iu

61 3725 121 3779 Vita
129 3727 306 3793 Aapust.,e.
323 3726 333 3778 t
345 3739 352 3791 ;
364 3724 680 3794 Αιιριιιι.,1ι’ριιι.7,ιι.
695 3728 727 3791 6;
738 3727 860 3794 confess.
870 3729 919 3784 tit.

58 3814 82 3878 t,
104 3828 172 3884 cop,
202 3815 232 3878 3,
260 3827 290 3868 ιι.
316 3812 355 3882 5).
381 3813 419 3867 Ea
441 3812 540 3868 civitas
566 3812 678 3869 nefario
706 3815 919 3872 Donatistarum

58 3901 205 3957 schismati
220 3904 279 3956 tota
294 3900 365 3956 olim
380 3901 556 3958 adheserat:
573 3902 621 3957 sed
644 3918 721 3958 anno
736 3902 850 3960 circiter
864 3908 920 3960 tre·

58 3989 215 4047 oentesimn
228 3990 448 4062 quadragesimo
460 4006 536 4046 nono
548 3992 743 4047 Caesarenrum
754 3993 851 4065 legum
863 3997 920 4049 ter-

57 4096 117 4136 rore
131 4080 286 4152 compulsa
307 4077 344 4134 ad
368 4079 606 4136 communionem
633 4081 813 4150 catholicam,
840 4086 920 4139 tanto

57 4168 160 4226 Diade
174 4168 344 4224 animorum
353 4168 449 4225 studio
463 4168 495 4224 in
510 4184 574 4225 eam
590 4169 711 4237 coaluit,
723 4175 755 4226 nt
765 4186 841 4226 anno
856 4176 922 4242 post

57 4258 238 4331 sexagesimo
249 4256 327 4313 illins
337 4257 438 4313 incolre
453 4257 489 4313 iis
504 4258 651 4314 erroribus
662 4274 811 4331 nunquam
826 4259 922 4333 impli-

58 4347 102 4403 citi
115 4347 210 4403 tuisse
224 4345 391 4402 viderentur
405 4347 547 4418 (nonme,
564 4348 654 4417 Epist.
673 4349 717 4414 93,
733 4364 761 4403 ιι.
779 4348 832 4418 Π).

86 4439 116 4492 2.
133 4437 167 4491 tn
178 4435 277 4490 lucem
288 4433 381 4491 editus
395 4440 438 4490 est
448 4434 627 4507 Augustinus
642 4436 736 4492 idibus
749 4437 922 4509 novembris,

57 4541 131 4581 anno
147 4522 257 4582 Christi
267 4523 418 4597 (qnantum
433 4540 467 4579 ex
481 4525 620 4597 Prospero
632 4530 660 4581 et
676 4525 804 4583 Possidio
818 4526 923 4583 intelli·

58 4615 290 4687 gimusll’rocp„
302 4613 438 4670 iocbron.
448 4629 456 4680 ς
466 4614 591 4682 Ροιι.,ι“ιι
604 4615 668 4670 Vita
679 4615 816 4684 Aroma,
826 4631 849 4671 e.
860 4615 919 4686 30).

59 4701 264 4760 trecentesimo
279 4701 520 4775 quinquagesimo
538 4707 660 4776 quarto:
677 4702 784 4776 quippe
799 4703 851 4776 qui
864 4703 923 4759 vita

60 4793 177 4848 cessem
191 4791 297 4863 quinto
313 4789 451 4846 kalendas
465 4790 647 4862 septembris,
657 4807 734 4847 anno
744 4792 842 4847 salutis
855 4809 924 4865 qua-

59 4881 291 4952 dringentesimo
312 4878 475 4952 trigesimo,
500 4879 593 4935 astatis
619 4896 679 4936 sues
713 4881 923 4954 septuagesimo

60 4976 139 5026 sexto
153 4985 247 5043 prope
268 4968 409 5024 absoluto.
425 4969 508 5034 Quod
527 4968 646 5042 quidem
666 4969 798 5042 pluribus
812 4986 846 5026 eo
860 4971 923 5026 loco

60 5058 275 5115 discutiendnm
289 5058 354 5128 erit,
373 5058 423 5114 nbi
437 5058 473 5115 de
497 5063 629 5132 tempore
648 5058 841 5115 conversionis
864 5060 924 5133 ejus

62 5149 154 5206 acturi
169 5163 285 5205 sumus.

96 5242 123 5296 3.
140 5238 216 5296 Cum
228 5236 368 5294 celebrari
382 5254 434 5311 per
448 5236 546 5294 orbem
562 5237 657 5311 coepit,
671 5237 808 5310 jamtum
829 5237 925 5294 eidem

61 5331 123 5384 erat
143 5341 316 5400 praenomen
336 5327 474 5384 Aurelio:
500 5327 576 5401 quod
601 5326 728 5399 perfecto
750 5325 810 5395 ille,
825 5325 884 5382 sire
897 5326 927 5382 id

62 5415 157 5472 intans
181 5420 332 5488 acceperat
345 5413 416 5488 ipsis
438 5416 473 5471 ab
488 5415 681 5483 incunabulis,
698 5415 756 5472 sive
777 5420 842 5489 post
859 5415 926 5471 ritae

63 5503 262 5578 doctrinaque
273 5503 379 5562 mento
394 5510 508 5561 sanctus
521 5505 624 5562 Ductor
638 5503 758 5578 adeptus
773 5510 845 5571 erat,
856 5519 928 5559 sem-

64 5610 114 5668 per
125 5595 260 5651 ιοιίιιιιιι
277 5593 350 5650 liam
361 5592 417 5650 boc
430 5591 529 5666 ipsum
542 5592 723 5668 prenomine
738 5584 842 5649 Paulus
856 5591 926 5649 Dro-

65 5683 124 5742 sius
138 5686 171 5743 in
186 5700 248 5744 sure
261 5682 394 5743 Historia
408 5682 457 5740 Ad
471 5683 616 5741 Aracelium
628 5683 816 5754 dannationis
828 5679 928 5739 inscri-

972 3002 1071 3075 ptione
1093 3004 1250 3078 insignivit.
1267 3008 1372 3065 Eodem
1387 3008 1470 3066 illum
1495 3011 1643 3067 exornavit
1662 3011 1834 3086 ipsiudtlere

972 3093 1090 3165 aequalis
1105 3096 1278 3152 Claudianus
1299 3098 1453 3154 Mamertus
1470 3099 1608 3172 (ttamen,
1622 3101 1656 3158 dc
1669 3102 1749 3160 Statu
1770 3105 1833 3161 nois

971 3197 1031 3251 mae,
1046 3183 1097 3238 lib.
1111 3185 1139 3248 ι,
1152 3200 1212 3256 cop.
1231 3187 1289 3257 l0,·;
1306 3187 1406 3243 eodem
1422 3189 1594 3246 venerabilis
1608 3190 1684 3246 beda
1699 3191 1788 3263 (Ded,
1804 3195 1835 3249 in

974 3273 1039 3328 Vita
1053 3275 1085 3330 S.
1106 3275 1235 3343 cuthb),
1251 3276 1353 3332 eodem
1367 3281 1508 3350 preclara
1527 3297 1652 3354 quaque
1667 3287 1696 3338 et
1708 3283 1835 3356 antiqui·

972 3377 1022 3417 ora
1036 3366 1241 3435 opusculorum
1257 3366 1347 3437 ipsius
1361 3368 1421 3423 visa
1435 3369 1520 3424 nobis
1537 3371 1684 3427 volumina
1697 3372 1837 3428 decorant

971 3463 1136 3525 augentque
1150 3456 1359 3525 augustinum.

1007 3543 1036 3597 ι.
1055 3543 1185 3598 Honestis
1199 3559 1266 3599 enm
1281 3549 1455 3616 prognatum
1470 3547 1642 3617 parentibus
1657 3548 1747 3603 tradit
1762 3549 1833 3604 Pos-

972 3629 1071 3700 sidins,
1087 3630 1122 3685 de
1146 3631 1304 3687 Curiatium
1325 3649 1458 3702 numero,
1473 3634 1527 3690 hoo
1552 3641 1604 3702 est,
1621 3634 1836 3709 eorumquiin

972 3719 1137 3791 municipiis
1158 3720 1245 3776 cnrioe
1269 3720 1397 3777 cilicium
1417 3723 1674 3792 administrabant,
1689 3730 1717 3781 el
1734 3724 1836 3781 munia

972 3808 1162 3881 procurabant
1176 3808 1268 3865 civilia
1284 3811 1384 3881 (Poss,
1401 3813 1431 3867 in
1450 3813 1514 3869 Vita
1529 3819 1669 3883 Anqust„
1685 3830 1707 3870 c.
1727 3815 1765 3887 ι).
1781 3815 1836 3870 Pa·

972 3903 1016 3953 tcr
1036 3898 1063 3954 ei
1078 3899 1213 3955 Patricius
1228 3901 1292 3967 init,
1309 3902 1458 3974 municeps
1477 3903 1662 3977 Tagastensis
1678 3904 1836 3962 admodum

972 3988 1076 4055 tennis,
1093 3988 1191 4061 virque
1207 3988 1304 4044 animo
1328 3990 1421 4062 magis
1435 4007 1523 4063 quam
1547 3992 1650 4065 opibus
1664 3993 1788 4065 pollens,
1804 3998 1838 4050 ut

973 4077 1034 4149 ipse
1048 4077 1224 4150 Augustinus
1248 4094 1361 4135 summa
1380 4080 1471 4136 animi
1491 4081 1665 4137 demissione
1687 4082 1835 4139 memoria

973 4164 1069 4236 prodit
1091 4167 1218 4236 (confess.
1245 4166 1313 4221 libro
1337 4168 1365 4232 2,
1386 4183 1448 4239 cop.
1472 4170 1498 4236 3,
1522 4185 1554 4225 ιι.
1576 4169 1631 4240 5)ι
1658 4167 1709 4240 qui
1733 4168 1835 4224 eadem

973 4253 1115 4309 modestia
1129 4254 1278 4325 adductus,
1294 4255 1408 4327 publica
1422 4255 1453 4311 in
1468 4257 1604 4312 concione
1621 4255 1714 4312 lassus
1729 4261 1774 4313 cst
1787 4257 1837 4313 ali·

975 4343 1101 4417 quando,
1124 4349 1231 4399 restem
1251 4343 1409 4415 pretiosam
1430 4345 1501 4400 sorte
1527 4344 1698 4418 episcopum
1722 4345 1835 4416 decere,

975 4431 1095 4487 minIms
1116 4448 1183 4487 voro
1204 4432 1409 4505 angustinum,
1435 4432 1583 4489 bominem
1613 4451 1781 4508 pauperem,
1801 4436 1836 4493 de

975 4518 1149 4593 pauperibus
1176 4525 1278 4575 natum
1303 4521 1471 4593 parentibus
1501 4523 1599 4593 (Scrm.
1632 4527 1694 4594 tto,
1720 4541 1752 4582 ιι.
1783 4528 1837 4598 ld).

977 4610 1043 4665 Erat
1055 4607 1175 4665 Patricio
1190 4608 1315 4665 liberalis
1330 4614 1358 4666 el
1372 4626 1534 4682 propensus
1549 4612 1578 4666 in
1595 4628 1696 4669 omnes
1711 4614 1836 4686 animus,

976 4703 1006 4753 at
1018 4697 1173 4753 iracundus
1187 4698 1312 4753 multum
1325 4702 1354 4753 et
1368 4698 1457 4754 ferox.
1474 4701 1497 4753 Α
1523 4699 1680 4757 christiana
1694 4702 1752 4759 fide
1767 4703 1838 4761 elic·

976 4804 1031 4843 nus
1045 4787 1094 4842 din
1109 4802 1174 4842 cnm
1194 4786 1303 4850 luisset,
1319 4786 1371 4841 sub
1391 4790 1517 4844 extrema
1531 4789 1596 4845 ritas
1621 4795 1752 4865 tempora
1767 4810 1838 4850 con·

977 4892 1083 4943 versus,
1102 4893 1158 4932 una
1172 4891 1237 4931 cum
1259 4875 1315 4931 lide
1329 4880 1422 4931 castos
1446 4881 1475 4932 et
1493 4877 1665 4935 christianos
1680 4896 1778 4938 mores
1792 4881 1837 4937 in·

977 4966 1040 5022 duit
1065 4967 1192 5036 (consess.
1223 4965 1293 5020 libro
1321 4967 1347 5033 ll,
1369 4981 1429 5036 cop.
1457 4969 1484 5035 9,
1508 4983 1557 5024 nn.
1578 4971 1621 5037 ln,
1645 4970 1703 5043 it).
1724 4969 1837 5026 Patricii

978 5055 1081 5126 conjux
1096 5053 1213 5110 nomine
1226 5052 1355 5109 libanica
1370 5053 1421 5124 (sic
1436 5055 1514 5111 enim
1531 5057 1593 5128 ejus
1607 5072 1715 5114 nomen
1729 5056 1837 5131 ubique

978 5144 1010 5199 in
1024 5142 1150 5215 antiquis
1164 5142 1309 5199 codicibus
1331 5143 1493 5217 pingebant
1507 5145 1627 5218 librarii)
1644 5146 1837 5218 augustinum

980 5233 1081 5305 spiritu
1105 5247 1163 5287 non
1186 5231 1282 5287 minus
1301 5248 1389 5305 quam
1404 5251 1489 5289 carne
1508 5234 1670 5307 parturivit.
1686 5235 1789 5291 ltultos
1805 5252 1838 5292 ex

980 5321 1102 5378 Patricio
1125 5321 1238 5393 peperit
1259 5321 1392 5379 liberos:
1413 5340 1480 5379 nam
1501 5323 1679 5396 angustinus
1696 5325 1784 5381 matri
1802 5326 1839 5384 sd

980 5412 1059 5468 Ostia
1072 5410 1205 5466 Tiberina
1221 5411 1339 5467 obeunti
1352 5428 1427 5468 anno
1443 5413 1644 5469 trecentesimo
1659 5414 1839 5487 octogesimo

980 5505 1081 5556 octavo
1096 5500 1215 5556 tratrem
1229 5516 1314 5557 suom
1330 5500 1453 5557 adfuisse
1469 5507 1589 5557 testator
1604 5501 1699 5572 (ibid,
1714 5519 1777 5576 cop.
1794 5507 1837 5574 tl,

980 5605 1014 5648 ιι.
1029 5589 1087 5662 tt).
1103 5591 1130 5646 ls
1143 5606 1228 5665 porro
1247 5606 1305 5648 non
1325 5591 1398 5647 alios
1411 5588 1526 5647 videtur
1539 5608 1557 5646 a
1571 5591 1701 5666 Navigio,
1716 5594 1840 5667 quinne

981 5694 1048 5738 cnm
1063 5678 1224 5752 Augustino
1240 5679 1328 5735 tratre
1339 5694 1392 5735 suo
1404 5677 1536 5737 nondum
1549 5686 1720 5755 regenerato
1729 5681 1761 5738 in
1772 5680 1840 5739 villa
