3884 6112
795 334 901 391 LIBER
921 334 1084 392 TERTIUS.
1756 336 1823 391 l3llt

74 336 141 389 l305

71 456 219 512 natissime
233 457 374 527 llagitant,
388 461 419 512 ut
446 474 498 512 nec
520 464 641 513 mortem
656 475 707 514 nec
721 459 808 513 ullam
824 475 919 514 corru-
976 475 1041 514 cum
1054 460 1115 530 jam
1130 463 1235 531 posset,
1252 457 1306 512 nisi
1328 459 1496 528 negligeret,
1522 457 1627 512 habere
1643 456 1822 528 sapientiam,

70 547 198 618 ptionem
214 545 360 616 patiantur
375 563 494 618 corpora
510 547 677 617 bestiarum,
693 547 774 619 quasi
790 564 849 602 non
863 547 921 602 sint
974 551 1007 602 ut
1018 547 1126 602 vitiosae
1140 546 1269 601 stultitiae
1285 545 1323 601 sit
1337 547 1468 600 voluntas
1487 562 1544 601 rea.
1563 547 1623 601 Nou
1646 546 1722 600 enim
1745 547 1822 621 quis-

71 635 213 701 mortalia,
239 636 304 688 cum
320 633 377 688 siut
396 635 513 703 inlima3
529 640 579 689 aut
593 634 658 690 ideo
672 637 748 690 mala
769 635 837 702 sint,
852 635 920 706 quia
974 651 1060 706 quam
1074 635 1111 689 ite
1126 634 1239 705 desipit,
1252 638 1284 688 nt
1295 635 1413 688 stultum
1428 634 1711 705 appellatinianlem,
1725 650 1823 705 quam-

70 729 137 778 sunt
151 724 275 779 coelestia
290 724 418 777 meliora.
438 725 523 779 Dolor
537 729 634 778 autem
648 741 733 796 quem
749 724 847 780 bestie
858 740 920 779 sen·
973 723 1015 777 ris
1030 724 1067 779 sit
1081 723 1232 779 absurdior
1241 723 1265 777 si
1281 723 1349 777 velit
1362 723 1507 794 appellare
1521 722 1690 793 sapientem.
1707 722 1744 776 Ut
1754 737 1823 791 ergo

69 812 155 880 tinnt,
172 812 334 866 animarum
349 812 436 866 etiam
455 811 619 866 bestialium
634 812 691 866 vim
710 812 865 884 qnamdam
888 811 918 865 iu
973 812 1067 867 inians
1095 829 1147 866 nec
1162 813 1265 866 stultus
1288 828 1339 866 nec
1355 811 1467 882 sapiens
1492 811 1546 866 dici
1567 815 1669 880 potest,
1693 809 1823 881 quemvis

68 919 119 956 sno
140 917 249 972 genere
282 901 444 956 mirabilem
469 901 703 974 laudabilemque
726 901 917 956 commendat.
970 902 1030 973 jam
1044 902 1132 956 homo
1146 900 1250 968 sit;ex
1267 917 1323 972 quo
1338 905 1457 972 apparet
1471 903 1602 954 naturam
1618 897 1823 954 hominisreei·

70 990 196 1061 llocipso
208 989 360 1043 enimsatis
376 994 494 1060 apparet
508 990 537 1044 in
554 988 687 1061 regendis
702 987 919 1059 animandisque
972 1005 1040 1059 pere
1056 989 1165 1060 aliquid
1181 988 1318 1055 medinm,
1334 988 1411 1059 quod
1430 1003 1523 1058 neque
1545 985 1705 1053 stultitiam,
1726 997 1821 1056 neque

67 1078 125 1132 suis
140 1077 315 1148 corporibus,
332 1093 419 1149 quarn
435 1077 493 1132 sint
513 1082 679 1149 appetentes
703 1078 828 1133 unitatis.
846 1075 917 1142 Quid

67 1169 110 1221 est
130 1166 208 1220 enim
222 1166 300 1220 eliud
325 1167 415 1233 dolor,
441 1166 497 1220 nisi
512 1167 629 1237 quidam
644 1182 744 1220 sensus
772 1166 918 1221 divisionis

68 1254 111 1308 vel
124 1253 315 1325 corruptionis
331 1253 505 1325 impatiens?
528 1254 608 1309 Unde
626 1254 688 1308 lucc
711 1253 814 1307 clarius
829 1270 917 1325 appa·

67 1346 110 1395 ret
122 1358 208 1414 quam
225 1342 262 1396 sit
275 1341 324 1396 illa
339 1342 437 1396 anima
461 1343 490 1395 in
517 1341 561 1395 sui
584 1341 712 1412 corporis
733 1343 918 1396 universitate

66 1428 150 1484 aride
173 1429 289 1484 unitatis
304 1435 332 1484 et
352 1435 449 1498 tenax,
463 1444 527 1500 quae
544 1445 595 1484 nec
612 1429 743 1493 libenter,
763 1445 816 1483 nec
830 1429 916 1483 indil-

65 1518 200 1584 ferenter,
217 1519 266 1572 sed
280 1517 375 1588 potius
389 1519 545 1572 renitenter
557 1523 586 1573 et
600 1518 773 1573 reluctanter
793 1517 916 1573 intendi·

65 1609 114 1660 tur
128 1608 157 1661 iu
173 1622 236 1660 eam
250 1606 411 1677 passionem
427 1607 555 1677 corporis
569 1606 622 1672 sui,
639 1607 763 1678 queejus
777 1607 917 1662 unitatem

65 1698 152 1765 atque
172 1694 366 1766 integritatem
395 1694 558 1749 labefactari
574 1696 694 1749 moleste
715 1696 827 1766 accipit.
855 1697 917 1749 Non

64 1800 134 1854 ergo
150 1789 303 1854 appareret
317 1787 442 1854 quantus
458 1782 641 1838 inferioribus
655 1784 793 1838 creaturis
807 1784 916 1838 anima·

64 1872 139 1926 libus
153 1877 226 1926 esset
251 1872 395 1942 appetitus
416 1871 544 1940 unitatis,
565 1872 619 1926 nisi
636 1873 734 1927 dolere
748 1872 914 1927 bestiarum.

63 1961 145 2025 Quod
159 1959 182 2013 si
199 1975 256 2014 non
270 1965 431 2030 appareret,
441 1960 538 2014 minue
549 1977 637 2032 quem
650 1966 804 2032 opusesset
813 1962 914 2016 admo-

63 2064 200 2104 neremur
214 2050 249 2104 ab
261 2048 310 2103 illa
325 2065 436 2102 summe
446 2053 474 2103 et
484 2049 600 2103 sublimi
615 2053 643 2103 et
654 2050 790 2105 inellebili
805 2049 915 2105 unitate

63 2137 206 2192 Crantoris
221 2154 281 2191 esse
299 2136 395 2191 omnia
415 2137 469 2191 ista
483 2137 647 2192 constituta.

100 2229 145 2282 70.
164 2228 197 2282 Et
209 2242 308 2281 revera
322 2225 345 2279 si
360 2226 407 2296 pie
436 2242 468 2280 ac
490 2226 643 2296 diligenter
664 2227 804 2294 attendas,
822 2228 915 2283 omnis

61 2320 201 2369 creaturae
215 2315 323 2386 species
336 2320 365 2369 et
376 2320 470 2370 motus
485 2316 576 2386 quiin
588 2315 678 2371 animi
692 2316 813 2372 humani
825 2317 915 2372 eonsi-

62 2404 243 2459 demtionem
258 2403 333 2458 cadit
348 2447 355 2472 ,
369 2403 560 2459 cruditionem
574 2410 701 2460 nostram
714 2406 853 2476 loquitur,
871 2407 914 2461 di-

62 2492 153 2548 versis
175 2493 301 2547 motibus
329 2498 359 2547 et
382 2492 589 2560 allectionibus,
611 2494 694 2565 quasi
709 2495 834 2566 quadam
862 2511 914 2550 ve-

61 2583 163 2636 rietate
178 2581 353 2652 linguarum,
373 2581 501 2652 undique
520 2582 646 2637 clamans
660 2589 745 2655 etque
764 2584 915 2655 increpans

60 2670 293 2740 cognoscendum
320 2686 381 2724 esse
403 2670 574 2726 Creatorem.
599 2672 683 2726 Nulla
704 2672 782 2726 enim
808 2687 853 2726 res
873 2675 916 2726 est

61 2774 163 2815 cerum
179 2775 243 2830 quae
263 2775 315 2812 nec
342 2759 469 2813 dolorem
499 2775 550 2813 nee
574 2760 749 2831 voluptatem
773 2761 912 2826 sentiunt,

61 2863 129 2917 quae
144 2862 202 2900 non
217 2845 315 2916 aliqua
329 2845 438 2901 unitate
465 2849 549 2901 decus
570 2847 681 2917 proprii
701 2847 815 2917 generis
837 2864 913 2901 asse-

61 2939 178 3006 quatur,
195 2936 238 2988 vel
253 2935 371 2989 omniuo
390 2939 500 2989 naturae
520 2951 579 2989 sure
598 2937 837 3008 qualemcumque
857 2941 913 2991 sta-

61 3023 217 3080 bilitatem.
238 3023 321 3077 Nulla
335 3023 405 3077 item
420 3039 465 3077 res
480 3028 522 3078 est
540 3039 638 3079 aarum
655 3041 719 3096 quas
742 3026 786 3079 vel
810 3025 913 3080 doloris

61 3112 217 3177 molestias,
234 3112 278 3165 vel
293 3112 444 3167 blanditias
458 3112 586 3168 sentiunt
600 3113 761 3185 voluptatis,
778 3131 842 3185 qnae
856 3131 913 3169 uon

60 3216 98 3254 eo
117 3199 179 3270 ipso
194 3217 250 3272 quo
261 3200 388 3255 dolorem
402 3201 486 3272 fugit,
499 3203 732 3274 voluptatemque
743 3203 912 3274 appetitdi·

61 3289 253 3359 remptionem
266 3305 295 3342 se
314 3288 425 3358 fugero,
446 3288 644 3361 unitatemque
659 3295 803 3363 appetere,
823 3293 911 3348 latea-

60 3385 118 3434 tur.
137 3379 226 3450 luque
241 3377 309 3448 ipsis
327 3378 512 3433 rationalibus
528 3378 630 3432 animis
652 3379 746 3433 omnis
769 3381 911 3452 appetitus

58 3466 231 3538 cognitionis
246 3483 303 3538 qua
315 3466 363 3520 illa
378 3465 609 3534 naturalaetatur,
627 3472 655 3522 et
665 3467 700 3522 ad
716 3468 855 3523 unitatem
866 3485 911 3522 re·

59 3554 115 3609 iert
129 3571 213 3610 omne
224 3554 301 3626 qnod
316 3554 448 3625 percipit,
465 3559 494 3610 et
509 3555 539 3608 in
553 3570 648 3609 errore
659 3556 733 3610 uilril
746 3557 819 3628 legit
833 3557 911 3611 alirrd

57 3660 147 3715 qnam
158 3642 444 3714 incomprehensibili
458 3642 646 3713 ambiguitate
661 3643 807 3699 confundi.
820 3646 910 3700 Omne

56 3733 332 3804 autemambiguum
347 3732 424 3787 unde
434 3733 648 3800 molestumest,
663 3733 911 3807 nisiquiaeertam

57 3820 210 3875 nonhabet
223 3820 389 3874 nnitalarn‘l
404 3822 440 3875 Ex
450 3836 506 3891 «quo
517 3827 638 3892 apparet
652 3822 760 3889 omnia,
777 3823 835 3878 sivo
844 3840 910 3879 carm

56 3910 209 3965 attendunt
223 3910 265 3963 vel
281 3909 475 3975 offenduntur,
492 3909 549 3964 sive
565 3926 630 3965 cum
646 3911 789 3967 delectent
802 3913 848 3968 vel
861 3914 910 3969 de-

57 4000 207 4065 lectantur,
224 3999 362 4053 unitatem
376 3998 524 4052 insinuare
539 4003 624 4070 atque
645 4000 802 4069 praedicare
823 4003 909 4058 Crea-

56 4086 138 4142 toris.
154 4087 183 4143 Si
193 4092 288 4142 autem
302 4087 465 4160 ignorantia
475 4091 504 4141 et
514 4087 677 4157 difficultas,
687 4105 702 4142 a
713 4090 909 4160 quibusistem

55 4175 145 4230 vitam
159 4193 273 4231 necesse
288 4182 331 4231 est
341 4175 478 4246 incipere,
494 4191 553 4229 uon
563 4177 906 4245 suntaninrisnatnrales3

56 4269 146 4320 restat
161 4271 190 4320 ut
207 4272 256 4321 aut
271 4265 364 4320 allicio
379 4268 517 4335 suscepte
533 4262 599 4332 sint,
621 4267 670 4317 aut
683 4263 817 4335 irrogata
841 4282 909 4337 sup·

56 4353 152 4424 plicio.
180 4356 219 4409 lle
246 4354 351 4425 quibus
377 4354 438 4426 jam
468 4352 536 4407 satis
569 4367 630 4407 esse
659 4352 782 4407 arbitror
810 4353 907 4426 dispu-

56 4446 160 4498 tetum.

973 1077 1144 1148 sapientiam
1157 1082 1233 1133 reete
1247 1077 1390 1132 vocaveris
1402 1093 1408 1130 :
1418 1077 1458 1130 ita
1470 1075 1585 1130 etiamsi
1602 1075 1754 1147 quisquam
1769 1074 1821 1128 tali

973 1168 1121 1222 allectione
1135 1167 1279 1221 animatus
1294 1171 1378 1234 esset,
1399 1166 1514 1237 qualem
1528 1165 1635 1219 habent
1646 1163 1689 1218 illi
1701 1163 1750 1235 qui
1768 1177 1820 1233 per

972 1255 1176 1326 negligentiam
1192 1254 1330 1325 sapientia
1341 1257 1448 1320 carent,
1462 1269 1547 1308 nemo
1562 1269 1628 1308 cum
1643 1253 1763 1307 stultum
1776 1266 1820 1306 re·

971 1349 1015 1398 cte
1030 1344 1135 1398 diceret
1149 1359 1235 1414 quern
1250 1359 1308 1396 non
1323 1341 1401 1408 vilio,
1414 1341 1462 1397 sed
1483 1346 1585 1396 natura
1599 1341 1685 1396 talem
1700 1341 1817 1394 videret.

973 1433 1018 1486 Est
1028 1432 1104 1485 enim
1116 1431 1246 1498 stultitia,
1257 1446 1355 1484 rerum
1366 1429 1589 1501 appetendarum
1601 1434 1629 1482 ct
1638 1428 1817 1483 vitandarum

971 1537 1029 1575 uon
1044 1520 1189 1591 quaelibet,
1205 1520 1255 1575 sed
1267 1519 1365 1574 vitiosa
1376 1517 1548 1589 ignorantie.
1560 1517 1639 1573 Unde
1655 1532 1748 1589 neque
1759 1516 1818 1570 ani-

972 1609 1202 1664 malirrationale
1217 1611 1336 1663 stultum
1353 1607 1483 1675 dicimus,
1495 1605 1564 1678 quie
1586 1622 1646 1660 non
1667 1604 1775 1677 eecepit
1790 1610 1821 1661 ut

971 1698 1083 1769 sepiens
1098 1714 1157 1752 esse
1173 1701 1276 1767 posset.
1293 1697 1477 1767 Appellamus
1491 1700 1586 1749 temen
1600 1683 1770 1766 plerumque
1785 1711 1818 1748 ex

970 1786 1158 1841 similitudine
1172 1785 1281 1857 aliquid
1295 1802 1351 1839 uon
1367 1784 1493 1856 proprie.
1512 1785 1582 1838 Nam
1593 1787 1621 1837 et
1629 1782 1740 1836 caecitas
1754 1797 1817 1835 crim

972 1877 1128 1931 maximum
1142 1875 1242 1930 vitium
1257 1874 1293 1929 sit
1312 1874 1473 1943 oculorum,
1489 1889 1545 1927 non
1561 1871 1703 1926 tamenin
1718 1871 1819 1925 catrrlis

971 1965 1153 2020 nascentibus
1164 1964 1322 2026 vitiumest,
1334 1979 1385 2016 nec
1399 1962 1514 2033 proprie
1525 1961 1636 2015 caecitas
1647 1959 1702 2015 dici
1713 1963 1817 2030 potest.

1005 2057 1049 2107 7‘2.
1066 2053 1093 2108 Si
1106 2069 1173 2123 ergo
1187 2053 1226 2106 ita
1236 2052 1326 2106 factus
1341 2057 1385 2106 est
1400 2052 1498 2112 horno,
1511 2055 1542 2105 ut
1560 2049 1689 2121 quamvis
1704 2049 1819 2119 sapiens

970 2142 1099 2197 nondum
1125 2145 1207 2208 essct,
1237 2145 1412 2212 preceptum
1444 2143 1540 2193 tamen
1567 2142 1663 2211 posset
1678 2137 1817 2208 accipere,

969 2230 1016 2284 cui
1031 2229 1129 2302 ulique
1144 2230 1342 2300 obtemperare
1358 2229 1491 2289 deberet:
1513 2244 1565 2282 nec
1587 2226 1659 2282 illud
1678 2226 1739 2298 jam
1764 2225 1817 2279 mi-

969 2333 1035 2373 rum
1064 2318 1200 2388 estquod
1233 2317 1330 2372 seduci
1351 2317 1463 2388 potuit;
1493 2331 1545 2370 nec
1568 2315 1640 2370 illud
1665 2314 1817 2386 injustum,
1876 2374 1879 2379 ⁴

970 2407 1046 2477 quod
1061 2410 1205 2477 praecepto
1229 2422 1286 2460 non
1315 2406 1516 2476 obtemperans
1542 2420 1643 2475 peenas
1668 2402 1738 2469 luit;
1767 2417 1819 2457 nec

970 2496 1086 2550 Creator
1101 2496 1161 2566 ejus
1175 2499 1275 2549 auctor
1288 2493 1421 2548 viliorum
1437 2497 1488 2559 est,
1505 2493 1573 2565 qnia
1587 2509 1646 2546 nou
1660 2491 1765 2546 habere
1779 2506 1819 2544 sa·

969 2583 1118 2653 pientiam,
1130 2584 1258 2638 nondum
1271 2587 1332 2638 erat
1351 2582 1451 2637 vitium
1461 2580 1596 2643 bominis,
1614 2580 1637 2634 si
1650 2581 1778 2634 nondum
1787 2582 1820 2634 ut

968 2672 1074 2727 habere
1088 2677 1195 2742 posset,
1213 2677 1370 2743 acceperat.
1387 2671 1442 2726 Sed
1458 2676 1554 2724 tarrrcn
1570 2668 1694 2724 babebat
1708 2667 1818 2738 aliquid

968 2776 1025 2832 qno
1041 2759 1064 2812 si
1078 2761 1150 2815 bene
1162 2759 1206 2814 uti
1219 2760 1314 2824 vellet,
1330 2759 1364 2814 ad
1381 2759 1410 2814 id
1424 2759 1498 2829 qued
1516 2774 1573 2811 non
1586 2756 1708 2811 babebat
1723 2754 1818 2809 escen·-

968 2849 1056 2902 deret.
1070 2848 1154 2902 aliud
1168 2852 1210 2903 est
1225 2847 1302 2902 euim
1317 2863 1376 2901 esso
1402 2847 1581 2911 rationalem,
1599 2843 1676 2898 aliud
1691 2859 1751 2898 esse
1773 2861 1816 2898 sa·

968 2935 1105 3006 pientem.
1123 2936 1279 2992 lletionetit
1290 2936 1411 3007 quisque
1425 2935 1563 3006 precepti
1572 2949 1668 3005 capax,
1679 2932 1816 2988 cuitldenr

968 3024 1062 3091 debet,
1077 3028 1108 3079 ut
1122 3025 1197 3096 quod
1215 3023 1390 3096 paercipitur,
1406 3023 1500 3079 iaciat.
1516 3023 1594 3079 Sicut
1608 3026 1704 3077 eutem
1715 3027 1817 3076 natura

968 3112 1274 3185 rationisproe‘ceptum
1289 3113 1427 3185 capitale
1443 3111 1579 3184 praecepti
1595 3109 1754 3166 observatio
1775 3126 1817 3164 sa-

967 3201 1116 3272 pientiam.
1131 3202 1212 3267 Quod
1229 3206 1272 3256 est
1286 3205 1381 3256 nartem
1395 3206 1496 3255 neutra
1511 3202 1547 3256 ad
1562 3199 1732 3271 capiendum
1747 3214 1818 3270 pre·

966 3294 1091 3362 ceptum,
1108 3292 1160 3346 hoc
1179 3294 1222 3346 est
1246 3290 1378 3346 voluntas
1398 3291 1432 3346 ad
1456 3290 1678 3345 observandum.
1697 3290 1730 3344 Et
1744 3289 1817 3342 sicut

966 3379 1115 3434 rationalis
1129 3385 1230 3434 natura
1240 3383 1377 3452 tanquam
1393 3378 1528 3434 meritum
1543 3382 1585 3432 cst
1595 3377 1729 3449 praecepti
1743 3375 1816 3430 acci-

966 3466 1123 3540 piendus&
1135 3470 1273 3541 precepti
1279 3468 1439 3524 observatio
1449 3468 1584 3522 meritum
1593 3471 1636 3521 est
1644 3464 1815 3537 accipiendae

966 3556 1236 3629 sapientiae.'Exqrro
1248 3565 1342 3612 :tutem
1350 3556 1450 3628 incipit
1459 3553 1688 3627 homopraecepti
1696 3568 1758 3608 esse
1767 3569 1816 3607 ca-

965 3662 1030 3717 pax,
1045 3661 1078 3699 ex
1088 3645 1333 3716 illnineipitposse
1347 3661 1473 3717 peccare.
1492 3645 1607 3699 Duobus
1621 3647 1717 3698 autem
1725 3642 1817 3697 modis

964 3740 1063 3803 peccet
1077 3739 1232 3806 antequem
1242 3734 1292 3788 liat
1305 3732 1434 3804 sapiens3
1448 3733 1471 3787 si
1481 3736 1530 3787 aut
1540 3749 1570 3787 se
1584 3749 1643 3788 non
1657 3747 1816 3786 accommo-

965 3823 1014 3877 det
1022 3821 1059 3877 ad
1074 3820 1465 3893 accipiendumpraeeeptum,
1476 3827 1526 3876 arrt
1534 3837 1600 3876 erim
1609 3819 1750 3892 acceperit
1757 3836 1816 3874 non

965 3913 1102 3967 observa-t.
1111 3911 1229 3983 Sapiens
1239 3915 1336 3965 autern
1350 3908 1523 3981 peccat,sise
1539 3907 1815 3980 averteritasapien-

964 4002 1013 4056 tia.
1030 4000 1108 4055 Sicut
1117 4000 1195 4055 enim
1210 4004 1386 4071 praeceptum
1396 4015 1454 4054 nou
1467 4003 1509 4053 est
1523 3998 1617 4053 abillo
1628 3997 1815 4069 cuipraecipi-

963 4094 1019 4157 tur,
1032 4091 1081 4144 sed
1091 4090 1126 4143 ab
1140 4089 1190 4143 illo
1206 4089 1257 4160 qui
1271 4088 1417 4159 praecipit,
1430 4087 1468 4142 sic
1478 4091 1505 4141 et
1518 4086 1815 4157 sepientianonestab

963 4176 1012 4231 illo
1021 4177 1070 4248 qni
1078 4177 1322 4245 illuminatur‚sed
1335 4178 1426 4232 abillo
1437 4176 1486 4248 qui
1495 4175 1649 4230 illuminat.
1662 4174 1735 4239 Quid
1745 4189 1814 4245 erge

962 4269 1006 4320 est
1025 4265 1100 4319 unda
1113 4282 1171 4320 non
1186 4265 1346 4320 landandus
1361 4263 1535 4322 sithominis
1550 4263 1687 4319 Creator?
1702 4265 1813 4318 Bonum

962 4358 1005 4407 est
1022 4353 1098 4407 onim
1113 4352 1229 4425 aliquod
1243 4353 1342 4417 homo,
1358 4360 1388 4410 et
1401 4353 1504 4408 melius
1519 4367 1605 4424 qnam
1620 4367 1717 4424 pecus,
1734 4368 1813 4407 exeo

962 4441 1039 4513 quod
1052 4441 1189 4512 precepti
1203 4458 1301 4514 capax.
1319 4444 1351 4498 Et
1365 4442 1419 4497 hoc
1432 4440 1545 4507 melius,
1559 4456 1624 4495 cum
1637 4445 1813 4512 praeceptum

54 4531 166 4586 CAPUT
181 4532 268 4586 XXIV.
285 4561 320 4572 —
344 4533 452 4587 Primus
467 4532 544 4586 bomo
558 4545 612 4586 non
639 4533 775 4601 insipiens
799 4537 907 4589 erentes
958 4529 1018 4599 jam
1031 4530 1116 4601 oepit.
1131 4531 1250 4599 Rursns,
1266 4531 1321 4586 hoc
1336 4530 1448 4596 melius,
1465 4545 1530 4583 cum
1545 4534 1690 4600 praecepto
1705 4530 1811 4602 paruit.

162 4626 210 4688 est,
236 4621 283 4676 sed
304 4623 446 4691 supimttae
464 4635 554 4690 cepoe
580 4620 705 4675 Stultitia
721 4620 799 4691 qnid.

90 4713 135 4762 ll.
151 4709 331 4780 Quapropter
344 4709 404 4780 ipse
418 4708 528 4780 pumus
542 4708 630 4763 homo
644 4708 739 4786 qualis
753 4709 843 4764 lactus
860 4708 905 4773 sit,

962 4619 993 4673 Et
1005 4618 1047 4672 his
1062 4620 1196 4674 omuibus
1208 4620 1319 4688 melius,
1335 4634 1400 4673 cum
1417 4622 1525 4673 aeteruo
1538 4617 1648 4673 lumine
1664 4619 1813 4690 sapientias

959 4706 1060 4761 beatus
1074 4713 1125 4762 est..
1145 4710 1295 4763 Peccatum
1312 4712 1408 4762 autem
1423 4707 1531 4762 melmn
1548 4712 1591 4762 cst
1611 4707 1641 4762 in
1663 4707 1812 4780 negligen-

55 4797 147 4867 magis
160 4796 349 4868 quaerendum
363 4800 415 4864 est,
429 4812 516 4868 quem
530 4797 746 4866 quomodoejus
757 4797 907 4868 posteritas
960 4794 1000 4849 tia
1012 4795 1056 4850 rel
1070 4796 1103 4850 ad
1114 4797 1285 4866 capiendum
1293 4799 1480 4867 praeceptum,
1491 4796 1535 4850 vel
1546 4795 1582 4877 ad
1590 4795 1811 4863 observandum,

53 4891 214 4958 propagata
224 4885 261 4938 sit
278 4886 482 4940 llultunrenim
495 4884 549 4939 sibi
563 4885 698 4940 videntur
709 4891 792 4939 acute
805 4902 907 4956 propo
960 4885 1004 4938 rel
1017 4883 1052 4939 ad
1069 4884 1285 4939 custodiendam
1309 4884 1581 4954 contemplationem
1596 4885 1754 4956 sapientire.
1772 4885 1810 4938 Ex

53 4988 124 5030 nere
141 4972 330 5043 questionem
357 4974 407 5045 qui
423 4973 539 5028 dicunt:
564 4972 592 5027 Si
612 4972 726 5043 sapiens
750 4974 841 5028 iactus
865 4978 907 5028 est
960 4988 1018 5044 quo
1035 4973 1215 5044 intelligitur,
1231 4972 1344 5028 etiamsi
1358 4972 1472 5044 sapiens
1490 4974 1600 5045 primus
1619 4974 1706 5029 homo
1721 4973 1812 5028 iaetus

54 5062 166 5135 primus
178 5060 277 5128 homo,
293 5076 344 5113 cur
357 5062 491 5116 seductus
504 5060 572 5115 est‘l
587 5062 611 5115 si
626 5067 722 5116 aulem
738 5062 842 5117 stultus
862 5062 904 5117 la·

54 5155 116 5207 ctus
131 5155 185 5219 est,
200 5148 345 5221 quomodo
360 5166 418 5204 non
429 5155 471 5205 est
484 5151 557 5204 Deus
571 5152 669 5204 auctor
683 5148 829 5217 vitiorum,
840 5167 904 5206 cum
959 5154 1033 5204 esset
1046 5149 1076 5204 in
1089 5149 1180 5205 libero
1195 5148 1325 5218 arbitrio,
1339 5150 1426 5223 justa,
1443 5149 1540 5206 divina
1554 5150 1629 5222 lege,
1643 5165 1728 5222 prena
1741 5165 1809 5204 con·

53 5241 91 5295 sit
104 5238 225 5295 stultitia
239 5238 396 5292 maximum
409 5237 510 5293 ritiirm
522 5239 536 5294 i
550 5238 635 5304 Quasi
650 5255 716 5293 vero
733 5243 835 5294 natura
854 5239 906 5294 hu·
959 5243 1056 5294 secuta
1067 5241 1111 5293 est
1122 5241 1142 5292 ¹.
1164 5239 1205 5293 lta
1224 5238 1292 5294 dicit
1305 5239 1390 5294 etiam
1407 5240 1554 5312 apestolus
1568 5239 1672 5293 Paulus
1686 5252 1693 5295 :
1711 5237 1809 5294 Dicen-

54 5345 142 5424 mafm,
153 5333 257 5401 ΨΜ
267 5327 416 5423 {mmmm
429 5331 458 5382 et
472 5327 765 5425 ⁵³pi⁰¹¹¹i⁸¹f¹‚¹¹⁰¹¹⁸m
780 5329 904 5426 m⁰jd5⁸f¹¹
991 5364 1079 5421 ¹Lov.,
1087 5363 1183 5424 seclus
1194 5366 1272 5414 esset.
1285 5363 1334 5414 Sed
1350 5363 1516 5414 meliusllad.
1528 5363 1570 5412 Er.
1580 5361 1809 5427 etpleriquellss.,

52 5421 175 5485 recipiat
186 5415 376 5482 effectionem,
397 5430 461 5487 quoe
479 5431 530 5469 nec
552 5416 682 5481 stultitia,
698 5431 750 5471 nec
764 5421 904 5487 sapientia
955 5425 1042 5486 saclas
1059 5429 1114 5474 cst.-
1126 5437 1157 5473 ex
1172 5425 1203 5473 iis
1216 5425 1313 5489 ltogius
1328 5427 1415 5476 codex
1430 5423 1600 5488 postsedncr‘,
1616 5423 1696 5486 addit,
1712 5429 1738 5477 rt
1747 5439 1811 5491 pec-

52 5504 223 5576 dicipossit.
242 5504 412 5561 Tuncenim
440 5505 525 5559 bomo
542 5503 642 5576 incipit
655 5509 705 5560 aut
723 5504 827 5560 stultus
842 5519 903 5558 esse
956 5487 1136 5598 {Mb-Ele
1151 5485 1240 5571 ((1οΜ
1252 5490 1388 5552 “summit
1399 5491 1495 5539 illm·
1509 5487 1552 5535 El·
1564 5486 1642 5535 Guffl·
1654 5487 1810 5551 inmitem

968 5552 1017 5604 ert,
1042 5552 1119 5600 netes
1133 5554 1213 5609 esset,
1228 5554 1257 5600 ut
1268 5553 1342 5611 boa,
1353 5556 1390 5608 et,
1404 5562 1525 5612 peecare,
1539 5562 1598 5612 pro,
1608 5549 1709 5599 serim.
1726 5551 1763 5601 li.

52 5598 106 5651 aur
122 5595 245 5666 sapiens,
260 5598 293 5651 ul
304 5595 427 5651 alterum
440 5594 545 5650 uorum
560 5595 719 5652 necessario
734 5596 903 5670 apparione,
997 5547 1558 5676 aesaresnsfflesramasvrraareqepoenam
1575 5615 1746 5664 concentum
1760 5616 1809 5665 ar.

960 5065 1002 5116 est
1022 5063 1043 5128 ¹,
1069 5061 1198 5132 potuisse
1223 5067 1318 5116 umen
1343 5062 1450 5118 seduci.
1475 5063 1556 5128 Quod
1582 5067 1730 5135 peccatum
1745 5077 1811 5116 cum
1901 5138 1905 5146 .
