3884 6112
129 157 200 231 fld'l
907 148 1103 211 mamutii.
1842 140 1888 197 ite

132 277 254 335 delectet
266 274 370 330 altiora
384 273 445 345 ejus
461 276 490 327 et
503 272 654 329 secretiora
669 272 790 329 scrutari
806 289 812 328 :
828 276 861 328 ut
875 272 905 327 in
919 273 982 328 lor·
1034 271 1195 337 iudicare,
1211 268 1289 342 quod
1304 265 1377 324 dixit
1389 265 1434 322 illi
1447 261 1636 338 paralytico,
1653 260 1889 318 manmit
1934 302 1936 313 .

132 347 214 406 danis
229 347 347 402 flumine
359 344 458 400 audias
471 345 501 398 iii
513 359 581 399 voce
595 346 718 410 Patrem,
730 343 759 399 in
769 359 854 399 carne
866 343 980 412 Filium,
1032 348 1145 415 peccato
1159 347 1216 397 tua.
1232 339 1287 396 Sed
1302 338 1478 410 quicumque
1494 335 1565 416 sine
1580 348 1643 387 suo
1659 331 1778 412 labore,
1794 331 1889 413 veleri·

131 419 163 476 iii
178 419 309 474 columba
323 417 418 472 videas
433 415 569 487 Spiritum
585 420 724 470 sanctum.
743 415 783 470 lbi
799 419 831 469 tu
845 416 879 470 ad
894 415 981 486 spiri·
1034 414 1162 479 tritione,
1180 414 1223 467 vel
1244 409 1431 475 confessione,
1453 408 1500 462 vel
1517 412 1619 487 etiam
1637 410 1781 485 oratione
1795 403 1844 457 sibi
1856 405 1889 460 liu

133 490 225 546 tuales
248 488 360 544 initiata
386 488 393 524 ¹
414 486 527 558 nuptias
547 501 683 557 sponsum
705 485 826 557 suscipis
842 486 940 541 datum
965 501 982 539 a
1036 485 1187 542 dicendam
1203 486 1363 554 exspectnt;
1379 493 1538 552 nunquam
1555 493 1583 532 ei
1601 478 1804 529 remittentur
1817 490 1890 545 pen

133 562 225 626 Patre,
241 559 442 639 purgationem
464 574 480 611 a
498 557 578 624 Filio,
594 557 700 627 pignus
722 557 828 610 amoris
844 573 860 610 a
875 556 982 627 Spiritu
1035 560 1064 611 ta
1079 573 1139 610 sua.

135 635 242 688 sancto.
263 631 367 684 Exinde
386 627 547 682 solitudinis
560 628 613 682 tibi
632 631 739 682 secreta
753 627 861 695 ditavit,
879 627 982 681 sancti·
1036 635 1149 691 CAPUT
1164 635 1230 690 ων,
1246 660 1281 674 -
1296 634 1497 701 nereceprfm
1512 630 1638 687 christe·
1658 628 1693 680 iri
1712 625 1793 680 domo
1808 626 1890 681 nme
1933 638 1935 649 ·

135 702 229 759 dcavit
246 700 401 772 jejunium,
417 698 457 754 ibi
474 698 657 752 subeundum
677 700 781 755 docens
802 714 867 753 oum
891 698 983 752 calido
1386 709 1410 758 ei
1424 704 1539 759 uartae,

134 773 217 830 1¹⁰³oe
240 771 412 825 immistum·
434 771 497 824 ΗΜ
522 769 574 823 libi
593 770 676 838 stelas
693 775 721 823 02
740 785 792 839 1110
808 774 836 823 111
857 770 940 835 facta,
956 772 984 822 11
1071 776 1126 832 Sed
1140 773 1303 830 exeundum
1318 777 1361 828 est
1383 773 1462 842 hiric,
1488 777 1521 827 et
1536 770 1575 826 ad
1601 767 1788 824 Bethaniam
1805 768 1892 822 veniet·

136 842 282 918 quomodO
297 842 369 896 faciit
381 840 535 911 diligenter
547 841 684 894 attendas.
703 841 793 912 Dilige
808 856 825 894 a
840 855 897 912 quo
910 840 984 895 facia
1036 847 1117 915 (lum¹
1137 845 1187 901 ubi
1211 845 1400 900 sacratissima
1424 845 1539 899 foedera
1567 839 1723 896 amicitiae
1752 841 1892 893 auctoritate

136 918 212 980 suut,
229 917 256 967 et
271 913 384 966 imitare
399 927 464 982 quae
483 911 556 965 facta
570 915 645 965 suut.

1037 917 1152 974 Domini
1167 920 1378 971 consecrantur.
1397 914 1550 986 [illigabat
1567 911 1661 966 enirn
1679 912 1767 966 lesus
1783 910 1891 964 llaitbin

168 985 280 1042 CAPUT
300 983 342 1038 Ll.
359 1013 392 1022 -
408 985 444 1037 lle
458 984 569 1037 liuttere
583 986 613 1036 iii
626 981 762 1036 adulterio
776 981 950 1052 deprebensa.

280 1054 318 1064 ,,
581 1052 586 1063 ,
693 1053 698 1062 ,
747 1053 752 1063 ,
1037 995 1066 1045 et
1080 988 1208 1053 Mariam,
1224 992 1252 1042 et
1264 988 1413 1054 Lazarum,
1425 985 1506 1056 quod
1519 982 1694 1054 hospitalis
1704 980 1891 1051 amicitia,qu

172 1056 299 1113 0⁰0¹¹il¹l
308 1069 367 1123 lam
381 1069 456 1107 1¹¹¹ssss
469 1069 614 1107 ffl0m⁰s¹oe
629 1054 733 1106 1111111111
746 1053 794 1106 1¹¹³
808 1053 984 1122 deprehensa
1037 1059 1079 1116 illi
1091 1057 1271 1114 familiariori
1281 1057 1464 1113 adherebant
1479 1055 1607 1117 affectu,
1625 1052 1761 1108 detineri
1772 1055 1890 1122 nemoqn'

31 1158 36 1167 ·
136 1125 168 1183 iu
186 1124 337 1187 adulterio,
355 1129 383 1177 et
396 1125 477 1178 lesus
502 1129 617 1193 rogatus
639 1123 820 1191 senteutiam,
836 1124 904 1195 quid
918 1138 984 1191 ege·
1037 1131 1165 1201 ambigat
1186 1132 1205 1183 i⁸
1228 1131 1324 1184 pesse,
1349 1133 1415 1182 ,um
1432 1127 1579 1198 laerymae
1597 1124 1665 1179 111ae
1686 1124 1800 1191 dmm,
1815 1123 1890 1194 quib„

136 1197 185 1260 rit,
201 1196 305 1269 quidve
324 1195 426 1249 dixerit
445 1195 603 1250 recordare.
619 1195 690 1249 Cum
711 1194 788 1248 enim
808 1195 933 1249 scribens
955 1193 985 1247 in
1038 1203 1210 1273 lacrymatus
1225 1205 1267 1254 esi
1280 1216 1345 1253 eum
1363 1197 1615 1270 lacrymantibus,
1636 1211 1717 1264 qu„
1733 1199 1813 1247 eorus
1825 1210 1889 1264 popu.

137 1270 214 1323 terre
227 1270 356 1322 terrenos
371 1282 429 1330 eos.
442 1281 500 1320 non
512 1266 647 1329 celestes,
660 1264 848 1336 prodidisseti
862 1267 913 1332 Qvi
928 1267 986 1319 sine
1038 1275 1083 1329 ius
1101 1273 1209 1327 amoris
1228 1271 1433 1342 interpretetur
1449 1268 1619 1323 indicium.
1639 1266 1758 1332 Vicere,
1776 1264 1889 1335 inquisti

137 1342 246 1410 peccato
267 1336 841 1407 est,inquit,uestiumprimumlapideni
861 1337 986 1391 inillam
1039 1343 1169 1414 quomodo
1183 1343 1294 1397 amabat
1312 1356 1387 1407 eum3
1404 1345 1430 1394 et
1443 1355 1503 1394 ecoe
1517 1341 1639 1408 ponunt
1655 1340 1684 1391 ei
1707 1337 1890 1400 sunamitis
1932 1390 1935 1399 ,

138 1411 241 1465 mittat.
253 1408 323 1464 Cum
338 1423 405 1462 vero
420 1422 520 1461 omncs
533 1407 670 1460 sententia
685 1407 885 1461 tenuisset¹et
898 1422 986 1476 expu·
1039 1413 1472 1471 marriaminisrratai,1,a2ms
1483 1414 1585 1464 aurem
1598 1414 1667 1464 erat
1677 1406 1889 1462 ungendam,
1932 1404 1934 1435 ³

138 1479 218 1536 lissei
231 1480 266 1535 de
281 1479 399 1549 templo,
412 1477 570 1548 imaginare
581 1493 667 1548 quam
680 1477 742 1547 pios
753 1479 849 1531 oculos
864 1478 892 1531 iu
906 1476 986 1531 illam
1040 1486 1170 1541 bentibus,
1187 1486 1278 1540 Maria
1289 1489 1378 1538 autem
1391 1485 1513 1552 sempsit
1527 1481 1724 1535 alabastrum
1738 1481 1889 1546 mmmm

139 1549 282 1612 levaverit,
300 1564 386 1619 quam
402 1547 513 1601 dulcem
529 1564 578 1601 sua
601 1562 669 1601 vore
683 1547 853 1602 sententiam
873 1548 986 1602 absolu·
1039 1560 1128 1625 pacto
1138 1555 1277 1610 etaemus
1288 1554 1386 1623 effudit
1397 1568 1480 1623 super
1494 1555 1589 1621 eaput
1602 1553 1683 1605 Jesu
1700 1551 1799 1618 (decu.
1813 1566 1846 1613 xi,
1856 1552 1888 1609 u,

139 1619 227 1674 tionis
247 1619 309 1688 ejus
327 1618 489 1689 protulerit.
507 1619 580 1672 Puta
599 1619 676 1689 quod
700 1619 894 1689 suspiraverit,
910 1617 987 1689 quod
1039 1643 1087 1695 111,
1111 1631 1138 1693 2,
1165 1627 1203 1695 3)⁴
1229 1623 1335 1690 Gaude,
1360 1639 1467 1695 quam,
1497 1622 1573 1678 huic
1600 1622 1757 1676 interesse
1779 1620 1889 1682 comp,

138 1689 311 1773 lacrymatus
338 1689 383 1754 sit,
408 1705 473 1742 cum
499 1689 614 1750 diceret,
635 1691 722 1770 Nerio¹
742 1695 767 1744 te
789 1690 984 1770 conmmuaoit,
1040 1698 1220 1770 singulorum
1237 1695 1381 1766 distingue
1401 1694 1508 1748 officia.
1533 1693 1662 1748 Martha
1684 1691 1890 1755 ministratis

139 1761 255 1816 mulier?
272 1761 325 1814 Nec
343 1775 390 1827 epo
410 1764 434 1813 te
456 1759 644 1814 condensato.
666 1760 753 1822 Felix,
775 1764 807 1814 ut
825 1765 864 1814 ita
883 1760 986 1828 dicam,

138 1831 210 1900 haec,
227 1846 291 1902 quae
304 1829 334 1883 in
347 1830 487 1884 adulterio
503 1831 681 1900 deprehensa
696 1829 808 1896 mulier,
819 1847 887 1956 puae
900 1830 986 1885 etiam

139 1902 175 1958 de
197 1900 351 1972 preteritis
374 1900 538 1967 absolvitur,
556 1916 654 1954 secura
678 1901 800 1955 officitur
839 1901 985 1956 efuturis.

138 1974 203 2028 lesu
224 1973 306 2034 boue¹
331 1976 359 2025 te
378 1970 501 2040 dicente,
515 1987 568 2026 nou
589 1971 779 2036 condemnabo,
799 1972 863 2044 quis
882 1973 987 2026 conde·

139 2042 271 2099 muabit‘l
288 2043 360 2097 [leus
375 2041 425 2113 qui
436 2043 583 2113 justificat,
601 2042 665 2113 quis
678 2046 721 2096 est
734 2042 784 2114 qni
798 2041 988 2098 condemnet?

139 2114 282 2171 Audiatur
301 2113 335 2167 de
354 2116 456 2167 caetero
478 2130 532 2168 vox
546 2118 613 2169 tua:
644 2113 728 2182 Vade,
747 2118 772 2169 et
790 2114 851 2184 jam
870 2115 988 2185 amplius

139 2186 196 2241 noli
206 2199 318 2254 peccare
333 2184 419 2255 (loon.
437 2200 495 2250 viii,
510 2186 550 2254 7).

141 2264 254 2321 CAPUT
270 2264 326 2319 Lll.
340 2294 374 2303 -
387 2264 429 2318 De
443 2265 553 2319 muliere
567 2265 694 2333 decumis
705 2263 785 2334 pedes
799 2263 857 2333 ejus
871 2265 986 2332 ripaiitc·

174 2336 235 2391 Jam
247 2351 323 2389 nunc
334 2335 453 2389 domum
464 2334 614 2405 ingredere
628 2334 769 2398 Pharisaei,
781 2339 809 2388 ct
819 2335 988 2388 recumben-

139 2408 198 2462 tem
213 2405 253 2459 ibi
266 2404 420 2459 Dominum
435 2410 516 2458 tuum
526 2404 651 2459 attende.
664 2404 771 2459 Accede
786 2420 851 2459 cum
866 2404 989 2459 illabaa-

140 2475 251 2532 tissima
266 2475 421 2545 peccatrice
435 2474 470 2528 ad
482 2476 570 2545 pedes
583 2476 661 2544 ejus;
675 2475 737 2529 lava
751 2474 892 2555 lacrymis,
908 2480 987 2546 terge

144 2615 201 2672 ‘am
213 2615 372 2669 sacriillins
388 2614 506 2686 liquoris
519 2615 606 2669 odoro
621 2615 821 2686 perfunderis?
831 2616 858 2671 Si
873 2615 925 2670 tibi
939 2616 988 2670 ad·

139 2633 199 2744 lius
212 2702 279 2740 suos
293 2690 379 2757 negot
393 2686 491 2757 pedes,
505 2686 588 2754 insta,
600 2702 661 2747 ora,
672 2689 700 2741 et
711 2687 843 2758 gravidos
855 2686 989 2758 lacrymis

141 2757 238 2813 oculos
252 2757 360 2822 attolle,
377 2756 441 2810 iniis
464 2773 499 2811 ue
513 2757 641 2828 suspiriis
651 2762 679 2811 et
692 2757 930 2813 inenarrabilibus
940 2774 988 2813 ex·

141 2832 244 2900 torque
259 2827 333 2898 quod
356 2827 439 2899 petis.
477 2831 572 2883 uetare
587 2843 651 2883 cum
676 2829 732 2882 [leo
755 2828 828 2883 sicut
848 2827 942 2897 iacob,
960 2832 991 2883 ut

142 2899 254 2972 ipsese
277 2899 400 2968 gaudeat
422 2899 560 2970 superari.
582 2898 729 2954 videbitur
751 2898 803 2954 tibi
826 2898 991 2970 aliquando,

142 2968 220 3098 itit
235 2968 992 3112 tttttttttttit‘tttttttttttttiiittt:

143 3128 190 3180 ne,
203 3111 386 3181 importnue;
402 3112 503 3178 clama,
516 3114 657 3182 Usquequo
666 3113 765 3180 [aciem
778 3115 853 3167 tuam
867 3113 995 3166 nouitio

143 3185 208 3239 iiie?
222 3185 362 3263 Usquequo
383 3182 513 3249 clamabo,
528 3187 553 3238 et
567 3198 620 3238 riori
634 3183 763 3237 exaudies
787 3182 869 3254 (Psal.
887 3198 934 3248 xii,
949 3181 995 3250 ll?

146 3252 242 3309 lledde
255 3253 337 3319 mihi,
353 3254 417 3306 lesu
428 3253 512 3317 boue,
526 3253 653 3309 letitiam
668 3252 799 3307 salutaris
809 3253 861 3319 tui,
874 3253 940 3324 quia
955 3251 994 3306 ti·

145 3323 175 3380 bi
190 3322 261 3380 dixit
275 3339 325 3377 cor
339 3338 451 3379 meum:
464 3324 693 3391 baeterrarum
709 3328 793 3392 tuam,
808 3326 906 3390 lacum
919 3328 994 3378 tuam

145 3396 284 3466 requiram
310 3395 394 3461 (Paul.
421 3410 494 3460 xxvi,
522 3396 564 3461 8).
597 3396 678 3452 Certe
704 3411 762 3449 non
796 3394 913 3466 negabit
941 3409 995 3463 pe·

146 3467 196 3522 des
208 3482 274 3520 suos
290 3464 405 3537 virgini,
428 3481 498 3537 quos
513 3467 684 3521 osculandos
698 3465 821 3536 praebuit
836 3463 994 3543 peccatrici.

147 3545 261 3602 CAPUT
280 3545 350 3601 Llll.
369 3573 406 3586 -
427 3548 464 3600 De
483 3546 636 3615 paralytico
654 3560 702 3614 per
721 3545 826 3615 tepulae
844 3544 949 3599 invecto
971 3545 997 3597 et

287 3615 464 3684 corporaliter
481 3618 717 3686 spiritualiterque
730 3620 835 3670 sanato.

183 3686 237 3742 Sed
253 3689 281 3741 ct
296 3687 414 3740 domum
431 3686 510 3741 illam
525 3704 583 3742 non
600 3686 771 3758 praeteribis,
785 3685 835 3741 ubi
848 3701 899 3757 per
913 3688 997 3754 tegu-

147 3758 189 3813 las
203 3757 376 3828 paralyticus
390 3761 455 3811 ante
468 3757 555 3827 pedes
566 3759 627 3829 ejus
641 3756 829 3822 submittitur,
843 3755 892 3810 ubi
907 3755 998 3826 pietas

148 3833 176 3883 et
189 3833 316 3912 potestas
336 3827 521 3883 obviaverunt
541 3829 605 3884 sibi.
621 3830 684 3892 Fili,
700 3827 804 3908 inquit,
820 3829 999 3882 remittuntur

149 3899 200 3953 tibi
220 3903 332 3977 peccata
354 3904 401 3951 tuo
425 3900 531 3965 (blattis.
551 3916 588 3967 ix,
608 3900 685 3968 2).0
707 3914 782 3952 mira
795 3896 997 3952 clementiato

149 3967 304 4024 indicibilis
334 3965 541 4021 misericordior
563 3968 681 4038 Accepit
706 3968 773 4021 felix
800 3965 998 4021 remissionem

149 4041 342 4111 peccatorum,
365 4052 452 4107 qnam
475 4053 534 4092 nou
557 4041 742 4109 precesserat
768 4035 916 4103 confessio,
940 4052 999 4091 nou

149 4112 295 4166 meruerat
307 4107 473 4175 satisfactio,
489 4125 548 4163 noii
563 4108 695 4181 exigebat
708 4108 853 4162 contritio.
867 4106 1000 4178 Corporis

151 4182 273 4236 saluum
287 4180 414 4252 petebat,
429 4196 486 4234 noii
501 4179 605 4235 animae
621 4185 669 4235 :et
682 4179 802 4233 salutem
815 4177 923 4248 recepit
937 4194 998 4232 cor·

171 4251 229 4308 oris
242 4255 270 4306 et
288 4249 403 4305 animae.
420 4251 501 4316 Vere,
517 4250 646 4320 llomiue,
662 4249 721 4305 vita
735 4250 765 4304 iii
779 4250 925 4305 voluntate
938 4253 997 4304 tua.

148 4269 178 4380 Ei
193 4321 350 4378 decreveris
368 4321 476 4376 salvare
492 4336 555 4391 nos,
571 4337 628 4376 nou
643 4320 751 4393 estqui
774 4320 879 4376 audeat
893 4319 999 4385 dicere,

150 4395 207 4463 Cur
218 4393 258 4448 ita
272 4391 527 4459 iacisYPharisiee,
539 4392 669 4463 alequid
686 4390 872 4447 murmuras?
886 4406 923 4446 an
933 4405 999 4444 ocu·

151 4464 195 4520 lus
209 4469 275 4519 tuus
290 4479 416 4535 nequam
439 4468 491 4531 est,
508 4462 576 4534 quia
589 4462 650 4534 ipse
666 4463 834 4518 bonusest?
850 4462 931 4518 Certe
946 4460 1000 4515 mi-

152 4540 261 4591 seretur
275 4533 321 4588 cui
331 4534 454 4589 voluerit
466 4553 474 4602 3
484 4535 629 4606 ploremus
643 4536 672 4589 et
684 4548 798 4588 oremus
811 4538 846 4587 ut
857 4531 934 4587 velit.
947 4533 1000 4586 Bo·

152 4605 196 4660 uis
203 4605 289 4660 etiam
299 4604 433 4677 operibus
441 4605 611 4676 pinguescat
620 4604 723 4668 oratio,
734 4607 872 4674 augeatur
879 4602 1000 4668 devotio,

153 4675 266 4730 dilectio
281 4676 431 4731 excitetur.
452 4677 591 4731 Leventiir
604 4691 685 4746 pure
700 4689 802 4729 manus
814 4673 844 4727 iii
860 4672 1000 4738 oratione,

153 4762 225 4819 quas
242 4761 299 4800 nou
322 4746 437 4817 sanguis
455 4746 646 4802 immunditie
654 4742 1003 4810 maculavittactusillioi·

153 4822 199 4873 tus
214 4832 275 4872 non
290 4816 415 4882 foedavit,
432 4834 488 4872 uon
502 4816 679 4889 exasperavit
693 4814 821 4871 avaritia.
840 4816 960 4870 Loretur
974 4817 1003 4867 et

151 4904 201 4944 cor
215 4886 276 4942 siue
290 4886 333 4940 ira
348 4894 375 4942 ot
391 4887 608 4959 disceptatione,
625 4887 700 4959 quod
712 4885 904 4958 tranquillitas
920 4884 1002 4939 seda-

151 4959 201 5020 vit,
239 4975 273 5012 ax
288 4958 458 5028 composuit,
472 4959 581 5030 puritas
595 4957 774 5013 conscientie
786 4954 932 5011 animavit.
949 4954 1003 5010 Sed

143 4975 236 5110 ‘nihil'
244 5029 347 5110 horum
367 5029 539 5110 paralyticus
554 5029 606 5084 iste
625 5029 730 5100 legitur
751 5026 932 5109 praemisisse,
953 5025 1004 5097 qui

152 5106 249 5157 tamaii
260 5101 366 5171 legitur
378 5114 575 5154 remissionem
586 5103 768 5171 peccatorum
779 5113 925 5153 meruisse.
939 5097 1004 5151 lloec

151 5177 194 5228 est
207 5170 361 5227 ineffabilis
376 5169 437 5239 ejus
453 5170 655 5225 misericordie
679 5169 779 5235 virtus,
795 5169 840 5223 oui
855 5168 927 5223 sicut
942 5168 1003 5223 bla-

153 5245 306 5369 ttttttt
318 5241 611 5382 ttttttttiittt
623 5238 1003 5383 tttttttittttttt·

187 5422 195 5454 ¹
211 5417 289 5482 Apud
303 5417 430 5476 dnaelm,
443 5417 562 5468 irritata.

184 5474 1006 5552 titpudanselm.:0rutrortineaittriputtttisGliristtbeiitpiii·

155 5544 312 5603 tastonam
325 5543 503 5593 condemnare
510 5542 590 5604 juste
623 5542 697 5596 otuit,
708 5540 818 5591 aduerte
831 5552 915 5602 quam
926 5539 1006 5602 pacet

155 5616 238 5672 qaam
248 5606 328 5656 muto
340 5603 471 5657 berceti.
484 5608 552 5655 cuni
561 5614 594 5654 eu
605 5613 632 5652 rii
640 5612 729 5653 ornnes
737 5605 869 5654 renuntio
878 5600 1004 5652 incuset.

1040 1769 1150 1824 cambit
1164 1767 1294 1830 Lazarus,
1311 1765 1393 1836 ungit
1405 1765 1505 1820 Maria.
1523 1765 1591 1818 lloc
1609 1763 1762 1817 ultimum
1776 1768 1888 1816 tuomet

1042 1841 1151 1922 Frange
1171 1838 1260 1909 igitur
1273 1834 1585 1916 alabastrumeordis,
1614 1838 1648 1914 et
1667 1834 1815 1960 cpiidpuid
1832 1834 1890 1911 biba

1041 1909 1209 1972 devotionis,
1221 1907 1360 1979 quidquid
1371 1922 1488 1971 amoris,
1501 1905 1664 1977 quidquid
1697 1905 1741 1958 esi
1764 1920 1825 1966 erii,
1834 1904 1882 1984 qud

1041 1982 1110 2053 quid
1138 1979 1305 2045 affectionis,
1322 1982 1410 2032 totum
1432 1976 1557 2031 eiluude
1575 1992 1676 2057 super
1697 1976 1800 2047 spousi
1813 1980 1848 2028 tui
1861 1992 1891 2028 a·

1062 2057 1103 2120 ut,
1119 2052 1240 2107 adorans
1253 2050 1284 2104 iii
1304 2051 1361 2104 Deo
1380 2047 1547 2112 bominem,
1569 2051 1654 2102 etin
1680 2047 1805 2102 homine
1817 2047 1887 2100 uun

1041 2068 1071 2179 gi
1098 2123 1205 2188 fremit,
1222 2121 1245 2176 si
1270 2124 1442 2182 murmurat,
1458 2119 1484 2172 si
1511 2117 1651 2182 invidet,
1665 2117 1693 2172 si
1710 2118 1889 2190 proditorpcr·

1041 2193 1181 2250 ditionem
1192 2197 1271 2247 vocat
1285 2191 1477 2255 devotionem,
1494 2204 1558 2243 non
1573 2189 1615 2243 sit
1627 2189 1686 2244 tibi
1700 2205 1789 2244 curae.
1806 2187 1888 2256 thiit

1041 2265 1092 2331 ait,
1102 2265 1220 2335 perititio
1231 2264 1309 2318 beot
1323 2265 1412 2318 Posset
1422 2263 1471 2315 too
1483 2265 1677 2331 ungueiituni
1687 2260 1838 2315 umundori'
1845 2259 1890 2311 eil·

1043 2341 1078 2403 to,
1090 2340 1116 2390 et
1126 2336 1189 2390 dori
1200 2333 1366 2406 pauperibus
1377 2335 1387 2387 i
1397 2330 1570 2386 Pharisaeus
1588 2337 1777 2395 murmurat,
1791 2330 1889 2384 inridens

1041 2405 1212 2479 poenitenti:
1228 2408 1388 2459 murmurat
1408 2403 1422 2457 J
1427 2402 1506 2464 udas,
1532 2401 1688 2458 invidens
1709 2401 1836 2457 effusioni
1853 2415 1888 2453 aa

1041 2477 1151 2551 guenti.
1167 2476 1219 2532 Sed
1238 2476 1325 2547 judex
1341 2474 1562 2529 accusationem
1580 2488 1649 2527 noii
1670 2473 1788 2545 recipit,
1803 2486 1888 2526 auos·

142 2544 262 2619 capillis,
282 2545 411 2598 demulce
435 2545 550 2611 osculis,
571 2549 598 2599 et
618 2544 680 2599 fove
702 2551 867 2617 unguentis.
890 2546 989 2600 Nonne
1040 2555 1100 2605 mm
1115 2547 1243 2603 absolvit.
1263 2548 1359 2610 Sinite,
1375 2544 1482 2615 iuquit,
1498 2545 1600 2598 iliam.
1623 2547 1738 2600 Bonum
1758 2546 1823 2598 mcii
1844 2555 1889 2610 opii

1041 2624 1153 2689 operata
1176 2622 1216 2673 eet
1231 2621 1261 2672 in
1285 2632 1326 2671 me
1347 2616 1442 2686 (Marc.
1459 2631 1519 2681 xiv,
1548 2614 1633 2681 t-ti).
1664 2616 1791 2670 Laborat
1804 2613 1892 2674 aaut

1043 2690 1197 2754 ministret,
1209 2692 1291 2759 paret
1300 2686 1459 2757 hospitium
1468 2685 1661 2756 peregrino,
1672 2684 1892 2745 esurienticibum,

1043 2765 1152 2816 vestem
1165 2759 1281 2830 algenti.
1306 2759 1364 2828 Ego
1378 2757 1455 2811 solus
1472 2756 1592 2823 llariae,
1611 2762 1643 2811 et
1660 2757 1717 2812 illa
1731 2756 1813 2811 mihi:
1825 2760 1893 2808 totuii

1066 2835 1171 2897 restet,
1185 2829 1262 2900 quod
1274 2828 1378 2892 habet;
1394 2841 1469 2881 ame
1485 2827 1646 2899 quidquid
1664 2832 1763 2899 optat,
1776 2829 1893 2896 exspecta

1068 2901 1118 2957 uid
1129 2900 1227 2957 enim?
1244 2900 1322 2954 Tunc
1337 2898 1431 2953 liariae
1444 2898 1586 2952 consulis
1603 2897 1816 2970 relinquendos
1823 2894 1894 2967 pedes,

1045 2989 1118 3045 quos
1133 2977 1190 3027 tam
1201 2971 1320 3026 dulciter
1331 2968 1497 3024 osculaturi
1508 2969 1709 3024 avertendos
1721 2970 1814 3023 oculos
1823 2967 1851 3021 ab
1860 2966 1892 3017 illi

1047 3042 1255 3116 speciosissima
1269 3040 1340 3095 facie
1353 3054 1440 3110 quam
1455 3041 1723 3110 contemplaturi
1737 3036 1892 3094 amovendus

1047 3114 1177 3170 auditum
1196 3112 1232 3168 ab
1246 3112 1308 3182 ejus
1323 3110 1403 3165 suavi
1416 3124 1562 3164 sermone
1579 3127 1647 3182 quo
1665 3110 1818 3166 relicitur?

1049 3195 1162 3251 CAPUT
1178 3193 1221 3248 tv
1251 3221 1285 3232 -
1304 3192 1346 3246 De
1363 3192 1488 3257 inpressu
1503 3190 1625 3245 Christi
1642 3194 1678 3246 in
1696 3191 1839 3248 semum
1848 3200 1892 3255 ptr·

1200 3265 1242 3317 ris
1253 3260 1476 3328 acclamantibus,
1493 3260 1700 3330 HOSANNA‚
1717 3267 1771 3316 eto.

1085 3334 1139 3390 Sed
1152 3333 1213 3404 jam
1227 3337 1376 3403 surgentes
1391 3346 1492 3384 eamus
1506 3330 1597 3385 hinc.
1615 3332 1697 3398 Quo,
1713 3331 1826 3403 inquisi
1837 3328 1891 3405 Cute

1050 3411 1080 3461 ut
1091 3404 1262 3460 insidentem
1279 3404 1365 3457 asello
1379 3401 1441 3456 coeli
1456 3406 1617 3473 terraeque
1637 3403 1799 3458 Dominum
1810 3402 1891 3455 comitr

1050 3476 1100 3543 ris,
1115 3479 1195 3529 tauta
1209 3474 1273 3529 sieri
1287 3490 1340 3545 pro
1354 3479 1382 3528 te
1400 3472 1635 3542 obstupescens,
1680 3489 1816 3528 uerorum
1829 3467 1890 3524 liudi

1050 3548 1104 3604 biis
1116 3551 1179 3599 tuas
1195 3545 1302 3599 inseras
1315 3546 1441 3599 clamans
1456 3548 1485 3596 et
1500 3542 1632 3598 dicens:
1682 3560 1788 3599 oscum
1798 3544 1845 3612 tlte
1855 3540 1892 3592 iii·

1050 3618 1101 3676 oid
1111 3616 1263 3671 beriedi'ctus
1278 3618 1326 3685 qui
1339 3616 1411 3669 uenit
1423 3616 1454 3668 tn
1467 3617 1587 3668 nomine
1602 3615 1730 3669 Domini
1742 3614 1839 3681 (acttt.
1853 3624 1890 3672 mi

1051 3688 1257 3754 etiamnunc
1277 3685 1397 3740 ascende
1416 3699 1483 3738 cum
1498 3699 1537 3738 eo
1559 3685 1593 3739 in
1610 3687 1802 3741 coenaculum
1814 3680 1891 3754 grandi

1052 3764 1182 3826 stratum,
1207 3762 1236 3812 et
1250 3756 1381 3812 salutaris
1393 3770 1482 3809 ooeuae
1504 3755 1667 3811 interesse
1694 3757 1802 3812 deliciis
1822 3756 1892 3824 griti-

1052 3832 1120 3886 lare.

1053 3908 1165 3965 CAPUT
1196 3907 1260 3962 tvi.
1290 3935 1323 3946 -
1351 3906 1391 3959 De
1416 3918 1490 3958 coeutt
1519 3906 1648 3960 Domitii
1679 3912 1708 3963 et
1735 3907 1811 3961 rebus
1832 3906 1854 3956 iii
1872 3914 1892 3952 u

1426 3976 1522 4043 pestis.

1089 4048 1188 4104 Vincat
1237 4045 1437 4102 verecundiam
1475 4060 1575 4112 amor,
1608 4046 1763 4103 timorem
1799 4041 1895 4100 aaut

1053 4121 1170 4176 affectus
1181 4135 1188 4173 ε
1199 4123 1231 4172 ut
1241 4119 1341 4199 saltem
1347 4118 1382 4200 de
1392 4114 1473 4170 inicis
1483 4130 1602 4170 mensas
1614 4117 1706 4174 illius
1717 4121 1894 4186 eleemosyuna

1052 4185 1897 4331 tetttttttttttititttt‘titt‘tttttttt

1053 4348 1135 4398 num,
1143 4333 1248 4386 famem
1258 4329 1390 4401 lacrymis
1399 4327 1495 4400 prode.
1507 4328 1584 4382 Cum
1597 4329 1669 4400 jain
1681 4346 1830 4404 surgensa
1842 4339 1899 4381 aaut

1055 4403 1142 4459 linteo
1162 4419 1191 4456 se
1208 4401 1366 4472 precinxit,
1377 4397 1531 4471 posuitque
1548 4415 1671 4470 aquam
1692 4402 1724 4457 in
1745 4401 1854 4474 pelvim,
1870 4411 1899 4449 ce

1055 4474 1113 4544 gito
1127 4489 1192 4545 quai
1207 4473 1349 4543 majestas,
1366 4485 1430 4541 quie
1442 4472 1573 4550 potestas
1589 4469 1761 4527 hominurn
1777 4467 1899 4543 pedesab

1054 4545 1108 4600 liiit
1119 4549 1147 4599 et
1158 4543 1297 4614 extergit:
1313 4557 1377 4613 quei
1390 4539 1557 4610 benignitas
1573 4542 1747 4611 proditoris
1760 4541 1901 4612 vestigiiis

1056 4615 1110 4670 cris
1120 4613 1252 4669 manibus
1268 4611 1369 4682 tangit.
1381 4612 1482 4679 Specta
1495 4613 1527 4663 et
1541 4619 1703 4683 exspecta,
1714 4618 1747 4670 et
1758 4613 1901 4669 ultimaon·

1056 4685 1136 4741 nium
1151 4690 1215 4739 tuos
1229 4683 1256 4737 ei
1279 4683 1375 4753 prebe
1390 4679 1568 4736 abluendos:
1588 4684 1670 4753 quia
1686 4701 1780 4766 quem
1796 4685 1805 4739 i
1826 4699 1851 4737 se
1862 4693 1902 4757 noa

1055 4757 1134 4823 lavit,
1150 4771 1206 4809 non
1220 4753 1337 4808 babebit
1358 4758 1468 4822 partem
1482 4766 1551 4804 cuin
1570 4767 1621 4807 eo.
1647 4755 1728 4820 Quid
1745 4771 1796 4810 mo
1817 4753 1901 4808 otest·

1056 4843 1107 4882 nas
1118 4825 1214 4882 exire?
1223 4825 1336 4880 Sustine
1346 4823 1505 4893 paululum.
1516 4821 1653 4878 Videsne
1664 4826 1808 4897 quisnam
1818 4825 1901 4880 iiiios

1056 4902 1173 4969 rogote,
1185 4895 1236 4968 qui
1251 4911 1283 4950 su
1307 4911 1338 4948 ra
1348 4899 1446 4964 pectus
1456 4892 1519 4962 ejus
1527 4895 1697 4962 recumbit,
1709 4902 1740 4952 et
1751 4898 1784 4951 iii
1795 4898 1854 4950 sinn
1862 4894 1901 4962 eju

1056 4973 1141 5040 caput
1158 4912 1305 5021 reclinati)
1316 4965 1391 5020 Felix
1406 4963 1523 5034 quicum
1548 4979 1587 5017 ue
1612 4966 1668 5021 ille
1693 4975 1751 5023 est.
1768 4969 1791 5024 0
1808 4982 1864 5021 eece
1876 4961 1901 5013 11·

1057 5040 1121 5100 deo,
1135 5040 1259 5095 loannes
1272 5041 1315 5091 est
1326 5051 1432 5090 nomeu
1443 5035 1515 5114 ejus.
1527 4979 1716 5114 delusiones,
1729 5039 1803 5111 quid
1814 5039 1851 5093 ibi
1860 5031 1900 5089 dil·

1057 5109 1175 5171 oedinis‚
1191 5108 1259 5179 quid
1274 5106 1372 5176 gratiae
1387 5108 1592 5170 ocerannus,
1612 5107 1690 5178 quid
1706 5110 1831 5165 luminis
1842 5113 1864 5162 et
1874 5106 1901 5158 dr

1057 5180 1181 5236 votiouis
1195 5179 1229 5233 ab
1244 5178 1293 5232 illo
1304 5176 1435 5231 hauriam
1450 5176 1538 5240 tonte,
1555 5175 1665 5232 dicito.
1683 5180 1730 5235 lhi
1745 5185 1902 5235 cerannos

1057 5250 1184 5307 thesauri
1200 5248 1347 5320 sapientiai
1361 5252 1389 5300 et
1404 5245 1548 5311 soientiae3
1561 5245 1608 5302 ibi
1624 5248 1696 5305 fons
1710 5246 1902 5307 misericordia.

1057 5321 1236 5378 domicilium
1251 5318 1374 5391 pietatis,
1388 5324 1414 5372 et
1428 5317 1508 5371 favus
1524 5321 1652 5374 aeterum
1669 5315 1902 5378 suavitatisid

1058 5393 1121 5462 tibi,
1132 5408 1149 5447 o
1162 5393 1286 5447 loannes
1296 5389 1393 5444 omnia
1405 5387 1481 5443 ista?
1491 5387 1651 5460 Numquid
1664 5397 1698 5447 tu
1714 5392 1865 5450 sublimior
1874 5389 1904 5442 ie

1090 5534 1098 5569 ¹
1114 5531 1188 5648 Apud
1204 5528 1331 5585 unuln..
1344 5525 1415 5592 quod
1426 5525 1464 5578 ad
1475 5525 1598 5603 spectate
1609 5533 1750 5583 amicitia
1761 5530 1904 5596 priritcptiia

1058 5608 1111 5661 quo
1125 5597 1134 5647 t
1156 5593 1196 5646 i...
1211 5593 1310 5646 dtctuiii
1322 5602 1399 5643 maio
1411 5588 1662 5654 uiprantem.
