3884 6112
154 297 220 350 1007

150 417 344 487 praeeeptnm:
362 428 428 466 nam
450 412 503 466 ista
525 411 623 481 utique
646 408 757 464 facilius
778 409 892 462 decocta
915 410 999 461 mtate

151 504 282 558 servabit.
299 503 330 555 ln
347 501 425 555 omni
444 505 539 554 antem
562 500 628 564 rita,
645 498 717 563 loco,
739 502 877 567 tempore,
893 495 999 550 amieos

152 598 201 646 aut
215 592 347 650 babeant,
363 595 412 643 aut
425 589 529 641 babere
551 588 666 657 instent,
692 587 891 656 obsequantur
906 584 1000 655 dignis

151 681 238 734 etiarn
262 695 318 731 non
338 679 390 730 boe
410 676 649 745 exspectantibus,
677 674 821 745 Superbos
842 674 935 727 minus
950 687 999 725 cu-

152 772 223 830 rent,
250 765 366 818 minime
388 763 444 815 sint
467 759 485 816 ‘.
516 765 587 832 Apte
616 766 864 832 congruenterque
891 760 997 813 vivant.

154 856 242 907 Deum
265 854 367 915 colant,
384 850 519 920 cogitent,
534 854 675 919 quaerant,
703 850 766 911 lide,
785 865 845 919 spe,
862 847 999 901 charitate

151 941 273 995 subnixi.
300 940 404 1008 Opteut
425 937 672 1008 tranquillitatem,
698 942 783 1007 atque
806 940 914 989 eertum
934 950 999 988 eur·

151 1046 214 1083 sum
228 1028 328 1082 studiis
342 1027 410 1092 suis,
431 1028 619 1096 omniumque
635 1025 794 1090 sociorum3
815 1028 842 1077 el
864 1023 918 1076 sibi
932 1022 998 1093 qni·

150 1118 260 1188 busque
276 1121 403 1187 possunt,
425 1119 550 1169 mentem
569 1115 673 1168 bonam
688 1118 875 1183 pacatamque
895 1111 994 1165 vitam.

151 1207 263 1260 CAPUT
286 1206 328 1258 lb'.
355 1233 388 1243 —
403 1202 618 1257 addiscendum
639 1203 800 1256 auctoritate
825 1200 951 1254 ducimur
974 1203 1000 1252 et

519 1291 632 1343 ratione.

186 1384 230 1435 lb.
254 1380 388 1450 Sequitur
407 1382 440 1431 ut
466 1377 558 1431 dicam
579 1377 720 1447 quomodo
743 1376 864 1430 studiosi
890 1374 998 1429 erudiri

151 1469 280 1532 debeant,
297 1468 346 1535 qui
361 1466 432 1519 sicut
452 1465 559 1518 dictum
578 1470 620 1519 est
634 1465 726 1518 vivere
746 1464 939 1519 instituerunt.
956 1463 999 1518 Ad

151 1556 315 1611 discendum
340 1554 407 1608 item
426 1553 585 1607 necessario
607 1553 758 1622 dupliciter
780 1552 923 1621 ducimur,
946 1568 998 1605 au·

151 1644 278 1698 ctoritate
295 1648 378 1713 atque
388 1642 508 1696 ratione.
524 1643 663 1710 Tempore
679 1640 840 1705 auctoritas,
856 1655 887 1693 re
902 1643 998 1692 autem

150 1731 223 1786 ratio
238 1731 318 1801 prior
337 1735 388 1785 est.
406 1728 489 1783 atiud
504 1732 546 1781 est
561 1728 637 1781 enim
653 1727 729 1798 qnod
746 1727 775 1780 in
792 1728 902 1798 agendo
918 1731 997 1780 ante-

150 1819 277 1889 ponitur,
302 1817 378 1871 aliud
401 1818 477 1886 quod
498 1815 588 1886 pluris
603 1815 633 1868 in
649 1816 807 1886 appetendo
830 1815 996 1870 aestimatur.

150 1907 259 1976 ltaque,
274 1920 439 1976 quanquam
454 1902 595 1957 bonoram
607 1903 762 1956 auctoritas
776 1901 915 1973 imperita
927 1903 998 1956 mul-

149 1992 266 2047 titudini
281 1993 409 2046 rideatur
422 2009 481 2045 esse
497 1991 646 2060 salubrior,
657 1991 730 2045 ratio
746 2006 811 2045 rere
826 1986 918 2061 aptior
932 2007 997 2045 eru-

150 2082 232 2135 ditis:
251 2085 346 2134 maren
367 2080 435 2150 qnia
456 2079 551 2133 nullus
571 2079 719 2132 bominum
741 2077 843 2131 nisiex
862 2077 997 2148 imperito

150 2169 257 2240 peritus
272 2170 313 2233 lit,
330 2168 426 2220 nullus
447 2171 543 2219 autem
565 2165 715 2235 imperitus
739 2167 817 2220 norit
840 2167 954 2237 qualem
968 2183 997 2221 se

151 2257 252 2311 debeat
267 2255 394 2326 praebere
414 2254 592 2321 docentibus,
609 2259 637 2307 et
653 2252 730 2323 quali
748 2254 806 2308 rita
821 2269 881 2308 esse
900 2253 998 2307 docilis

150 2343 254 2414 possit;
271 2342 366 2397 evenit
380 2346 412 2395 ut
427 2341 559 2394 omnibus
571 2341 646 2395 bona
661 2356 765 2411 magna
782 2346 810 2395 et
824 2343 933 2396 occulta
953 2343 996 2396 di-

150 2447 227 2485 scere
242 2430 431 2501 eupientibns,
448 2445 506 2482 non
517 2429 627 2498 aperiat
637 2428 692 2482 nisi
703 2429 855 2484 auctoritas
868 2430 995 2500 januam.

151 2521 241 2584 Quam
268 2520 386 2591 quisque
409 2519 554 2588 ingressus
576 2518 636 2570 sine
661 2519 717 2571 ulla
737 2517 914 2572 dubitatione
933 2519 997 2573 vitae

120 2612 129 2625 '
151 2610 266 2679 optima
284 2612 425 2679 praecepta
445 2611 588 2661 sectatur:
607 2621 660 2677 per
675 2622 739 2678 quae
761 2622 826 2660 eum
840 2607 940 2661 docilis
953 2607 996 2661 ln-

150 2703 211 2752 etus
224 2698 320 2767 fuerit,
335 2702 397 2751 tum
410 2697 525 2750 demum
541 2695 628 2749 discet
643 2700 671 2748 et
681 2700 788 2766 quanta
803 2680 913 2749 ratione
928 2712 998 2766 prm-

150 2786 209 2841 dita
222 2786 277 2839 sint
297 2801 330 2838 ea
344 2785 405 2854 ipsa
420 2799 484 2854 quae
508 2786 619 2836 secutus
643 2786 686 2836 est
702 2787 768 2836 aute
792 2783 954 2851 rationem,
969 2788 997 2838 et

150 2873 219 2944 quid
233 2873 269 2927 sit
280 2873 341 2943 ipsa
353 2871 424 2925 ratio
438 2886 524 2941 quam
539 2874 604 2940 post
614 2870 790 2924 auctoritatis
798 2872 940 2926 cunabula
951 2872 997 2926 br-

149 2977 213 3015 mus
228 2966 256 3014 et
269 2961 389 3013 idoneus
401 2960 461 3029 jam
476 2957 603 3028 sequitur
619 2961 703 3028 atqua
719 2960 952 3029 comprehendit;
970 2967 998 3015 et

150 3049 217 3119 quid
233 3048 402 3106 intellectus,
419 3046 448 3098 iu
468 3061 525 3115 quo
545 3044 677 3099 universa
692 3050 768 3113 sunt,
786 3047 828 3100 rel
848 3046 909 3116 ipse
920 3053 931 3084 ²
944 3065 995 3119 po·

151 3136 207 3189 tius
229 3135 375 3202 universa
392 3139 421 3187 et
443 3133 510 3204 quid
530 3138 633 3202 preater
648 3134 780 3188 universa
798 3135 996 3192 universorum

149 3223 335 3294 principium.
346 3223 388 3276 Ad
404 3237 489 3291 quam
506 3221 698 3291 coguitionem
712 3221 742 3275 in
757 3222 809 3276 hae
824 3222 880 3277 vita
893 3240 994 3294 perve-

147 3311 209 3365 nire
226 3310 318 3382 pauci,
343 3309 522 3378 ultraquam
546 3325 612 3362 vero
628 3309 714 3362 etiam
729 3314 794 3379 post
814 3311 886 3365 banc
907 3313 995 3368 vitam

145 3415 230 3453 nemo
254 3397 388 3468 progredi
411 3401 511 3466 polest.
542 3396 595 3459 Qui
627 3402 721 3450 autem
750 3398 809 3452 sola
828 3401 995 3457 arroteritate

145 3487 280 3554 contenti,
295 3484 378 3539 bouis
396 3489 508 3538 tantum
528 3484 655 3538 moribus
677 3484 817 3556 rectisque
836 3488 908 3542 rotis
928 3505 994 3544 eon-

146 3580 253 3629 stanler
270 3588 387 3644 operam
407 3572 547 3638 dederint,
569 3577 619 3626 aut
633 3578 858 3640 contemnentes,
874 3581 923 3630 aut
937 3593 995 3632 non

147 3664 273 3717 ualentes
288 3661 444 3730 disciplinis
456 3660 621 3714 liberalibus
641 3665 726 3732 atque
745 3661 860 3732 optimis
876 3665 993 3730 erudiri,

148 3751 246 3804 beatos
282 3765 330 3802 eos
359 3748 486 3818 quidem,
523 3764 588 3802 eum
613 3748 689 3802 inter
725 3750 856 3805 homines
885 3753 993 3821 vivunt,

147 3836 240 3890 nescio
256 3836 398 3906 quomodo
422 3836 582 3905 appellem3
609 3840 704 3890 lamen
728 3837 894 3894 inconcusse
910 3841 993 3896 eredo

147 3938 212 3976 mor
237 3927 268 3976 nt
287 3924 340 3975 boe
360 3938 461 3990 eorpus
487 3922 665 3991 reliquerint,
691 3939 740 3976 eos
766 3942 823 3996 qno
845 3927 917 3982 bene
933 3945 993 3983 ma-

146 4011 190 4082 gis
214 4009 340 4063 minusve
363 4009 504 4075 riserunt,
529 4025 562 4062 eo
585 4009 695 4063 laeilius
718 4016 768 4065 aut
794 4013 938 4069 dillieilius
960 4015 994 4070 li·

145 4098 250 4155 berari.
907 4150 909 4155 .

179 4192 224 4243 Ἢ.
248 4186 407 4241 Auctoritas
431 4189 526 4240 antem
553 4185 659 4256 partim
681 4187 778 4243 dirina
806 4195 859 4259 est,
887 4192 992 4262 partim

144 4271 287 4330 lfbmana:
305 4275 352 4329 sed
375 4289 450 4339 vera,
473 4273 566 4339 firma,
586 4290 698 4329 summa
713 4292 745 4330 ea
760 4282 802 4332 est
816 4295 880 4350 quas
897 4281 992 4336 diviua

144 4366 317 4419 nominatur.
333 4364 365 4417 ln
377 4378 434 4434 qua
448 4363 601 4416 metuenda
611 4368 653 4416 est
667 4365 808 4420 aeriorum
823 4367 991 4425 animalium

143 4453 216 4507 mira
231 4452 355 4518 fallacia,
372 4467 436 4522 quae
460 4466 623 4521 perrarum
640 4453 674 4506 ad
692 4453 760 4506 istos
776 4470 874 4509 sensus
889 4473 990 4529 eorpo-

143 4540 181 4592 ris
194 4540 398 4609 pcrtinentium
414 4539 551 4610 quasdam
568 4539 763 4603 divinationes,
779 4544 989 4616 nonnullasque

141 4627 294 4696 potentias,
314 4628 443 4698 decipere
467 4627 576 4681 animas
590 4628 724 4682 facillime
743 4637 926 4698 consuerunt,
940 4638 989 4688 aut

141 4714 333 4784 periturarum
348 4715 526 4770 fortunarum
539 4716 675 4785 curiosas,
690 4720 738 4769 aut
752 4717 897 4788 fragilium
911 4721 987 4792 cupi-

142 4803 191 4856 das
204 4807 386 4872 potestatum,
404 4807 451 4856 aut
465 4804 595 4857 inaniunt
615 4804 814 4859 formidolosas
834 4807 985 4864 miraculo·

140 4906 214 4944 rain.
232 4891 283 4943 llla
296 4906 363 4959 ergo
379 4892 530 4945 auctoritas
541 4892 765 4947 divinadieenda
781 4899 831 4961 est,
848 4912 913 4966 quas
929 4914 985 4952 non

140 4981 232 5033 solum
246 4977 276 5031 in
303 4977 481 5031 sensibilibus
501 4981 590 5050 signis
612 4981 786 5035 transcendit
801 4998 915 5036 omnem
930 4986 984 5039 bu-

137 5082 254 5122 manam
275 5064 447 5130 facultatem,
470 5067 519 5120 sed
542 5072 570 5121 et
596 5067 690 5138 ipsum
715 5068 862 5123 bominem
886 5086 981 5142 agens,

138 5155 262 5210 ostendit
274 5153 298 5208 ei
310 5169 460 5223 quousque
477 5170 505 5206 se
521 5161 638 5225 propter
647 5155 742 5228 ipsum
752 5157 940 5227 depresserit:
957 5161 984 5212 et

157 5337 174 5409 ‘¹
191 5335 234 5410 Sic
252 5335 322 5442 ples..
338 5335 364 5381 et
376 5330 514 5386 editiones,
538 5337 645 5396 excepta
664 5335 735 5393 Lon,
760 5349 818 5398 quae
833 5334 912 5385 babet
929 5338 981 5386 mt-

132 5408 301 5567 pppqupjhs
315 5455 438 5519 vulgetis,
456 5455 515 5516 ipsa
526 5454 616 5517 potius
627 5458 761 5508 uniuersa.
778 5459 828 5509 Sed
842 5460 938 5510 melius
953 5460 980 5508 in

160 5533 204 5580 ss,
219 5531 282 5582 epse.

788 287 835 342 DE
854 283 999 353 ORDINE,
1020 283 1047 340 S.
1069 281 1263 340 AUGUSTlNl

1857 282 1940 336 llloe'

1055 422 1113 460 non
1133 404 1223 460 teneri
1247 402 1386 474 sensibus,
1405 402 1509 476 quibus
1533 401 1679 458 ridentur
1702 400 1757 456 illa
1785 401 1906 469 miranda,
1936 430 1939 451 :

1055 493 1104 548 sed
1117 493 1151 547 ad
1166 492 1341 546 intellectum
1353 490 1435 562 jubet
1454 491 1588 557 evolare;
1612 488 1707 543 simul
1724 489 1907 547 demonstraus

1056 587 1085 635 et
1097 586 1204 652 quanta
1219 579 1264 634 bic
1279 579 1379 650 possit,
1391 583 1419 633 et
1433 595 1483 633 eur
1498 579 1562 633 baee
1578 577 1685 643 faeiat,
1703 582 1735 631 et
1750 594 1839 649 quam
1848 582 1907 650 parri
1938 574 1940 579 ’

1054 670 1171 740 pendat.
1197 670 1300 723 Doceat
1323 668 1402 722 enim
1431 671 1545 738 oportet
1581 671 1614 721 et
1637 665 1728 720 laetis
1759 672 1907 736 potestaten
1938 724 1940 731 ,

1055 775 1147 828 suam,
1162 763 1190 813 et
1206 758 1365 813 bumilitate
1387 755 1583 822 elementiam,
1601 760 1633 810 et
1651 755 1905 826 praeceptionem·
1938 742 1940 775 ²

1054 852 1165 908 turam;
1183 863 1248 918 quae
1264 845 1361 900 omnia
1376 845 1461 899 sacris
1475 844 1584 916 quihus
1601 843 1780 909 initiamur,
1797 845 1907 899 secretius

1055 935 1224 1006 firmiusque
1239 934 1407 989 traduntur:
1421 933 1451 987 in
1474 932 1584 1005 quibus
1600 931 1762 987 bonorum
1780 933 1835 986 sita
1849 931 1906 988 raa
1936 956 1940 967 ·

1055 1023 1134 1090 lime,
1144 1039 1201 1077 non
1212 1022 1438 1092 disputationum
1449 1020 1638 1092 ambagibus,
1650 1019 1709 1073 sed
1722 1019 1906 1090 mysterium!

1055 1110 1221 1165 auctoritate
1235 1114 1381 1181 purgatur.
1397 1111 1525 1163 llumana
1536 1125 1610 1163 vero
1621 1108 1793 1162 auctoritas
1806 1109 1907 1180 plerum
1934 1106 1940 1145 ³

1055 1215 1110 1270 qne
1131 1197 1221 1253 lallit:
1248 1197 1278 1252 in
1294 1197 1333 1251 eis
1358 1202 1454 1252 tamen
1471 1198 1537 1269 jure
1564 1196 1694 1253 ridetur
1707 1197 1905 1270 excellerem

1055 1291 1193 1358 quantam
1209 1285 1411 1357 imperitorum
1426 1302 1524 1355 sensus
1539 1285 1635 1356 capit,
1655 1285 1758 1340 multa
1773 1287 1841 1341 dant
1851 1287 1904 1341 indi

1055 1375 1097 1429 eia
1112 1375 1307 1429 doctrinarum
1330 1391 1454 1436 suarum,
1469 1378 1496 1428 et
1512 1389 1575 1428 non
1596 1372 1712 1428 vivunt
1734 1373 1821 1429 aliter
1840 1391 1903 1446 qrun

1053 1462 1206 1517 vivendum
1230 1479 1291 1517 esse
1314 1461 1492 1533 precipiunt.
1519 1460 1637 1526 Quibus
1664 1459 1692 1514 si
1720 1461 1820 1532 aliqua
1840 1461 1903 1516 etim

1054 1551 1177 1606 fortunae
1193 1566 1313 1604 munera
1331 1549 1508 1615 accesserint,
1529 1565 1668 1620 quorum
1693 1554 1852 1620 appareant
1867 1568 1902 1604 usu

1054 1638 1162 1710 magni,
1177 1642 1399 1708 contemptuque
1414 1637 1553 1708 majores3
1571 1635 1796 1691 difficillimum
1810 1636 1902 1691 omniur

1054 1729 1097 1779 est
1111 1730 1142 1780 ut
1156 1724 1196 1779 eis
1211 1725 1333 1796 quisque
1350 1724 1460 1779 vivendi
1470 1728 1620 1795 praecepta
1636 1724 1786 1779 dantibus
1798 1724 1900 1790 mens
1934 1777 1935 1786 ,

1052 1817 1128 1869 reete
1142 1813 1330 1883 vituperetur.

1116 1900 1228 1956 CAPUT
1240 1901 1270 1954 ll.
1284 1901 1392 1955 -Vitae
1403 1903 1540 1970 praecepte
1553 1901 1645 1970 pauci
1661 1905 1854 1970 assequuntur.

1089 1991 1133 2043 28.
1151 1988 1201 2042 Hic
1214 1987 1352 2059 Alypius:
1369 1989 1538 2058 Permagna,
1551 1987 1669 2059 inquit,
1684 1989 1756 2043 ritae
1765 1989 1855 2060 imago
1866 1989 1899 2044 abs

1054 2081 1082 2131 te
1097 2079 1165 2131 ante
1178 2076 1276 2130 oeulos
1290 2080 1412 2145 nostros,
1429 2091 1494 2130 eum
1513 2076 1614 2148 plene,
1632 2081 1703 2131 tum
1719 2077 1898 2132 brevitatem

1054 2164 1151 2219 stituta
1175 2168 1231 2230 est,
1256 2164 1301 2219 eui
1325 2163 1454 2235 quamvis
1477 2163 1665 2234 quotidianis
1692 2166 1844 2237 praecptis
1860 2165 1897 2218 lois

1052 2251 1207 2321 inhiemus,
1220 2256 1315 2307 tamen
1323 2252 1466 2307 noshodio
1477 2252 1648 2324 cupidiores
1658 2254 1897 2326 flagrantioresque

1053 2343 1210 2399 reddidisti.
1226 2345 1267 2398 ad
1284 2359 1380 2415 quam,
1404 2343 1428 2397 si
1446 2343 1508 2398 lieri
1523 2347 1637 2415 posset,
1662 2361 1726 2400 non
1743 2346 1836 2401 solum
1853 2362 1897 2410 nos,

1052 2448 1151 2487 verum
1174 2430 1259 2486 etiam
1280 2436 1396 2486 eunetos
1414 2429 1547 2486 homines
1565 2432 1630 2502 jam
1648 2433 1823 2503 pervenire,
1837 2431 1896 2486 etei

1052 2519 1426 2591 dem,inhaerereeuperem,
1436 2518 1533 2573 uthaee
1544 2518 1633 2573 sicuti
1645 2520 1756 2575 auditu
1768 2518 1896 2582 mirabilia,

1053 2608 1093 2662 ita
1108 2613 1202 2663 essent
1224 2608 1383 2663 imitatione
1407 2606 1509 2662 facilia.
1537 2607 1612 2661 Nam
1634 2607 1741 2662 nescio
1759 2606 1896 2680 quomodo,

1052 2696 1131 2767 quod
1144 2697 1255 2751 utinam
1269 2697 1311 2750 rel
1328 2712 1344 2749 a
1359 2694 1440 2750 nobis
1453 2695 1552 2766 proeul
1568 2695 1660 2760 absit,
1678 2697 1803 2751 animas
1817 2697 1897 2750 buna·

1052 2800 1106 2838 nus
1119 2783 1188 2838 dum
1204 2785 1264 2839 hoee
1287 2782 1441 2845 audiendo,
1466 2782 1602 2848 eoelestia,
1630 2782 1738 2839 divina
1754 2799 1788 2838 ae
1804 2798 1897 2854 prorsa

1051 2889 1118 2926 vera
1131 2888 1191 2926 esse
1211 2872 1378 2942 proclamet,
1399 2870 1429 2924 in
1445 2869 1607 2942 appetendo
1622 2871 1716 2927 aliter
1733 2889 1765 2927 se
1780 2873 1865 2945 gerit;
1876 2876 1898 2924 ul

1052 2960 1123 3015 mibi
1145 2959 1325 3014 verissimum
1345 2959 1472 3014 videatur
1498 2963 1548 3013 aut
1561 2957 1684 3013 divinos
1708 2961 1898 3027 hominesue

1051 3066 1110 3104 non
1123 3048 1183 3103 sine
1205 3049 1301 3103 divina
1321 3065 1375 3120 ope
1399 3047 1439 3102 sie
1461 3047 1565 3102 virere.
1583 3048 1642 3103 Cui
1664 3065 1745 3121 ego:
1772 3053 1898 3122 llaecpre
1934 3072 1939 3125 3

1051 3142 1132 3207 tepla
1146 3137 1269 3206 visendi,
1281 3153 1346 3208 quae
1358 3136 1420 3204 tibi,
1431 3140 1462 3190 ut
1472 3152 1597 3207 semper,
1611 3136 1786 3208 plurimum
1797 3141 1897 3211 placent,
1934 3162 1939 3215 .'

1050 3226 1144 3297 alypi,
1160 3226 1289 3297 quamvis
1305 3225 1350 3279 hie
1365 3224 1435 3279 meis
1449 3223 1542 3279 verbis
1556 3241 1613 3294 pro
1629 3230 1774 3298 tempore
1790 3241 1897 3300 expressa
1934 3276 1937 3281 .

1051 3314 1116 3382 sint,
1137 3331 1197 3368 non
1220 3318 1317 3368 tamen
1332 3330 1348 3367 a
1363 3329 1408 3368 me
1434 3312 1548 3368 inventa
1562 3328 1629 3368 essa
1655 3317 1777 3385 optime
1791 3319 1849 3370 scis.
1863 3314 1897 3369 llis
1937 3376 1940 3393 Ι

1051 3401 1128 3455 enim
1151 3417 1322 3472 magnorum
1340 3399 1491 3455 bominum
1510 3405 1539 3455 et
1557 3417 1638 3471 peno
1660 3402 1832 3460 divinornm
1849 3400 1896 3457 libri
1937 3402 1940 3445 ἲ

1050 3490 1209 3560 plenissimi
1224 3492 1307 3544 sunl:
1326 3489 1401 3561 quod
1415 3506 1473 3543 non
1488 3493 1652 3560 propterte
1668 3492 1830 3550 dicendum
1843 3489 1896 3547 mibi

1050 3578 1157 3649 putari,
1171 3578 1220 3632 sed
1235 3582 1352 3648 propter
1365 3578 1432 3631 istos
1445 3577 1657 3649 adolescentes,
1674 3597 1717 3637 ne
1736 3584 1767 3636 in
1782 3583 1821 3637 eis
1834 3579 1896 3653 quasi

1050 3667 1247 3721 arroteritatem
1265 3682 1360 3720 meam
1378 3667 1441 3737 jure
1460 3671 1660 3723 contemnant.
1679 3670 1759 3726 Nam
1774 3672 1840 3726 mihi
1852 3684 1895 3723 om

1049 3753 1119 3807 nino
1134 3754 1198 3808 illos
1210 3755 1410 3822 nolocredere,
1421 3753 1475 3808 nisi
1490 3754 1617 3822 docenti,
1634 3756 1895 3832 rationemqnered

1050 3841 1138 3908 denti,
1152 3847 1269 3913 propter
1279 3859 1349 3913 quos
1364 3858 1417 3912 pro
1430 3858 1525 3897 rerum
1539 3844 1758 3915 magnitudine
1772 3847 1894 3902 concitan-

1050 3929 1111 3999 dos,
1124 3929 1210 3984 etiam
1223 3934 1251 3983 te
1266 3927 1387 3984 arbitror
1402 3929 1488 3984 istum
1503 3928 1728 4002 interposuisse
1742 3949 1893 3991 sermonen.

1049 4017 1111 4071 Non
1126 4016 1203 4071 enirn
1219 4016 1270 4071 tibi
1284 4017 1398 4072 suntad
1414 4016 1594 4088 sequendum
1615 4019 1676 4076 ista
1694 4023 1834 4091 diflicilia,
1845 4036 1893 4094 que

1047 4109 1125 4160 tanta
1138 4104 1260 4176 rapuisti
1278 4105 1422 4173 aviditate,
1435 4110 1570 4177 tantoque
1587 4106 1621 4162 in
1637 4125 1675 4164 aa
1691 4117 1807 4168 naturae
1819 4111 1891 4166 admi·

1046 4193 1145 4248 rabilis
1160 4195 1267 4264 impetn
1289 4193 1432 4264 ingressus
1447 4209 1487 4261 es,
1502 4199 1535 4249 ut
1549 4210 1606 4266 ego
1622 4198 1680 4253 tibi
1696 4203 1859 4263 verborum,
1871 4206 1893 4252 tn

1047 4283 1119 4337 mihi
1131 4298 1228 4336 rernm
1243 4282 1379 4352 magister
1393 4282 1508 4337 allectus
1521 4281 1568 4337 sis.
1588 4285 1655 4340 Non
1670 4288 1758 4345 enim
1774 4295 1815 4346 est
1827 4287 1893 4344 modo

1045 4371 1195 4426 ullaeausa
1210 4370 1377 4437 mentiendi,
1394 4374 1443 4424 aut
1456 4371 1557 4426 saltem
1572 4374 1695 4431 occasio
1710 4395 1718 4433 :
1738 4393 1892 4448 numaeque

1045 4461 1072 4512 te
1087 4459 1156 4513 falsa
1170 4463 1220 4513 tua
1234 4458 1319 4513 laude
1334 4457 1531 4513 studiosiorem
1548 4459 1616 4515 fieri
1631 4470 1722 4534 puto,
1739 4468 1799 4522 etii
1811 4467 1891 4523 adsunt

1044 4546 1094 4617 qui
1111 4549 1263 4617 utrumque
1276 4552 1425 4614 noverunt,
1441 4551 1469 4601 et
1481 4546 1507 4601 ei
1519 4563 1618 4604 sermo
1635 4551 1696 4610 iste
1712 4556 1849 4622 mittetur,
1859 4553 1891 4608 rui

1045 4639 1173 4690 nostrum
1190 4635 1285 4689 nullus
1298 4634 1411 4705 ignotus
1426 4639 1476 4689 est.

1079 4725 1122 4777 29.
1139 4724 1231 4777 Bonos
1257 4723 1450 4790 antemviros,
1475 4724 1651 4799 deditosque
1678 4732 1804 4804 optimis
1825 4732 1891 4790 mori

1043 4809 1106 4876 bns,
1121 4808 1144 4862 si
1163 4825 1220 4863 non
1244 4808 1326 4864 aliter
1347 4809 1435 4866 sentis
1453 4816 1539 4883 atque
1564 4813 1681 4884 dixisti,
1709 4824 1854 4893 pauciores
1871 4827 1889 4874 te

1042 4897 1163 4952 arbitror
1178 4914 1238 4952 esse
1262 4899 1386 4962 eredere,
1408 4915 1495 4971 quam
1514 4899 1588 4955 mihi
1603 4906 1768 4974 probabile
1782 4917 1839 4966 est:
1854 4907 1889 4962 sul

1041 4986 1125 5040 multi
1134 4985 1248 5056 penitus
1258 4987 1346 5042 latent
1357 4992 1393 5042 te.
1406 4988 1476 5043 Item
1487 4988 1651 5047 mullorum
1664 5011 1732 5053 non
1744 4999 1888 5062 latentium,

1041 5089 1074 5128 ea
1088 5074 1148 5145 ipsa
1163 5091 1227 5146 qen
1242 5074 1315 5130 mira
1337 5079 1414 5143 sunt,
1439 5077 1548 5132 latent:
1566 5077 1600 5133 in
1627 5082 1735 5141 animo
1750 5087 1825 5142 enim
1837 5088 1889 5141 sunt

1039 5160 1103 5228 ista,
1115 5162 1164 5234 qui
1176 5180 1269 5234 neque
1279 5180 1361 5219 sensu
1378 5163 1468 5235 accipi
1477 5170 1584 5236 potest,
1598 5173 1628 5226 et
1642 5171 1822 5248 plerumque
1834 5174 1888 5229 dun

1039 5266 1195 5321 congruere
1206 5253 1265 5307 vult
1277 5252 1443 5308 vitiosorum
1459 5253 1615 5311 hominum
1629 5262 1800 5335 colloquiis,
1813 5281 1843 5318 es
1854 5261 1887 5316 di·

1038 5338 1075 5393 cit
1093 5356 1157 5410 qnae
1181 5346 1229 5396 aut
1257 5342 1380 5413 probare
1402 5346 1451 5397 aut
1478 5349 1618 5416 appetere
1645 5350 1793 5411 videatur.
1816 5352 1887 5409 blatta

1037 5425 1123 5480 etiam
1140 5428 1207 5482 lacit
1220 5445 1278 5483 non
1293 5428 1425 5499 libenter,
1437 5437 1556 5502 propter
1566 5441 1622 5491 aut
1631 5438 1790 5498 vitandum
1804 5441 1886 5496 odium

1035 5513 1195 5584 hominum,
1207 5517 1406 5590 antineptiam
1417 5519 1601 5595 fugiendam3
1618 5529 1704 5599 quod
1715 5546 1771 5588 nos
1783 5528 1885 5586 audien·
