3884 6112
702 233 809 290 taleae
829 232 972 292 PRIMUS.
1667 245 1719 300 att

69 353 151 411 decta
165 354 278 427 querit,
293 352 423 427 quamvis
437 370 496 410 non
509 352 638 411 insaniat
650 354 811 425 raritatem,
869 357 965 423 verba,
982 358 1010 412 et
1024 357 1261 430 consequentium
1276 357 1347 415 item
1362 359 1528 433 singillatim
1544 363 1652 430 omnia,
1667 363 1722 419 tin·

69 447 172 517 quaest
186 443 222 499 ob
237 459 301 498 eam
316 458 388 509 rem,
405 434 654 515 qnodsacaudum
669 445 809 500 rabonem
868 461 938 516 gens
957 445 1034 518 qnod
1055 445 1127 502 nihil
1147 445 1319 520 intelligam,
1340 447 1455 504 definiri
1479 450 1625 522 flagitem?
1648 453 1719 508 Nam

69 548 112 588 ua
130 547 196 587 vero
219 531 348 587 definitio
373 536 403 587 et
422 532 556 588 frustrata
579 537 632 600 est,
653 537 684 588 et
706 533 729 588 si
753 549 812 588 non
850 523 937 605 'quid
951 534 1155 606 planissimum
1178 550 1238 590 uon
1260 553 1325 592 meo
1346 538 1413 609 jure
1436 538 1552 595 deliniri
1570 556 1680 613 cogam,
1696 541 1720 596 si

69 620 131 677 nibil
144 636 207 676 eam
219 636 319 676 curare
335 620 479 687 deberem,
494 620 518 674 si
532 636 567 676 ax
579 636 613 675 eo
628 622 722 676 solum
733 622 809 694 quod
864 621 930 692 jure
944 636 1020 677 ame
1039 621 1186 693 sapientia
1200 622 1329 679 delinitio
1346 625 1525 696 postulaturi
1540 627 1627 700 Cujus
1641 628 1719 684 onim

69 709 151 778 iniri,
163 707 445 764 satiscausaiirmata
457 712 518 764 ast:
534 725 594 777 cur,
612 725 720 781 quaeso,
739 725 814 764 uon·
867 710 946 765 verbi
964 710 995 766 in
1017 710 1121 767 animis
1139 710 1245 767 nostris
1263 713 1436 785 apertiorem
1453 715 1602 772 notionem
1617 721 1720 772 natura

69 798 156 855 dista
169 799 245 854 inter
258 814 310 852 nos
324 797 444 870 quaestio
458 796 618 853 dissoluta?
868 814 928 852 asse
947 797 1040 855 votuit
1058 815 1145 872 quam
1170 799 1338 872 sapientia?
1362 801 1416 857 Sed
1441 803 1536 858 nescio
1560 805 1719 875 quomodo,

103 888 216 943 CAPUT
231 887 262 941 V.
276 916 311 928 -
325 885 461 953 Quidnam
472 888 510 942 sit
522 887 669 956 supientia.
868 902 933 941 cam
947 887 1052 943 mentis
1067 893 1174 944 nostrae
1189 889 1277 944 veluti
1291 894 1407 961 portum
1426 891 1504 946 notio
1518 891 1580 963 ipsa
1594 892 1719 965 relique·

69 975 107 1032 iic
121 975 291 1047 Trygetiua:
318 975 420 1044 llasne,
440 973 548 1046 inquit,
573 973 746 1046 sapientiam
763 989 812 1029 re·
868 973 915 1041 rit,
941 979 971 1030 et
988 976 1143 1032 verborum
1165 976 1220 1032 sibi
1242 977 1323 1049 quasi
1343 979 1406 1033 vela
1430 979 1594 1047 tetenderit,
1616 995 1718 1034 occur.-

70 1064 133 1120 *iam
155 1063 221 1119 ritae
248 1064 330 1118 esse?
352 1063 402 1130 llo,
426 1063 531 1134 inquit,
556 1062 616 1119 sine
636 1062 745 1118 dubio:
762 1062 813 1117 sed
867 1065 951 1118 rent¹
967 1065 1063 1119 statim
1078 1064 1286 1120 calumniarum
1300 1065 1379 1122 mille
1396 1067 1556 1138 naufragia.
1572 1067 1718 1133 Quamob-

69 1153 134 1208 voto
149 1150 220 1207 mihi
233 1151 404 1221 sapientiam
418 1150 551 1222 definias,
564 1155 598 1206 ut
611 1151 699 1206 sciam
713 1154 812 1205 utum
866 1165 928 1205 rem
943 1156 994 1207 aut
1008 1151 1137 1207 delinitio
1153 1153 1301 1224 sapientiae
1315 1169 1352 1208 ne
1374 1154 1549 1225 requiratur,
1569 1159 1618 1209 aut
1629 1155 1719 1226 judex

70 1240 121 1308 ibi,
147 1241 247 1295 eadem
262 1239 315 1294 tibi
327 1255 388 1294 esso
412 1239 552 1295 rideatur.
575 1241 608 1294 Et
622 1239 689 1295 illa:
707 1239 812 1294 Parum
867 1243 964 1295 noster
978 1239 1009 1295 in
1019 1240 1081 1311 ejus
1095 1240 1285 1312 patrocinium
1300 1241 1436 1312 dignetur
1451 1242 1632 1298 descendere.
1646 1244 1718 1297 Tum

69 1334 89 1395 t,
101 1329 214 1385 videtur
228 1326 346 1383 definita
360 1328 415 1382 hoc
433 1327 495 1400 ipso
509 1327 586 1400 quod
599 1342 676 1382 nunc
689 1326 811 1382 interro·
866 1343 931 1398 ego,
946 1342 1012 1382 cum
1025 1327 1086 1398 jam
1100 1328 1197 1382 stilum
1208 1343 1265 1383 nor
1276 1327 1439 1399 impediret,
1455 1333 1483 1383 et
1496 1328 1579 1401 quasi
1594 1330 1629 1384 de
1644 1329 1719 1385 iute-

70 1420 107 1474 s‘?
125 1418 216 1473 Etiam
234 1417 314 1488 quod
331 1416 408 1472 roloi
428 1415 602 1471 concessisti.
619 1415 649 1471 Si
662 1415 741 1471 enim
753 1431 812 1470 nou
866 1431 918 1486 gro
928 1415 1210 1487 magnumquiddam
1221 1414 1420 1472 disserendum
1428 1416 1555 1472 riderem
1563 1416 1719 1486 oboriri,iu

75 1521 135 1561 nou
148 1505 220 1559 ialso
235 1509 311 1560 recta
332 1503 378 1559 via
391 1503 457 1559 vitae
472 1503 612 1576 sapientia
627 1504 806 1559 nominatur.
866 1502 956 1559 alium
969 1503 1047 1559 diem
1067 1503 1186 1559 distuli:
1205 1520 1272 1559 nam
1292 1503 1438 1577 disputare
1458 1520 1635 1576 coeperamus
1659 1505 1718 1559 sole

70 1593 191 1649 iceutius
202 1610 208 1646 :
221 1593 295 1648 Nihil
311 1592 384 1648 mihi
396 1596 454 1647 tam
472 1592 636 1659 ridiculum,
656 1608 744 1664 quam
756 1591 812 1646 istu
863 1592 924 1663 jam
939 1592 969 1647 in
982 1608 1113 1647 occasum
1124 1592 1295 1657 declinante,
1308 1593 1425 1664 diesque
1438 1609 1511 1664 pene
1522 1596 1598 1647 totus
1611 1609 1676 1647 cuns
1688 1592 1718 1647 iu

70 1698 90 1738 ,ο
108 1682 230 1749 videtur,
250 1680 354 1753 inquit.
379 1682 518 1748 Faunae,
533 1680 574 1735 ait
587 1681 652 1736 ille:
673 1681 810 1753 pedeten-
866 1681 952 1736 rebus
975 1680 1088 1737 rusticis
1112 1680 1288 1748 ordinandis,
1311 1684 1372 1737 tum
1387 1682 1419 1737 in
1442 1681 1607 1737 recensione
1629 1680 1718 1752 primi

70 1785 125 1827 nen
148 1786 257 1843 quaeso,
273 1774 305 1825 ut
324 1768 398 1824 ratio
421 1768 578 1841 praeveniat
595 1768 686 1824 risum
707 1772 809 1824 tuum:
866 1770 933 1826 libri
947 1769 1059 1843 Virgilii
1073 1774 1205 1843 peractus
1219 1771 1283 1827 fuit.

70 1858 127 1915 mm
141 1862 184 1915 est
198 1859 302 1914 taedius
322 1857 382 1914 risu
400 1856 530 1913 irrisione
546 1856 722 1929 dignissimo.
736 1856 809 1922 Quid
1153 1874 1306 1914 osseurarro
1325 1874 1431 1914 rearis.

70 1947 105 2004 ait
118 1948 176 2014 ille,
193 1963 289 2003 noune
302 1946 399 2002 interis
413 1947 479 2001 vitae
489 1950 612 2002 mortem
623 1960 683 2000 esse
697 1948 809 2000 conua-
866 1948 979 2006 CAPUT
991 1948 1037 2003 Vl.
1060 1977 1095 1989 -
1117 1948 1263 2017 sapientie
1286 1946 1406 2017 definitio
1427 1947 1511 2002 datur
1524 1952 1550 2004 et
1570 1950 1715 2017 impugne-

81 2037 191 2105 l'ateor,
207 2035 256 2091 ait.
279 2036 346 2091 liihi
369 2035 467 2107 igitur,
489 2034 585 2107 inquit
603 2033 663 2102 ille,
678 2033 723 2089 via
744 2034 810 2089 ritae
1090 2040 1145 2091 tur.
1158 2036 1292 2091 Albicerii
1303 2036 1494 2092 divinationes.

70 2124 148 2197 uagis
161 2124 284 2190 videtur,
299 2140 386 2196 quam
402 2139 505 2196 ecqua
518 2121 757 2196 quiaqnepergit,
773 2137 811 2178 ne
903 2126 945 2178 16.
974 2122 1083 2180 Deinde
1110 2140 1178 2178 mox
1205 2128 1238 2179 ut
1263 2123 1366 2190 illuxit,
1393 2124 1433 2179 ita
1460 2123 1538 2179 enim
1565 2138 1611 2179 res
1636 2127 1719 2179 erant

70 2217 128 2270 nm
141 2213 258 2269 incidat.
282 2210 498 2267 Assentiebatnr
517 2210 676 2283 Trygetins.
700 2212 773 2281 Ergo
787 2210 811 2265 si
865 2211 957 2284 pridie
971 2212 1135 2268 constitutae
1154 2216 1186 2266 ut
1200 2212 1313 2283 largum
1331 2216 1404 2266 esset
1418 2211 1521 2282 otium,
1536 2211 1632 2267 statim
1647 2227 1714 2282 per·

70 2301 208 2375 quispiam
224 2300 425 2356 diverticulum
447 2299 549 2368 utana,
566 2300 673 2372 quoda
691 2299 811 2355 latroni-
866 2303 1010 2375 agendam
1034 2301 1185 2374 negotium
1206 2306 1371 2373 susceptum
1393 2305 1447 2357 est.
1471 2303 1544 2357 Tum
1562 2318 1635 2374 ego:
1652 2302 1719 2356 llari

70 2389 156 2446 sideri
169 2389 301 2459 audierit,
314 2392 390 2445 rectu
405 2389 446 2444 ire
465 2393 577 2462 pergat,
592 2393 679 2460 atque
694 2388 733 2443 iis
747 2402 811 2443 eva·
866 2391 1028 2464 postulasti,
1053 2391 1183 2463 inquam,
1207 2389 1333 2463 Trygeti,
1350 2393 1383 2445 ut
1397 2405 1414 2444 a
1429 2388 1534 2460 judicia
1548 2404 1668 2444 munere
1682 2389 1719 2444 ad

71 2477 186 2544 eritum;
202 2492 299 2532 noune
315 2482 342 2533 et
354 2477 430 2533 viam
444 2476 520 2545 vitae,
534 2480 683 2533 arrectam
698 2477 811 2531 seculus
866 2479 1014 2553 sapientiae
1022 2478 1212 2551 patrocinium
1221 2477 1422 2533 descenderem
1432 2494 1439 2533 τ
1451 2477 1534 2550 qnasi
1542 2493 1609 2532 vero
1617 2493 1718 2551 quem·

71 2607 74 2621 .
95 2581 159 2622 eam
182 2565 352 2637 sapientiam
373 2566 505 2621 nominat
528 2566 638 2620 nemo?
662 2562 811 2630 Quomodo
867 2584 954 2641 qnam
967 2567 999 2624 in
1014 2582 1146 2624 sermone
1159 2570 1254 2622 vestro
1271 2566 1467 2623 adversarium
1481 2565 1623 2638 sapientia
1638 2570 1719 2638 pate-

71 2654 159 2710 omuis
178 2658 256 2709 reete
278 2654 343 2709 vitae
357 2653 404 2709 viu
426 2654 568 2726 sapientia
592 2654 658 2708 est?
681 2651 812 2708 Concessi
867 2661 963 2724 retor;
977 2659 1010 2712 ut
1022 2656 1083 2712 nilo
1094 2655 1265 2713 defendente
1284 2654 1324 2710 ita
1343 2654 1495 2722 laboraret,
1516 2658 1549 2708 ut
1561 2653 1719 2726 mugisim·

72 2758 127 2811 ase,
142 2743 263 2799 sednon
277 2743 377 2799 solem.
395 2741 527 2798 Definitio
538 2745 635 2798 aulem
647 2740 719 2796 nihil
733 2756 811 2795 com·
867 2747 979 2818 plorare
993 2745 1111 2803 deberet
1124 2744 1273 2800 auxilium.
1294 2744 1366 2799 Nam
1381 2758 1474 2815 neque
1489 2743 1564 2797 inter
1577 2759 1627 2797 uos
1640 2741 1719 2797 aliud

71 2832 164 2897 tabuit,
174 2832 252 2904 meod
263 2835 337 2886 esset
345 2831 483 2887 alienum.
497 2832 702 2903 ltaqucrursus
713 2827 812 2895 deflui,
868 2833 1055 2907 quarendum
1076 2835 1177 2888 natam
1197 2835 1249 2900 est,
1265 2846 1353 2904 quum
1368 2829 1438 2902 quid
1455 2829 1493 2884 sit
1511 2828 1672 2900 sapientia;
1688 2829 1719 2884 in

71 2923 103 2989 et,
118 2919 188 2992 qnid
204 2919 257 2975 tibi
270 2919 384 2974 ridetur
397 2934 458 2974 ease
472 2917 621 2990 sapientia.
869 2939 925 2995 qno
941 2938 1004 2977 eam
1017 2925 1145 2977 restrum
1164 2922 1266 2975 neuter
1277 2921 1439 2991 oppugnat,
1450 2917 1518 2990 quia
1529 2919 1651 2988 uterque
1666 2915 1718 2970 de-

71 3007 112 3064 liu
122 3008 171 3064 iiie
189 3007 293 3076 issfltfiii
312 3007 434 3064 ‘iflindffl
452 3008 505 3077 En,
524 3005 629 3078 inlust,
644 3005 749 3060 iitifflm
764 3002 812 3059 de·
869 3011 984 3067 siderei.
1005 3010 1103 3082 Neque
1118 3008 1142 3063 si
1156 3007 1233 3063 tuin
1248 3005 1412 3063 delinienda
1431 3004 1571 3078 sapientia
1583 3003 1719 3060 deiecisse

70 3096 80 3152 i
92 3097 148 3152 hoc
157 3100 188 3151 iu
201 3112 350 3168 nunquam
364 3095 449 3152 finire
466 3094 600 3151 statuisti·
613 3090 759 3165 Sapientia
772 3094 814 3146 eii
868 3104 897 3155 te
908 3103 1003 3170 putas,
1013 3101 1168 3170 propterea
1176 3096 1288 3168 reliqua
1299 3095 1427 3152 defensio
1438 3093 1586 3150 sententiae
1600 3096 1658 3148 tuac
1666 3090 1720 3147 tibi

71 3188 110 3251 1⁸,
132 3201 197 3257 (1⁰ae
219 3183 255 3240 &ti
269 3184 418 3240 veritatem
432 3184 529 3242 ducat.
558 3181 696 3238 Similiter
710 3178 813 3242 eihoc.
869 3183 1026 3241 deserenda
1040 3187 1093 3240 est.
1112 3184 1242 3256 ltaquea
1260 3198 1307 3237 me
1321 3181 1394 3237 nihii
1409 3181 1487 3237 aliud
1501 3181 1617 3236 habebis
1632 3196 1720 3252 quam

71 3272 130 3340 111⁰,
145 3271 285 3329 refellitur
295 3289 303 3326 ἒ
313 3288 380 3327 nam
390 3271 545 3343 dumflputi
558 3268 709 3342 Virgilium
719 3269 815 3324 AEneae
870 3272 1069 3331 definitionem
1090 3271 1247 3344 sapientiae,
1273 3287 1338 3344 qum
1352 3285 1405 3326 nec
1427 3286 1493 3325 mea
1513 3286 1566 3325 nec
1580 3285 1654 3324 nora
1667 3272 1720 3335 est,

71 3383 75 3417 t
89 3365 133 3418 ast
146 3377 163 3416 a
177 3365 268 3417 matre
281 3377 288 3416 :
870 3364 920 3418 sed
930 3366 958 3418 et
967 3361 1127 3434 priscorum
1137 3359 1300 3427 bominum,
1311 3363 1339 3415 et
1351 3374 1438 3432 quam
1450 3375 1499 3413 vos
1512 3357 1600 3413 mirer
1610 3373 1669 3412 non
1680 3373 1719 3411 ra

72 3471 118 3524 rga
132 3458 219 3519 modo,
232 3461 259 3508 et
272 3460 361 3523 quate
376 3456 449 3507 ducit
459 3455 502 3505 via
516 3454 599 3519 dirige
613 3466 743 3519 grossum.
869 3449 992 3506 cordari.
1009 3450 1074 3505 Nou
1088 3449 1166 3504 enim
1181 3464 1257 3503 nunc
1272 3447 1400 3520 primum
1412 3446 1529 3514 auditis,
1544 3445 1721 3518 Sapientiam

461 3534 575 3599 (AEuetd.
590 3537 612 3594 t,
625 3533 690 3595 i⁰⁰·)
870 3555 930 3595 esse
944 3553 1042 3595 rerum
1056 3538 1248 3594 humanarum
1264 3536 1482 3607 divinarumque
1494 3533 1654 3590 scientiam.

71 3625 176 3682 ahane
189 3627 265 3681 nam
279 3625 316 3681 ad
328 3624 359 3681 id
371 3625 449 3699 quod
468 3624 576 3680 dictum
595 3627 666 3692 erat,
681 3621 712 3678 id
725 3626 768 3677 est
779 3623 815 3678 ad
908 3632 950 3686 tr.
976 3626 1027 3683 ilic
1048 3625 1201 3693 Licentios,
1225 3640 1311 3697 quem
1333 3629 1399 3696 post
1419 3623 1503 3678 istam
1522 3621 1721 3678 definitionem

83 3714 224 3787 pervenit.
246 3713 401 3778 Contende,
422 3713 446 3768 si
462 3713 567 3785 placet,
580 3711 631 3767 ubi
646 3711 749 3784 pedem
765 3710 813 3766 itte
871 3715 919 3771 dio
931 3715 1070 3788 putabam
1088 3713 1278 3786 quaesiturum
1299 3728 1360 3768 esse
1379 3711 1456 3784 quod
1470 3711 1587 3778 diceret,
1600 3710 1722 3781 aabJecit

71 3818 101 3858 us
121 3801 229 3873 posuit,
254 3801 425 3873 sapientium
447 3817 531 3873 posse
550 3799 624 3857 dici:
647 3814 813 3872 quanquam
871 3805 985 3860 statim:
1011 3804 1068 3860 Cur
1091 3818 1159 3874 ergo
1182 3816 1251 3870 non,
1276 3817 1382 3873 quaeso,
1407 3800 1567 3872 sapientem
1588 3814 1721 3854 sammua

73 3905 189 3963 prorsus
211 3890 295 3945 istam
318 3889 540 3961 descriptionem
560 3892 642 3944 tuam
664 3888 816 3959 effringere
871 3891 1126 3964 flagitiosissimum
1140 3890 1223 3946 ittam
1237 3888 1397 3956 hominem,
1413 3904 1500 3961 quem
1514 3887 1570 3961 ipsi
1582 3887 1656 3943 bene
1670 3904 1721 3942 no-

83 3995 152 4034 nam
162 3994 277 4034 causam
291 3994 384 4034 meam
394 3978 475 4035 nulla
485 3978 550 4051 plus
564 3977 688 4049 adjurat.
704 3976 815 4033 Etenim
871 3981 964 4037 vimus
973 3995 1026 4052 per
1038 3978 1192 4034 innumera
1206 3980 1297 4032 scorta
1307 3975 1536 4042 soleredissolri;
1548 3974 1722 4031 Albiceriam

72 4066 137 4123 tiam
155 4083 216 4123 non
233 4067 326 4138 ipsam
347 4067 505 4132 verinum,
530 4065 581 4122 sed
598 4065 674 4120 riam
694 4081 760 4137 quse
779 4065 816 4120 ed
871 4070 934 4125 dico
948 4069 1042 4137 ittam,
1059 4066 1108 4140 qui
1123 4066 1199 4138 apud
1212 4065 1413 4137 Carthaginem
1429 4065 1535 4119 multos
1550 4080 1640 4118 annos
1655 4079 1722 4118 con-

72 4159 139 4222 scat,
155 4172 217 4212 asse
229 4155 337 4212 dixisti.
361 4154 494 4228 Quisquis
508 4169 576 4226 ergo
590 4153 644 4209 hac
658 4153 747 4208 utitur
759 4152 815 4220 via,
872 4157 1032 4213 solentibus
1044 4155 1117 4211 mua
1127 4155 1262 4228 quaedam
1274 4158 1302 4209 at
1316 4157 1393 4209 certa
1407 4152 1574 4224 respoudit?
1590 4152 1723 4206 innume-

72 4242 110 4301 tia
122 4244 249 4316 proiecto
269 4245 373 4312 utitur3
394 4248 423 4299 et
435 4242 486 4315 qui
500 4240 642 4314 sapientia
657 4240 758 4310 utitur,
773 4258 817 4296 sa·
872 4245 975 4301 rabilia
989 4259 1215 4301 commemorare
1226 4258 1352 4315 possem,
1365 4241 1420 4296 nisi
1431 4245 1460 4296 at
1473 4239 1550 4308 apud
1563 4256 1612 4294 eos
1626 4239 1723 4310 loque·

72 4333 102 4389 sit
114 4347 229 4389 necesse
243 4337 301 4389 est:
316 4331 429 4404 sapiens
443 4330 533 4402 igitur
547 4329 602 4384 erit
615 4329 676 4399 iile,
691 4328 742 4400 qui
756 4345 818 4400 par·
873 4347 920 4386 rer
932 4330 983 4403 qui
992 4330 1103 4402 experti
1114 4333 1189 4398 aaut,
1202 4333 1232 4385 at
1243 4329 1341 4402 paucis
1350 4345 1427 4385 nunc
1436 4328 1503 4384 satis
1513 4326 1550 4382 sit
1559 4328 1594 4382 ad
1603 4327 1633 4381 id
1645 4324 1722 4398 quod

72 4421 209 4495 quaesierit
230 4422 389 4486 ceritatem,
416 4418 527 4474 etiamsi
551 4418 588 4474 ad
606 4433 669 4472 eam
688 4418 817 4473 nondum
873 4420 947 4474 volo.
970 4419 1071 4475 Nonne
1090 4418 1282 4474 cochlearium
1302 4416 1384 4490 (mibi
1403 4421 1499 4472 autem
1512 4414 1623 4470 dicebat
1636 4414 1644 4484 l
1657 4429 1723 4469 oum

72 4508 141 4566 terit.
162 4510 234 4565 Nam
248 4509 293 4564 via
314 4525 379 4581 quae
402 4508 526 4565 ducitad
550 4506 709 4572 veritatem,
727 4506 817 4573 nulla,
872 4507 951 4564 domi
965 4522 1023 4563 uon
1036 4506 1228 4577 interiectum
1244 4511 1293 4563 tuo
1304 4507 1387 4579 jussu
1397 4506 1588 4576 percontatus,
1603 4517 1661 4557 non
1677 4518 1722 4557 so-

72 4612 135 4668 uor,
146 4597 318 4670 intelligitur
327 4597 430 4653 melius
440 4613 528 4669 quam
538 4594 661 4667 diligens
670 4593 818 4667 inquisitio
873 4598 933 4651 lum
949 4594 1017 4668 quid
1030 4599 1217 4668 quaereretur,
1239 4610 1339 4650 verum
1358 4592 1443 4648 etiam
1458 4589 1628 4646 nominatim
1642 4591 1724 4662 cujus

72 4686 107 4744 is.
132 4688 189 4743 Hac
209 4686 298 4758 igitur
320 4686 381 4741 sola
397 4685 442 4740 via
456 4689 549 4749 utens,
563 4685 624 4756 jam
639 4683 692 4739 iate
707 4684 819 4755 sapiens
874 4701 918 4740 res
930 4687 1015 4749 esset,
1026 4689 1056 4740 et
1068 4683 1119 4741 ubi
1128 4685 1240 4752 laterai,
1248 4681 1383 4739 citissime
1392 4678 1596 4753 nemesimeque
1606 4694 1724 4752 respou-

72 4779 89 4831 it
100 4791 186 4831 nemo
198 4775 312 4847 sapiens
326 4774 429 4841 misem
449 4773 542 4829 omnis
555 4777 651 4828 autmn
666 4772 755 4828 homo
769 4775 820 4828 aut
875 4772 936 4828 dit?
946 4774 1019 4828 item
1032 4788 1078 4829 me
1091 4776 1242 4846 praesente,
1260 4769 1362 4826 omitto
1377 4768 1448 4824 itlnd
1462 4766 1541 4840 quod
1554 4766 1585 4822 in
1600 4763 1724 4839 eoquod

88 4868 139 4920 aut
158 4863 279 4919 beatus:
298 4864 415 4919 beatum
437 4862 526 4934 igitur
536 4861 621 4918 faciet
634 4877 692 4916 uon
706 4864 820 4917 mutum
874 4861 1031 4933 rogabatur
1049 4861 1121 4917 nihil
1143 4859 1261 4916 omuino
1277 4857 1364 4913 talsus
1378 4860 1430 4925 est,
1446 4855 1495 4912 sed
1510 4871 1575 4911 cum
1589 4870 1662 4929 puer
1675 4855 1726 4927 qni

72 4949 110 5021 io,
125 4952 174 5008 aed
188 4951 251 5024 ipsa
264 4967 316 5023 per
329 4968 359 5006 se
372 4950 553 5022 investigatio
567 4948 704 5005 veriatis.
875 4965 1008 5006 nummos
1023 4949 1141 5006 larebat.
1155 4952 1262 5003 certam
1273 4961 1375 5002 eorum
1391 4949 1514 5017 partem,
1529 4959 1594 4999 cum
1608 4943 1645 4999 ud
1658 4957 1724 4997 eum

72 5039 143 5096 Tum
167 5040 215 5095 ilie
232 5039 381 5096 arridem:
407 5038 505 5095 lterito
529 5038 612 5106 mihi,
634 5036 739 5109 inquit,
765 5035 821 5091 ista
875 5053 1071 5110 pergeremus,
1090 5036 1201 5092 iuratus
1217 5038 1303 5102 esset;
1324 5049 1423 5089 omnes
1437 5030 1492 5087 sibi
1506 5029 1652 5086 numerari
1662 5029 1725 5099 jus·

72 5133 151 5200 gunt,
182 5127 251 5184 dum
275 5127 438 5184 adversario
464 5127 494 5182 in
523 5143 553 5182 ro
578 5142 638 5181 nou
663 5123 821 5180 necessaria
876 5125 923 5194 sit,
938 5125 1089 5198 coegitque
1112 5123 1195 5179 illum
1219 5126 1284 5178 ante
1303 5123 1401 5178 oculos
1415 5124 1526 5176 nostros
1539 5135 1612 5192 quos
1626 5117 1725 5171 abstu-

72 5231 96 5271 ιτ
108 5216 359 5289 macutiorzquasi
372 5231 440 5272 vero
454 5231 507 5288 ego
520 5215 577 5270 sim
588 5229 707 5285 maguus
722 5212 821 5268 deflui·
877 5214 950 5270 terat
970 5213 1099 5279 reddere,
1125 5211 1293 5284 priusquam
1313 5209 1432 5266 omnino
1454 5209 1515 5280 ipse
1538 5211 1589 5262 aut
1610 5203 1725 5258 eosdem

73 5304 253 5377 tquidquam
262 5304 569 5378 indisputandomagis
578 5315 822 5375 supervacaneum
877 5316 1012 5359 nummos
1025 5300 1152 5367 vidisset,
1166 5304 1217 5356 aut
1229 5303 1368 5372 qnantum
1383 5298 1437 5354 sibi
1446 5298 1564 5354 allatam
1574 5291 1660 5349 tuerit
1674 5307 1724 5346 au·

76 5393 167 5458 ‚Quis
180 5393 258 5448 enim
268 5395 371 5450 modus
381 5393 445 5461 erit,
460 5392 553 5464 siege
568 5407 667 5446 rursus
679 5390 764 5445 velim
779 5390 822 5445 de.
878 5391 965 5469 disset
974 5406 990 5445 a
999 5388 1091 5445 uobis.

73 5481 124 5537 aba
147 5486 175 5537 te
196 5481 317 5554 aliquid,
336 5487 477 5538 etrursas
498 5481 625 5552 ejusdem
647 5477 822 5535 delinitionis
911 5486 1185 5547 itnu.,0ecurrau.
1204 5481 1487 5539 amanvenses..
1505 5475 1657 5529 occurrant.
1691 5475 1725 5524 Μ-
