3884 6112
1752 276 1821 334 1098

806 258 911 317 LIBER
940 257 1082 319 PRIMUS.

70 257 137 311 teet

67 376 187 432 leamus.
211 376 281 431 Nam
305 391 371 431 cnm
389 390 492 444 uuum,
509 376 577 446 duo,
598 376 653 433 tria
668 377 799 452 dicimus,
820 397 916 437 noune
971 383 1047 437 inter
1065 383 1196 456 quinque
1215 389 1244 442 et
1264 391 1473 462 octo‚uoujam
1492 407 1594 466 uuum,
1614 397 1662 453 sed
1679 398 1761 469 duos,
1777 417 1821 457 se·

67 468 175 534 quanto
186 479 279 518 unum
291 463 714 533 aducbus‚tantoduoatribus
725 468 916 539 superantur?
971 469 1085 525 uarium
1100 470 1207 526 scilicet
1226 475 1255 528 et
1272 477 1467 545 septenarium
1486 494 1622 537 numeros
1635 482 1820 556 interpositos

65 555 99 607 D.
116 551 302 609 Verissimum
327 557 378 607 est.
399 554 436 608 Μ.
466 552 516 608 Dic
532 555 593 625 jam
616 571 693 610 nunc
712 556 793 626 mihi,
814 557 844 612 in
862 557 916 612 ista
969 554 1062 612 rideo.
1079 559 1172 630 Atque
1194 559 1244 615 illa
1260 561 1524 637 rationequantum
1543 571 1719 643 progredior,
1736 576 1817 631 tanto

65 640 217 696 collatione
245 641 356 713 quoties
380 657 471 696 unum
498 643 717 699 nominaverim.
752 649 784 701 D.
810 646 913 702 Semel.
969 644 1031 700 haec
1045 646 1118 702 liunt
1129 646 1278 704 intervalla
1288 652 1398 723 majora
1411 652 1433 709 ¹.
1448 659 1482 711 Μ.
1493 657 1581 714 Video
1595 662 1623 714 te
1633 659 1816 727 intellexisse,

65 732 103 786 Μ.
120 729 185 785 tria
199 729 332 801 quoties?
347 734 379 785 D.
404 730 509 786 Semel.
538 731 573 786 u.
597 731 683 800 Quid,
703 731 783 788 duo‘l
802 736 833 788 D.
857 733 913 788 Dis.
970 735 997 786 et
1012 733 1129 789 omuino
1145 735 1216 791 scire
1231 739 1308 809 quod
1323 740 1430 796 dictum
1445 746 1488 798 est
1501 760 1508 811 ;
1521 746 1571 801 sed
1582 746 1644 816 Jam
1657 764 1694 803 ue
1708 748 1814 805 immo·

64 819 103 873 Μ.
117 818 210 873 Semel
224 833 303 898 ergo,
316 823 345 873 et
355 818 410 886 bis,
422 820 557 886 etsemel,
574 820 687 892 quoties
698 819 732 876 fit
740 820 770 876 iu
780 822 915 876 summa?
968 835 1076 890 remur,
1099 822 1302 880 animadvertis
1321 831 1396 883 certe
1415 829 1450 884 ab
1465 847 1521 885 unc
1537 849 1629 905 nsque
1644 836 1678 891 ed
1691 841 1817 908 quatuor

66 909 97 961 D.
110 906 224 971 Quater.
242 909 279 962 Μ.
296 908 381 962 Recte
396 907 484 977 igitur
497 907 565 963 istos
578 912 635 964 tres
649 908 849 982 quaternarius
860 925 915 965 nn·
965 906 1152 978 justissimam
1176 911 1239 967 fleri
1253 916 1502 986 progressionem:
1518 919 1576 975 sive
1589 927 1708 993 propter
1721 927 1815 997 impa-

64 1008 161 1047 merus
176 992 326 1064 seqnitur3
342 992 368 1047 ei
386 992 493 1065 qnippe
512 993 715 1050 tribuiturista
729 995 913 1067 proportione
968 1011 1029 1051 rem
1052 1014 1084 1052 ac
1113 1015 1212 1070 parem
1236 1018 1400 1073 nnmerum,
1430 1007 1569 1078 quoniam
1592 1010 1702 1080 primus
1723 1012 1818 1084 imper

64 1081 188 1137 collatio.
204 1082 273 1146 Quae
288 1086 429 1153 quantum
443 1083 545 1152 valeat,
556 1099 589 1138 eo
599 1083 660 1153 jam
673 1100 801 1139 assuesce
811 1100 913 1156 coguo-
966 1087 1043 1139 totus
1064 1085 1130 1156 tria,
1152 1092 1181 1143 et
1204 1090 1316 1160 primus
1339 1108 1392 1162 per
1413 1097 1489 1148 totus
1510 1100 1642 1167 quatuor,
1663 1098 1698 1154 de
1714 1116 1771 1171 qua
1784 1117 1817 1158 re

63 1187 151 1238 scere,
163 1171 238 1242 quod
251 1170 299 1224 illa
309 1170 402 1225 unitas
414 1186 500 1242 quam
513 1175 540 1226 te
556 1188 651 1227 amare
660 1172 766 1240 dixisti,
783 1173 813 1227 iu
828 1172 912 1228 rebus
966 1173 1051 1243 paulo
1063 1178 1128 1229 ante
1143 1180 1295 1232 tractatum
1309 1182 1351 1234 est
1362 1199 1369 1248 ;
1379 1180 1437 1235 sive
1448 1182 1517 1253 quie
1526 1200 1617 1240 uuum
1631 1188 1660 1240 et
1672 1186 1728 1242 diro
1738 1188 1818 1259 priu-

63 1258 202 1314 ordinatis
216 1257 270 1312 hac
290 1273 349 1313 uua
362 1257 438 1312 ellici
452 1262 556 1328 potest,
571 1261 615 1331 cuj
621 1276 652 1314 us
665 1276 791 1332 graecum
805 1276 912 1315 nomen
966 1259 1040 1330 sipia
1054 1266 1132 1332 sunt,
1143 1266 1172 1318 et
1182 1265 1264 1335 quasi
1280 1267 1391 1321 semine
1404 1284 1603 1340 numerorum,
1619 1273 1748 1344 equibus
1761 1280 1817 1332 ter-

61 1353 182 1416 ἀναλογία
195 1350 247 1413 cst,
263 1345 353 1400 nostri
365 1345 487 1437 [quidam
501 1348 716 1418 proportionem
729 1351 910 1418 vocaverunt,
966 1349 1063 1403 narius
1086 1350 1247 1428 conficitur,
1266 1358 1299 1408 ut
1318 1354 1375 1410 siut
1385 1356 1445 1426 jam
1461 1361 1520 1412 tres
1542 1361 1673 1429 uumeri;
1690 1363 1741 1434 qui
1759 1364 1814 1419 sibi

62 1450 121 1506 quo
144 1433 262 1489 nomine
278 1437 404 1501 utamur,
427 1434 452 1488 si
475 1435 587 1505 placet:
608 1436 757 1491 nonenim
778 1436 909 1504 libenter,

62 1522 118 1578 nisi
141 1521 318 1585 necessitate,
342 1537 435 1593 graeca
459 1523 596 1578 vocabula
617 1523 648 1578 in
666 1524 755 1579 latino
779 1540 910 1580 sermone

62 1609 270 1680 usurpaverim.
286 1613 320 1665 D.
338 1609 405 1666 llihi
419 1627 486 1665 vero
500 1612 612 1682 placete
629 1612 677 1667 sed
691 1627 779 1684 perge
794 1629 851 1685 quo
865 1612 910 1668 in·

61 1700 204 1755 tenderes.
224 1699 263 1754 M.
281 1698 402 1754 Faciem.
421 1699 492 1755 Nam
508 1699 578 1771 quid
593 1700 629 1755 sit
642 1701 800 1772 proportio,
818 1717 909 1773 quan-

61 1793 181 1859 tumque
192 1786 222 1841 in
238 1786 323 1842 rebus
333 1786 407 1858 juris
417 1786 530 1856 habeat,
542 1793 570 1842 et
583 1805 634 1843 suo
646 1788 707 1843 loco
722 1787 752 1843 iu
762 1789 816 1844 bac
826 1789 911 1844 disci-

59 1876 142 1948 plina
155 1876 321 1947 diligentius
333 1876 532 1949 requiremus;
546 1881 575 1932 et
589 1880 696 1949 quanto
707 1877 736 1932 in
748 1878 910 1934 eruditione

59 1963 222 2036 promotior
246 1964 312 2031 eris,
332 1968 411 2019 tanto
430 1965 493 2035 ejus
517 1965 576 2021 rim
601 1965 704 2020 melius
719 1970 909 2038 naturamque

60 2069 223 2124 cognosces.
244 2053 298 2108 Sed
321 2052 399 2107 vides
415 2057 502 2124 certe,
523 2053 599 2125 quod
622 2053 653 2108 in
675 2052 827 2126 praeseutia
841 2053 910 2109 satis

60 2147 113 2209 est,
124 2146 183 2197 tres
192 2141 257 2196 illos
268 2157 413 2209 numeros,
427 2157 550 2213 quorum
560 2141 702 2197 mirabare
715 2141 908 2214 concordiam,

60 2231 176 2286 sibimet
193 2230 223 2285 in
243 2231 344 2286 eadem
365 2230 543 2286 connexione
557 2231 612 2285 nisi
626 2247 678 2302 per
693 2231 909 2303 quaternarium

59 2334 214 2375 numerum
242 2335 300 2374 nou
323 2318 449 2392 potuisse
470 2319 604 2376 conferri.
627 2319 817 2385 Quamobrem
844 2322 910 2392 post

58 2407 125 2462 illos
140 2406 319 2475 reordinari,
334 2407 373 2462 sic
388 2407 477 2462 ntilla
487 2407 639 2463 concordia
650 2424 716 2463 curu
728 2407 774 2463 bis
788 2407 908 2463 arctiore

58 2496 219 2566 copuletur,
229 2499 370 2566 quantum
381 2495 518 2568 intelligis
527 2496 592 2568 iure
602 2495 766 2568 impetrarit
775 2493 785 2530 ¹
794 2513 801 2566 ;
810 2496 908 2567 utjem

60 2599 120 2639 non
139 2599 241 2652 uuum,
263 2582 330 2649 duo,
350 2584 406 2640 tria
425 2587 556 2653 tantum;
573 2584 622 2640 sed
641 2601 743 2653 unum,
759 2584 825 2653 duo,
841 2584 907 2654 tria,

61 2675 196 2744 quatuor,
212 2671 247 2726 sit
261 2670 432 2726 amicissime
447 2672 578 2744 copulata
594 2671 757 2745 progressio
770 2687 907 2728 numero·

60 2775 137 2814 rum.
153 2761 186 2814 D.
202 2758 326 2814 Omnino
341 2759 489 2815 assentior.

96 2848 141 2903 24.
154 2849 193 2904 Μ.
210 2849 246 2902 dt
260 2850 362 2903 cetera
373 2848 495 2912 intuere,
511 2864 547 2904 ue
560 2848 707 2904 arbitreris
721 2847 908 2905 uibilhabere

59 2936 210 3009 proprium
223 2935 440 3009 quaternarium
451 2952 614 3004 numerum,
626 2951 683 3008 quo
693 2935 797 3008 reliqui
807 2952 908 2992 omues

60 3023 176 3079 numeri
195 3027 320 3093 careant,
343 3024 421 3096 quod
441 3025 534 3079 valeat
548 3024 583 3079 ad
598 3023 682 3080 istam
700 3024 907 3084 connexionem

59 3112 95 3167 de
108 3112 292 3184 qualequor,
307 3116 340 3168 ut
350 3112 386 3168 ab
397 3127 456 3168 uno
474 3112 614 3185 usquead
628 3114 753 3182 quatuor
764 3117 856 3167 cemus
870 3111 908 3168 sit

57 3216 208 3268 uumerus,
223 3204 252 3255 et
266 3200 478 3271 pulcherrimus
492 3199 696 3272 progrediendi
710 3169 820 3255 modus.
836 3199 908 3256 Gou-

58 3293 176 3344 venerat
195 3288 302 3361 quippe
316 3287 391 3343 iuter
411 3304 464 3343 nos
481 3287 623 3359 superins,
637 3290 705 3344 tunc
722 3303 756 3342 ex
775 3287 906 3359 pluribus

58 3392 151 3432 uuum
167 3376 273 3448 aliquid
288 3375 412 3431 maxime
430 3375 504 3444 lieri,
524 3393 588 3432 cum
610 3376 743 3432 extremis
757 3376 861 3445 media,
878 3380 907 3433 et

59 3464 161 3520 mediis
174 3469 299 3521 extrema
313 3465 503 3520 consentiunt.
520 3467 553 3521 D.
568 3465 611 3520 Ita
626 3469 677 3520 est.
698 3467 734 3521 Μ.
751 3464 822 3520 Cum
837 3480 905 3537 ergo

57 3554 233 3610 collocamus
251 3570 342 3609 unum
357 3557 387 3609 et
400 3553 456 3609 duc
472 3556 501 3608 et
515 3553 580 3620 tria,
596 3553 641 3609 dic
653 3569 717 3625 qure
736 3553 794 3609 sint
806 3553 905 3625 lentre-

62 3659 121 3710 ma,
143 3643 218 3714 quod
232 3641 370 3698 medium.
394 3645 426 3698 D.
444 3642 537 3697 Unum
558 3645 586 3696 et
598 3641 655 3696 tria
670 3646 797 3697 extrema
812 3641 904 3711 video,

59 3731 118 3786 duo
141 3731 278 3787 medium.
295 3733 333 3800 Μ.
349 3730 499 3802 Responde
525 3746 611 3797 nnuc,
635 3744 668 3785 ex
689 3745 748 3786 uno
769 3732 798 3785 st
815 3729 906 3785 tribus

60 3819 130 3892 qnid
141 3820 318 3875 conficiatur.
334 3821 366 3874 D.
382 3819 518 3884 Quatuor.
530 3821 566 3874 Μ.
583 3818 678 3884 Qnid‘l
693 3819 750 3875 dno
765 3817 817 3891 qui
830 3833 906 3874 uuus

56 3909 88 3964 iu
112 3908 206 3964 medio
234 3924 371 3964 uumerus
395 3911 448 3975 cst,
472 3923 543 3963 uum
568 3911 660 3980 potest
683 3907 740 3963 uisi
764 3907 817 3963 sihi
838 3922 905 3963 con·

55 3998 146 4054 ferri?
159 3997 350 4063 Quamobrem
363 3997 408 4052 dic
422 3996 508 4051 ctiam
524 3997 580 4052 duo
594 3996 638 4052 bis
651 3996 721 4068 qnid
735 3995 901 4052 conficiant.

56 4090 89 4142 D.
106 4085 245 4151 Quatuor.
264 4088 301 4142 Μ.
320 4085 363 4140 lta
377 4101 445 4156 ergo
459 4084 588 4140 medium
602 4083 745 4151 extremis,
762 4088 792 4139 et
808 4083 904 4139 medio

55 4178 187 4230 extrema
205 4172 398 4228 consentiunt.
422 4172 614 4238 Quamobrem
636 4171 708 4226 sicut
735 4171 848 4227 excellit
874 4171 906 4226 in

55 4263 160 4326 tribus,
176 4262 251 4334 quod
274 4267 339 4334 post
362 4277 452 4317 uuum
475 4266 503 4317 et
517 4261 574 4317 duo
589 4262 776 4329 collocantur,
790 4275 856 4315 cnm
871 4274 906 4315 ex

57 4368 117 4406 uno
128 4354 156 4407 et
170 4350 282 4407 duobus
296 4353 425 4405 constent
436 4369 445 4417 3
455 4349 495 4404 sic
509 4349 623 4404 excellit
636 4348 667 4404 in
680 4352 813 4420 quatuor,
830 4347 907 4419 quod

54 4443 124 4513 post
139 4455 231 4495 unum
249 4442 277 4494 et
291 4437 348 4494 duo
369 4441 398 4494 et
418 4437 473 4493 tria
495 4441 694 4505 numerantur,
712 4452 778 4493 cum
797 4438 908 4491 constet

55 4546 92 4585 ex
107 4544 165 4583 uuo
187 4532 215 4583 ct
234 4526 335 4594 tribus,
351 4527 395 4581 vel
418 4526 463 4582 bis
481 4525 608 4595 duobus,
631 4542 696 4598 quae
714 4530 907 4581 extremorum

55 4633 123 4673 cum
136 4616 245 4683 medio,
260 4619 287 4670 et
301 4615 390 4670 medii
403 4631 469 4669 cnm
479 4615 622 4682 extremis,
638 4615 668 4677 iu
678 4614 728 4670 illa
738 4630 802 4687 quae
814 4629 907 4685 graece

54 4712 177 4776 ἀναλογία
204 4702 319 4771 dicitur,
351 4701 538 4775 proportione
563 4701 713 4758 consensio
745 4704 796 4758 est.
825 4700 908 4767 Quod

60 4798 157 4849 utrum
169 4791 344 4847 intellexeris
358 4790 462 4862 pande.
477 4794 510 4846 D.
528 4790 601 4847 Satis
614 4789 755 4863 intelligo.

94 4883 141 4936 25.
163 4881 201 4937 Μ.
216 4881 306 4936 Teuta
325 4896 393 4952 ergo
416 4879 447 4934 in
470 4878 589 4951 reliquis
608 4879 747 4948 numeris,
772 4882 907 4939 utrumne

58 4969 221 5025 inveniatur
242 4967 320 5040 qnod
342 4967 520 5039 quaternarii
542 4966 655 5022 numeri
675 4965 824 5039 proprium
847 4982 908 5021 esse

58 5056 195 5114 diximus.
216 5057 254 5112 D.
275 5055 396 5112 Faciam.
414 5056 485 5112 Nam
501 5054 525 5110 si
538 5054 745 5110 constituamus
759 5055 827 5122 dno,
842 5053 907 5122 tria,

59 5149 195 5220 quatuor,
221 5150 349 5201 extrema
364 5144 466 5200 collata
484 5144 557 5199 liunt
571 5159 638 5211 sex;
653 5142 707 5198 boc
720 5142 788 5198 facit
801 5147 830 5197 et
847 5158 908 5197 me·

59 5232 143 5290 dium
157 5230 210 5287 sibi
219 5232 370 5286 collatum:
383 5246 436 5285 uec
451 5234 546 5285 temen
561 5246 619 5298 sex,
636 5230 684 5286 sed
699 5228 828 5300 quinque
841 5244 909 5283 con·

57 5324 232 5393 sequuntur.
242 5322 352 5376 Rursus
361 5319 426 5383 tria,
440 5322 563 5390 quatuor
571 5321 601 5373 et
610 5317 737 5388 quinque
747 5314 887 5371 constituo
900 5335 909 5384 ;

57 5413 188 5466 extrema
197 5408 386 5476 octofaciunt,
401 5405 529 5461 medium
544 5421 658 5478 qnoque
672 5404 717 5460 bis
728 5403 865 5459 ductum:
880 5405 910 5459 et

92 5510 98 5541 ¹
116 5505 361 5571 impudoratum
372 5505 434 5554 Μεε.
447 5502 469 5553 Α
480 5506 507 5554 et
518 5504 546 5552 B.
578 5503 612 5551 M.

214 5603 352 5669 Parnon.
377 5601 500 5668 xxx11.

964 1435 1033 1490 dum
1051 1438 1237 1509 proportione
1252 1441 1447 1512 conferuntur,
1462 1447 1662 1516 quaternarius
1681 1449 1815 1506 elucescit

965 1528 994 1578 et
1006 1523 1145 1596 gignitur,
1156 1529 1185 1582 et
1193 1532 1346 1600 propterea
1354 1530 1395 1585 eis
1399 1532 1465 1602 jure
1474 1534 1671 1606 conjungitur,
1681 1538 1714 1591 ut
1723 1552 1815 1608 usqne

965 1612 999 1667 ad
1013 1612 1153 1669 illumliat
1162 1631 1205 1685 ea,
1213 1633 1300 1689 quam
1313 1619 1469 1690 quaerimus
1479 1622 1627 1679 moderata
1638 1625 1811 1697 progressio.

964 1704 998 1756 D.
1013 1701 1159 1775 Intelligc.

999 1791 1047 1844 26.
1072 1790 1111 1845 Μ.
1136 1792 1211 1846 Βεεε
1231 1807 1308 1848 sane.
1328 1793 1383 1849 Sed
1398 1796 1593 1853 meministine
1610 1798 1725 1856 taudem
1744 1799 1812 1872 qnid

963 1875 1180 1933 institueramus
1195 1878 1369 1952 inquirere?
1389 1882 1472 1954 Nam,
1495 1887 1527 1939 ut
1546 1884 1661 1957 opinor,
1677 1888 1810 1959 proposi·

962 1966 1025 2019 tum
1040 1969 1110 2034 crat,
1121 1967 1145 2022 si
1160 1968 1306 2039 quomodo
1320 1968 1450 2027 iuvenire
1462 1987 1623 2043 possemus,
1639 1991 1704 2030 curu
1718 1974 1749 2031 iu
1764 1976 1814 2032 illa

962 2050 1105 2109 infinitate
1120 2070 1307 2111 numerorum
1322 2058 1391 2112 certi
1404 2058 1516 2115 articuli
1529 2066 1624 2116 esseut
1637 2064 1813 2120 numeranti·

963 2139 1017 2194 bus
1031 2141 1186 2210 constituti,
1204 2142 1273 2215 qnid
1287 2148 1361 2200 osset
1373 2161 1465 2202 causae
1481 2162 1532 2203 cnr
1545 2148 1607 2220 ipse
1618 2148 1730 2220 primus
1747 2151 1818 2206 arti·

963 2228 1044 2283 culus
1055 2227 1087 2283 in
1101 2229 1219 2285 denario
1230 2247 1351 2287 numero
1366 2238 1449 2305 esset,
1465 2234 1514 2307 qui
1522 2251 1575 2308 per
1586 2252 1686 2293 omues
1695 2242 1813 2295 caeteros

962 2316 1038 2371 valet
1057 2316 1234 2388 plurimum3
1251 2318 1280 2374 id
1297 2323 1350 2391 est,
1365 2337 1417 2376 cur
1435 2321 1471 2378 ab
1485 2339 1543 2379 nno
1558 2340 1649 2396 usque
1664 2327 1699 2382 ad
1714 2326 1811 2382 decem

961 2404 1108 2475 progressi
1126 2410 1310 2463 numerantes
1332 2424 1448 2464 rursum
1469 2410 1504 2466 ad
1523 2428 1614 2467 nuum
1630 2412 1815 2470 remearent?

962 2493 994 2547 D.
1011 2493 1155 2549 Recordor
1166 2495 1252 2566 plene
1263 2495 1431 2568 questionis
1443 2497 1531 2570 huius
1543 2516 1628 2555 causa
1639 2517 1691 2557 uos
1700 2505 1813 2559 tautum

962 2578 1144 2636 circumisse:
1165 2582 1215 2637 sed
1234 2582 1303 2654 quid
1319 2583 1497 2640 effecerimus
1520 2587 1597 2658 quod
1617 2589 1653 2645 ad
1675 2604 1737 2645 eam
1753 2591 1813 2646 sol-

961 2667 1085 2723 vendam
1103 2668 1258 2740 pertineat,
1274 2685 1334 2725 uon
1348 2669 1474 2727 invenio.
1490 2671 1639 2745 Siquidem
1655 2675 1706 2730 ille
1719 2677 1813 2732 omnis

961 2759 1061 2810 nostm
1078 2755 1258 2812 ratiocinatio
1281 2758 1316 2813 ad
1335 2757 1365 2814 id
1380 2759 1513 2815 concluse
1527 2763 1579 2829 est
1595 2764 1628 2816 ut
1649 2778 1707 2817 nou
1721 2779 1813 2836 nsque
1919 2797 1921 2800 >

962 2842 998 2898 ad
1024 2843 1185 2911 denarium,
1211 2844 1261 2900 sed
1291 2861 1381 2916 usqua
1410 2846 1446 2901 ad
1468 2847 1685 2919 quaternarium
1709 2865 1814 2906 uume-

961 2947 1026 2988 rum
1052 2932 1090 2988 sit
1116 2933 1197 3002 justa
1232 2936 1261 2989 et
1287 2933 1436 2990 moderata
1467 2935 1639 3007 progressio.
1666 2939 1705 2994 Μ.
1733 2939 1813 2995 lune

961 3018 1051 3091 igitur
1085 3037 1143 3076 nou
1178 3021 1266 3090 rides,
1301 3037 1334 3077 ex
1364 3037 1421 3078 unc
1454 3026 1483 3078 ct
1511 3023 1632 3093 duobus,
1662 3030 1691 3082 et
1721 3025 1813 3082 tribus

962 3111 991 3163 ct
1004 3112 1129 3181 quatuor
1150 3126 1214 3182 que
1236 3124 1349 3165 summa
1370 3109 1561 3167 conficiatur?
1582 3115 1618 3169 D.
1638 3113 1725 3169 Video
1737 3114 1810 3186 jem,

961 3196 1053 3263 video,
1081 3202 1110 3253 et
1131 3197 1223 3254 miror
1247 3198 1354 3267 omnia,
1378 3202 1407 3254 et
1428 3203 1521 3256 ortam
1548 3201 1737 3273 questionem
1764 3218 1810 3258 so·
1899 3222 1903 3229 ’

961 3284 1053 3340 lutam
1072 3302 1134 3342 esse
1149 3285 1307 3343 confiteor:
1324 3302 1415 3343 unum
1442 3289 1520 3344 euim
1540 3293 1569 3345 ct
1590 3288 1648 3346 duo
1671 3296 1701 3347 et
1715 3290 1770 3346 tria
1783 3294 1812 3347 et

962 3379 1086 3444 quatuor
1109 3375 1198 3431 simul
1220 3376 1318 3432 decem
1343 3381 1419 3432 sunt.
1444 3378 1482 3433 Μ.
1505 3378 1579 3446 Ergo
1600 3377 1670 3433 istos
1689 3382 1812 3448 quatuor

960 3461 1071 3533 primos
1090 3478 1238 3531 numeros,
1258 3464 1420 3536 seriemque
1439 3467 1468 3519 et
1488 3464 1694 3520 connexionem
1710 3480 1811 3523 eorum

960 3549 1157 3605 honorabilius
1176 3550 1288 3620 haberi,
1314 3567 1400 3623 quam
1420 3555 1533 3619 catera,
1554 3551 1585 3607 iu
1601 3553 1728 3609 numeris
1742 3569 1809 3611 cou-

959 3636 1045 3693 venit.

960 3725 1075 3782 CAPUT
1096 3725 1189 3781 lllllll.
1205 3756 1240 3767 -
1254 3728 1292 3782 De
1303 3729 1571 3797 proportioaotorum
1585 3732 1704 3784 motuum
1718 3728 1811 3786 decue

1161 3819 1294 3885 quotenus
1308 3814 1430 3872 aseddus
1438 3816 1613 3887 judicentur.

995 3905 1042 3959 27.
1061 3904 1185 3975 Tempus
1206 3907 1248 3958 est
1268 3906 1365 3959 autem
1387 3904 1422 3960 ad
1441 3904 1505 3959 illos
1526 3910 1623 3962 motus
1643 3906 1737 3963 redire
1750 3910 1811 3963 tra·

960 3990 1077 4047 ctandos
1091 3994 1121 4046 et
1138 3990 1341 4059 discutiendos,
1364 3991 1414 4063 qui
1433 3991 1501 4048 huic
1522 3992 1681 4066 discipliuae
1695 3995 1811 4067 proprie

960 4080 1137 4147 tribuuntur,
1162 4083 1190 4134 ct
1203 4083 1321 4152 propter
1342 4095 1414 4151 quos
1428 4079 1483 4135 ists
1497 4080 1533 4136 de
1547 4081 1686 4150 numeris,
1702 4081 1736 4138 dc
1755 4082 1811 4138 alia

960 4169 1069 4224 scilicet
1092 4167 1252 4238 disciplina,
1275 4171 1417 4238 quantum
1436 4182 1490 4239 pro
1505 4167 1621 4240 negotio
1636 4167 1704 4223 satis
1717 4168 1810 4224 visum

960 4259 1012 4323 cst,
1030 4253 1284 4310 consideravimus.
1301 4254 1401 4325 ltaque
1414 4270 1492 4310 nuuc
1506 4255 1555 4309 ebs
1570 4258 1597 4310 tc
1614 4270 1723 4326 quaero,
1738 4271 1813 4327 quo-

960 4342 1039 4398 niam
1065 4339 1245 4412 intelligendi
1272 4340 1364 4413 gratia
1386 4341 1416 4398 iu
1442 4341 1580 4398 horarum
1597 4341 1810 4412 spatio-motus

961 4429 1216 4496 constituebamus,
1232 4444 1304 4500 qnos
1323 4428 1358 4484 ad
1378 4445 1407 4484 ee
1426 4427 1549 4485 invicem
1561 4427 1669 4484 habere
1683 4428 1810 4501 aliquem

960 4532 1143 4574 numerosam
1158 4515 1366 4572 dimensionem
1379 4516 1452 4571 ratio
1465 4515 1680 4572 demonstrabat
1691 4531 1698 4582 ;
1714 4519 1810 4572 utrum

961 4606 986 4661 si
1001 4605 1153 4678 quisquam
1176 4620 1259 4661 mora
1278 4603 1365 4660 unius
1379 4604 1460 4659 horre
1474 4606 1580 4670 curret,
1598 4607 1628 4658 et
1641 4603 1714 4658 alius
1728 4602 1810 4660 dein·

961 4710 1026 4766 ceps
1042 4693 1176 4761 duarum,
1197 4692 1290 4765 possis
1310 4706 1369 4747 uon
1382 4691 1512 4762 inspecto
1526 4690 1678 4762 horologio
1691 4692 1736 4748 vel
1751 4692 1811 4749 cle·

961 4782 1079 4857 psydra,
1094 4783 1139 4838 rel
1154 4781 1252 4854 aliqua
1269 4778 1469 4851 hujuscemodi
1482 4782 1647 4852 temporum
1664 4780 1811 4837 notatione

962 4871 1069 4927 sentire
1083 4869 1149 4926 illos
1172 4870 1242 4925 duos
1256 4871 1363 4934 motus,
1387 4866 1465 4938 quod
1488 4883 1564 4924 unus
1585 4866 1715 4940 simplus,
1738 4868 1812 4924 alins

963 4958 1069 5031 duplus
1084 4957 1120 5015 sit
1136 4971 1143 5014 z
1160 4957 1204 5012 vel
1227 4953 1339 5011 etiamsi
1354 4953 1384 5010 id
1397 4970 1456 5009 uon
1467 4955 1560 5026 possis
1580 4955 1751 5024 dicere,illa
1764 4959 1811 5010 ts·
1848 5028 1852 5033 ,

962 5062 1030 5103 meu
1043 5043 1232 5118 congruentia
1247 5041 1392 5111 delectari,
1408 5046 1494 5115 atque
1509 5043 1606 5116 aliqua
1617 5046 1762 5115 voluptate
1773 5041 1812 5097 si·

962 5135 1019 5191 fici.
1035 5139 1068 5191 D.
1084 5134 1167 5190 Nullo
1179 5131 1266 5188 medo
1280 5146 1407 5202 possum.
1423 5132 1459 5187 Μ.
1476 5131 1560 5200 Quid,
1572 5131 1596 5186 si
1607 5131 1751 5204 quispiam
1760 5145 1812 5185 un·

963 5238 1074 5279 merose
1093 5220 1223 5293 plaudat,
1247 5219 1287 5275 ita
1307 5223 1340 5274 ut
1358 5235 1433 5274 uuus
1448 5219 1556 5275 sonitus
1578 5219 1725 5290 simplum,
1740 5217 1813 5272 alter

963 5311 1085 5383 duplum
1106 5307 1246 5379 temporis
1264 5310 1372 5376 teneat,
1386 5323 1457 5380 quos
1470 5308 1581 5364 iambos
1596 5306 1681 5378 pedes
1701 5309 1812 5370 vocant,

964 5413 1070 5472 eosque
1094 5395 1243 5452 continuet
1264 5398 1350 5467 atque
1385 5399 1531 5463 contexat;
1556 5394 1630 5449 alius
1656 5395 1754 5449 auum
1777 5392 1813 5450 ad

997 5498 1005 5530 ¹
1022 5495 1062 5544 tn.
1076 5493 1231 5555 B.‚soctuut
1241 5492 1383 5544 uteroeuc
1391 5492 1511 5555 majora.
1522 5491 1583 5540 Mas.
1594 5489 1625 5540 Α.
1636 5487 1715 5554 liunt.
1746 5488 1781 5540 Μ.

1402 5589 1649 5677 (Treuir-cinq.)
