3884 6112
92 302 144 354 aaa
681 291 767 346 Vl'l'A
793 291 820 344 S.
850 287 1043 346 AUGUSTlNl
1072 287 1242 344 EPISCOPI.

93 420 165 474 sima
173 418 220 472 illu
234 416 396 471 christianae
411 415 559 484 religionis
571 414 680 468 lumina
690 414 839 483 Tagastam
853 409 941 483 petic-

92 511 169 574 rant,
183 505 240 560 uisi
255 509 287 559 ut
309 503 460 574 Augustini
477 506 631 574 conspectu
646 498 846 571 colloquioque
863 498 941 552 irue-

92 598 194 647 rentur
204 594 301 663 (Epist.
314 607 342 645 n.
354 593 414 657 lit,
425 606 453 644 n.
469 591 501 660 l).
513 591 619 644 Tamen
632 589 725 642 eidem
736 590 843 651 sancto,
853 601 943 657 quan·

92 682 197 736 tumvis
212 684 286 735 esset
300 679 444 733 studiosus
466 677 622 731 amicorum
638 676 740 742 cultor,
757 674 843 746 atque
858 675 942 728 hosce

92 768 233 823 invisendi
247 767 338 837 gralia
353 766 501 837 pervolare
521 765 612 818 maria
627 780 656 818 so
672 779 756 834 posse
772 767 941 833 exoptasset,

91 873 128 910 ne
141 858 288 927 Tagastam
304 853 432 925 quidem,
448 857 481 907 ut
495 857 522 906 et
537 868 586 906 cos
608 852 745 906 salutaret
759 855 788 904 et
805 851 866 906 suis
878 850 943 904 eivi-

90 944 144 998 bus
160 944 195 998 de
224 942 366 1009 felicitate,
385 956 449 1011 quae
473 940 543 1010 ipsis
565 939 717 1011 obtigerat,
739 937 941 1010 gratularetur,

86 1030 220 1104 'conterre
232 1045 293 1082 sese
308 1027 453 1097 integrum
469 1026 532 1081 fuit.
548 1026 700 1081 Adversari
723 1025 840 1097 quidem
863 1025 942 1079 vide-

90 1118 175 1172 batur
189 1117 280 1171 hiems
296 1131 396 1184 aspera
407 1118 469 1169 tum
484 1120 512 1168 el
526 1114 691 1180 liorrenda3
708 1113 815 1184 quippe
827 1127 893 1168 auur
908 1129 942 1166 eo

91 1210 164 1260 esset
177 1203 348 1259 raletudinis
367 1202 478 1270 habitu,
505 1206 539 1256 ut
562 1204 665 1256 natura
683 1201 773 1272 frigus
792 1200 866 1255 terre
885 1216 942 1253 non

84 1299 201 1366 posset:
219 1309 251 1346 ea
275 1296 372 1345 tamen
396 1307 441 1344 res
454 1305 520 1343 evim
541 1305 577 1344 ne
590 1290 739 1360 Tagastam
752 1288 943 1359 proficiscere-

91 1387 149 1448 tur,
165 1397 225 1436 nou
239 1377 396 1444 deterruit3
420 1378 470 1432 sed
495 1393 560 1431 cum
583 1377 694 1431 animos
716 1376 942 1447 Hipponensium

82 1473 217 1523 'vertente
230 1483 305 1523 anno
325 1465 609 1538 quadringentesimo
625 1465 736 1520 decimo
748 1464 876 1519 absentia
892 1480 943 1518 sna

92 1556 216 1612 offensos
230 1553 425 1626 comperisset,
442 1553 595 1608 arbitratus
611 1556 654 1607 est
669 1552 763 1607 allicio
782 1568 814 1607 ac
828 1553 942 1607 muneri

91 1662 121 1698 se
136 1643 301 1699 defuturum
324 1657 386 1706 suo,
413 1640 436 1694 si
457 1640 664 1710 profectionem
688 1640 775 1695 oliam
799 1644 857 1695 tam
886 1641 941 1695 cilo

91 1731 256 1802 susciperet.
286 1729 423 1794 Quocirca
446 1744 533 1798 quarn
559 1728 724 1783 servitutem
738 1727 867 1783 Ecclesiae
883 1743 942 1781 susc

92 1819 222 1885 debebat,
251 1833 314 1872 eam
341 1816 481 1887 judicavit
516 1815 666 1887 uoluptati,
703 1831 790 1887 quam
815 1817 943 1886 Tagastae

90 1911 276 1977 percepturus
300 1909 384 1970 esset,
410 1903 651 1973 anteponendam.
684 1903 761 1958 llalis
787 1902 875 1975 igitur
907 1903 942 1957 ud

89 1994 234 2059 Albinam,
251 1993 401 2048 Pinianum
417 2008 449 2046 ac
468 1991 618 2047 ldelauiam
634 1991 786 2046 excusandi
805 1990 848 2045 sui
873 2006 942 2062 ergo

90 2081 203 2148 litteris,
231 2085 360 2147 testatur,
398 2081 510 2151 culpam
544 2095 632 2151 quam
664 2078 835 2144 incurrebat,
866 2078 942 2149 quod

89 2169 153 2223 illos
174 2184 234 2222 non
249 2168 395 2235 inviseret,
411 2183 474 2221 eam
496 2167 588 2237 ipsam
601 2167 655 2220 sibi
668 2182 782 2237 paenam
798 2181 870 2232 esse,
886 2181 943 2236 qua

91 2256 205 2326 gravior
218 2255 328 2327 imponi
351 2259 446 2327 posset
461 2255 486 2308 ei
507 2254 604 2311 stalla:
618 2255 698 2308 addit
715 2259 814 2308 tamen
828 2270 942 2324 sperare

90 2359 131 2407 sc,
148 2344 171 2398 si
183 2344 299 2416 quidem
318 2342 460 2397 infelicior
474 2342 520 2410 sit,
536 2357 623 2413 quam
637 2346 670 2396 ut
688 2341 784 2396 videre
795 2357 849 2396 eos
874 2341 945 2412 llip⁴

91 2447 164 2502 pone
179 2431 468 2501 sibicontingal,uon
484 2430 646 2484 defuturam
662 2428 850 2496 occasionem,
863 2429 942 2500 cujus

90 2519 230 2574 beneficio
246 2524 402 2589 utcumque
424 2519 507 2585 liber,
523 2534 570 2571 eos
585 2533 766 2588 quacumque
781 2516 810 2570 in
825 2517 942 2587 regione

90 2607 192 2678 Africae
207 2605 296 2661 flaturi
312 2605 377 2670 sint,
394 2604 554 2659 conveniat.

126 2699 152 2762 3,
175 2695 253 2750 llaud
267 2694 307 2748 ita
324 2693 433 2755 multis,
448 2693 490 2746 uli
504 2691 628 2762 videtur,
644 2693 744 2748 diebus
763 2697 829 2763 post
847 2693 943 2747 datam

90 2784 196 2839 hancce
211 2782 361 2853 epistolam
379 2780 514 2835 Pinianus
530 2796 594 2835 cum
612 2780 732 2835 blelauia
743 2781 858 2852 juniore
874 2781 943 2852 llip-

89 2887 197 2944 ponem
217 2870 305 2925 venit.
329 2871 400 2926 Cum
415 2886 494 2937 vero,
520 2886 584 2940 quas
608 2874 671 2926 erat
696 2870 757 2940 ejus
784 2869 942 2932 humilitas,

88 2961 212 3025 timeret,
228 2975 263 3014 ae
274 2974 362 3030 quam
377 2959 433 3013 vim
446 2959 481 3012 ab
492 2957 670 3029 Hipponensi
685 2958 793 3029 populo
807 2958 941 3029 Augusti-

90 3064 154 3115 nus,
176 3050 204 3100 et
217 3063 233 3100 a
248 3046 450 3113 Barcinonensi
464 3046 612 3114 Paulinus,
635 3046 710 3116 passi
724 3046 846 3109 fuerant,
864 3062 942 3100 eam-

91 3135 156 3190 dem
175 3133 235 3203 ipse
250 3149 364 3204 quoque
379 3137 537 3202 pateretur,
553 3132 641 3187 fidem
655 3133 709 3188 sibi
732 3133 767 3187 ab
781 3133 942 3205 Augustino

90 3222 152 3277 dari
165 3220 265 3287 voluit,
283 3236 344 3273 sese
353 3220 388 3274 ab
398 3237 431 3274 eo
446 3220 646 3290 presbyterum
657 3220 779 3275 invitum
792 3237 941 3292 nunquam

91 3309 254 3364 ordinatum
264 3302 303 3361 iri
315 3309 415 3376 (Epist.
433 3310 493 3372 lau,
509 3324 536 3361 n.
555 3306 598 3376 ll:
621 3308 691 3378 quin
706 3313 735 3362 et
754 3308 810 3379 ipsi
829 3309 942 3379 pollici-

93 3403 138 3452 tus
156 3402 198 3452 est
212 3401 325 3452 sanctus
344 3395 508 3466 Episcopus,
527 3400 561 3449 ut
573 3411 636 3449 eam
648 3395 817 3466 dignitatem
831 3397 941 3468 accipe-

92 3490 146 3553 ret,
162 3490 307 3540 auctorem
323 3501 352 3538 se
371 3499 403 3538 ac
426 3499 572 3537 suasorem
584 3483 611 3537 ei
626 3499 686 3537 non
703 3484 834 3539 futurum
849 3486 942 3554 (idid,

91 3591 120 3628 n.
144 3575 181 3643 ⁶2).
208 3573 294 3644 Cujus
318 3570 460 3644 promissi,
487 3572 587 3627 saltem
605 3572 681 3643 quod
702 3572 737 3627 ad
753 3572 941 3643 posteriorem

92 3667 213 3734 partem,
241 3661 319 3716 lestis
343 3667 450 3731 praeter
474 3677 576 3729 unrrm,
594 3660 775 3716 hauddubie
795 3661 940 3733 Alypium,

92 3750 142 3821 qui
164 3752 225 3804 tum
240 3749 313 3803 torte
328 3764 392 3803 crim
409 3748 526 3813 Piniano
542 3748 673 3820 llippone
688 3749 865 3818 versabatur,
880 3751 942 3804 uul-

92 3836 137 3889 lus
150 3835 213 3889 tuit.
229 3834 365 3889 Pinianus
379 3835 476 3889 mullis
490 3836 632 3907 variisque
658 3836 826 3892 muneribus
846 3839 942 3907 Augu·

92 3921 199 3976 stiunm
213 3921 337 3984 donavit,
353 3921 456 3991 quibus
470 3922 517 3976 bic
531 3928 617 3993 prout
626 3923 766 3995 judicavit
776 3925 940 3980 conducibi-

91 4009 146 4063 lius
167 4013 261 4078 uteus,
280 4024 314 4062 ea
336 4008 440 4078 partim
464 4010 572 4064 clericis
593 4025 626 4064 ac
650 4011 808 4079 monacbis,
833 4013 940 4083 partim

90 4097 169 4154 laicis
183 4096 353 4168 quibusdam
369 4096 566 4167 indigentibus
580 4096 725 4153 distribuit
744 4099 838 4169 (ibid,
853 4116 881 4154 n.
901 4101 938 4169 8).

91 4188 179 4240 Porro
193 4185 270 4240 bisce
288 4183 400 4254 opibus,
417 4200 487 4255 quas
500 4186 661 4256 Augustino
676 4190 762 4258 atque
777 4187 878 4259 Alypio
893 4188 939 4242 Pi-

90 4274 193 4328 nianus
211 4272 352 4339 tradebat,
367 4272 486 4339 factum,
502 4277 534 4326 ut
557 4273 640 4327 amba
654 4273 697 4327 illi
711 4279 888 4340 vererentur,
904 4291 939 4329 ne

90 4362 120 4415 in
139 4361 330 4432 suspicionem
344 4360 451 4430 iniquas
465 4360 861 4431 dispensationisinciderent.
880 4364 940 4428 Qua

90 4449 120 4503 in
135 4465 165 4504 re
177 4466 243 4504 cum
252 4449 321 4521 ipsis
336 4449 453 4504 minime
465 4449 608 4503 sulliceret
620 4450 800 4505 conscientias
813 4451 940 4522 propriae

90 4537 298 4602 testimoniam,
312 4538 362 4592 sed
374 4537 534 4592 curandum
546 4540 620 4591 esset
631 4543 781 4608 praeterea,
798 4542 839 4606 ut,
851 4554 940 4609 quan-

90 4628 150 4678 tum
165 4625 353 4680 abborrerent
372 4643 387 4680 a
401 4625 495 4680 studio
510 4624 630 4695 privatae
644 4625 787 4691 utilitatis,
810 4626 937 4680 homiui-

90 4713 153 4779 lrus,
173 4728 244 4782 quos
267 4728 301 4766 ex
327 4713 472 4768 dominico
489 4716 634 4784 praecepio
660 4713 782 4776 erudire,
799 4713 939 4785 quibusve

90 4799 125 4854 ad
139 4799 275 4869 pietatem
291 4801 421 4872 exemplo
444 4817 494 4857 suo
512 4801 615 4871 praeiro
635 4802 815 4870 tenebantur,
830 4801 939 4857 clarum

88 4891 280 4958 testatumque
302 4888 454 4943 redderent
478 4889 576 4960 [Epist.
604 4891 666 4959 125,
687 4904 717 4944 n.
745 4892 782 4959 (ι),
808 4891 939 4945 collocuti

88 4980 154 5032 sunt
169 4977 203 5031 de
223 4975 276 5030 hoc
291 4974 365 5030 inter
379 4993 420 5041 se,
440 4983 469 5032 et
495 4968 554 5049 qna
576 4979 686 5033 ratione
709 4979 840 5034 Ecclesiae
861 4979 938 5047 liliis,

88 5065 146 5120 imo
161 5069 189 5119 et
204 5063 382 5130 adversariis,
398 5066 516 5134 planum
533 5065 670 5136 tacerent,
696 5066 724 5120 iu
738 5066 939 5122 administrau-

86 5156 129 5211 dis
144 5154 227 5210 bouis
240 5152 434 5210 ecclesiasticis
457 5159 568 5208 mentes
584 5170 649 5208 suas
673 5155 751 5209 nullu
776 5154 939 5225 cupiditatis

86 5247 135 5298 aut
147 5242 273 5298 avaritiae
282 5246 349 5296 nota
363 5240 520 5311 inquinari,
531 5258 628 5296 coram
647 5243 820 5297 conferendo
834 5241 939 5314 inqui·

86 5330 157 5385 siere
170 5330 259 5403 (ibid,
275 5345 302 5384 a.
318 5332 341 5383 l.
356 5332 382 5383 et
394 5330 483 5397 Epist.
501 5330 560 5396 luo,
575 5345 604 5384 n.
616 5330 651 5399 9).
664 5329 733 5394 Quae
743 5329 837 5385 caritio
851 5346 938 5400 quam

86 5418 155 5486 ipsis
170 5417 327 5474 necessaria
341 5416 451 5479 inisset,
469 5416 563 5485 patuit
576 5434 609 5472 er
624 5418 782 5472 tentatione
801 5418 935 5489 quadam,

85 5519 150 5573 quae
165 5507 215 5561 [lei
227 5506 372 5577 permissu
392 5519 450 5559 uon
471 5504 563 5559 mullo
576 5510 641 5576 post
655 5509 787 5576 tempore
807 5505 935 5577 conligit.

1031 413 1058 466 4.
1076 412 1192 465 Factum
1207 409 1285 464 enim
1302 412 1355 474 est,
1370 411 1403 461 ut
1417 405 1605 467 ecclesiastico
1619 404 1740 461 eminio

996 502 1135 553 teresscnt
1150 496 1304 568 aliquando
1317 512 1375 550 una
1389 511 1454 549 cum
1468 493 1569 566 Alypio
1585 492 1723 549 Pinianus
1736 512 1740 545 v

996 587 1083 656 lania,
1097 585 1230 640 universa
1243 584 1334 655 plebs,
1352 583 1472 638 necdum
1488 581 1613 638 dimissis
1625 581 1740 637 caterba

998 675 1133 730 Pinianus
1156 673 1211 728 sibi
1231 673 1261 727 in
1282 672 1483 744 presbyterum
1507 670 1638 725 ordinari
1659 685 1740 742 magr

997 764 1126 819 moribus
1141 762 1283 833 flagitaret
1303 762 1405 834 (Epist.
1424 763 1484 826 lat,
1499 775 1546 815 aa.
1573 762 1631 815 l-o.
1655 758 1695 830 5).
1719 759 1740 813 A

997 852 1112 907 accessit
1134 849 1323 921 Augustinus,
1346 854 1376 903 at
1394 864 1527 903 concessa
1550 862 1651 901 eorum
1676 846 1740 901 clau

996 940 1076 994 brevi
1090 956 1180 1006 mora,
1203 937 1233 992 id
1262 937 1315 993 sibi
1340 937 1485 1006 integrum
1513 951 1574 990 uon
1601 951 1674 1005 esse,
1697 949 1740 1006 prr

997 1028 1075 1099 quod
1088 1026 1209 1082 invitum
1222 1025 1303 1079 illum
1317 1024 1352 1079 ab
1368 1028 1605 1079 reconsecratum
1617 1038 1678 1077 non
1689 1021 1728 1077 iri

996 1115 1089 1180 sisset,
1109 1112 1275 1168 declaravit:
1292 1111 1434 1183 simulque
1459 1110 1576 1177 addidit,
1596 1110 1620 1164 si
1640 1113 1740 1165 contra

997 1219 1012 1256 a
1032 1217 1061 1256 se
1080 1202 1175 1256 datam
1187 1200 1336 1255 Pinianum
1356 1199 1496 1254 haberent
1513 1198 1728 1270 presbyterum,

996 1290 1133 1360 seipsum
1148 1288 1313 1359 episcopum
1336 1303 1394 1342 nau
1418 1287 1566 1342 habereut.
1591 1285 1703 1350 Quibus
1722 1284 1741 1341 d

997 1378 1093 1433 sedem
1116 1393 1198 1431 suam
1213 1392 1243 1430 se
1257 1375 1376 1446 recepit,
1392 1391 1478 1446 qnam
1494 1375 1525 1428 in
1540 1391 1574 1429 eo
1589 1374 1646 1429 loci
1662 1374 1740 1429 subse

996 1482 1063 1520 mor
1077 1464 1204 1519 absidem
1219 1461 1319 1529 locam
1336 1464 1412 1535 quod
1427 1478 1518 1534 genus
1534 1465 1595 1517 erat
1610 1460 1740 1534 suggesti

996 1551 1131 1621 gradibus
1141 1550 1244 1615 editius
1251 1551 1345 1621 (laid,
1361 1566 1389 1604 a.
1403 1552 1438 1620 l).
1450 1550 1702 1622 Aderantquoque
1711 1549 1740 1607 Pi

997 1643 1025 1692 et
1044 1638 1174 1705 Melania,
1199 1638 1249 1692 sed
1271 1637 1403 1692 nonnihil
1429 1638 1531 1692 remoti
1556 1637 1592 1692 ab
1615 1635 1740 1708 Augusu'

996 1742 1082 1796 quem
1096 1732 1264 1798 augescente
1275 1727 1401 1781 tumultu
1416 1728 1480 1798 (uec
1493 1725 1570 1780 enim
1592 1742 1661 1780 eum
1675 1726 1740 1783 seda

998 1814 1094 1869 tistitis
1131 1814 1288 1886 responsio)
1319 1818 1499 1869 accesserunt
1529 1816 1629 1885 (Epist.
1660 1817 1724 1884 125,

996 1903 1216 1971 Aliquantulum,
1232 1902 1327 1973 inquit
1341 1907 1453 1957 sanctus
1476 1903 1594 1968 Praesul,
1617 1905 1740 1973 inopina(

995 1994 1166 2060 responsione
1183 1993 1302 2046 cunctati
1320 1996 1401 2059 atquc
1415 1991 1528 2058 turbati,
1548 1992 1621 2046 uelut
1643 1995 1740 2061 pamm

995 2080 1138 2148 pardulum
1149 2094 1258 2148 pressa,
1269 2079 1366 2133 deinde
1376 2084 1511 2150 caperurd
1523 2080 1607 2134 mullo
1622 2079 1740 2135 ardeatis

998 2170 1053 2222 tari
1065 2186 1072 2235 3
1089 2170 1273 2223 eristimanles
1287 2170 1348 2237 peri
1357 2183 1444 2237 posse,
1456 2173 1487 2223 ut
1500 2170 1542 2223 uel
1556 2169 1740 2239 mitieatorqv

996 2254 1066 2310 iliad
1080 2271 1133 2310 aon
1160 2271 1268 2310 screare
1290 2259 1465 2325 parentinum,
1483 2257 1525 2310 uel
1545 2273 1578 2311 ne
1596 2261 1703 2312 reema
1722 2272 1740 2328 p

996 2343 1086 2412 fidene,
1098 2343 1133 2400 ab
1147 2345 1201 2398 atio
1215 2346 1338 2413 episcopo
1355 2343 1540 2398 ordinaretur.
1554 2343 1682 2399 liicebam
1696 2359 1740 2413 epu

995 2435 1127 2499 (leimam,
1139 2434 1188 2500 qui
1201 2433 1239 2485 ad
1251 2447 1299 2486 nos
1314 2448 1343 2487 en
1357 2431 1478 2486 absidem
1499 2432 1686 2486 promotiores
1699 2436 1726 2487 ei

996 2535 1038 2574 res
1053 2520 1239 2588 ascenderant,
1255 2535 1303 2575 aec
1315 2536 1333 2573 a
1344 2521 1474 2589 promissi
1488 2518 1544 2590 fide
1557 2535 1599 2573 me
1610 2535 1692 2588 posse
1711 2518 1740 2575 ali

996 2622 1043 2662 nec
1056 2608 1090 2660 ab
1106 2609 1160 2662 atio
1175 2611 1297 2678 episcopo
1312 2610 1342 2661 iu
1364 2609 1485 2662 Ecclesia
1505 2609 1575 2662 milri
1600 2601 1720 2679 tradita,

996 2698 1161 2764 interrogato
1178 2710 1209 2750 aa
1222 2698 1401 2764 permittente,
1415 2710 1493 2765 posse
1505 2695 1649 2762 ordinari;
1664 2695 1738 2765 quod

997 2786 1139 2852 mitterem,
1151 2800 1168 2836 a
1181 2785 1234 2852 fide
1249 2784 1424 2838 nibilominus
1439 2783 1585 2838 deviarem.
1600 2783 1740 2841 Addebam

996 2873 1067 2926 rrilrit
1081 2886 1123 2926 eos
1136 2872 1213 2938 calle,
1229 2874 1254 2925 si
1268 2871 1438 2926 ordinaretur
1452 2874 1565 2935 inuitus,
1589 2874 1647 2926 nisi
1660 2878 1690 2928 ut
1708 2887 1740 2929 or

997 2959 1158 3014 abscederet.
1179 2961 1224 3015 lili
1234 2961 1281 3014 lroc
1292 2975 1371 3029 passe
1384 2963 1445 3030 peri
1459 2976 1513 3015 non
1527 2960 1683 3016 credebant.
1702 2962 1740 3019 ΠΙ

995 3064 1057 3102 cero
1067 3063 1119 3118 pro
1133 3048 1266 3115 aradibus
1281 3051 1437 3115 coristiluta,
1452 3048 1583 3103 torrendo
1599 3052 1625 3102 et
1637 3063 1740 3118 persea

995 3139 1063 3191 simo
1077 3138 1223 3191 clamorum
1245 3137 1358 3202 (cernitu
1380 3140 1410 3190 in
1431 3136 1524 3191 eadem
1536 3138 1678 3191 saturitate
1688 3153 1740 3209 per

996 3224 1111 3279 incertos
1138 3227 1225 3278 animi
1246 3225 1406 3292 consiliique
1428 3222 1547 3292 (arietat
1570 3224 1669 3294 (Epist.
1694 3227 1740 3282 tal

996 3313 1067 3366 Tum
1082 3328 1148 3366 vero
1163 3311 1288 3383 populus
1314 3313 1403 3366 multa
1424 3311 1549 3365 convicia
1564 3311 1593 3365 in
1609 3312 1740 3385 Alypium

996 3416 1070 3467 cere,
1090 3400 1171 3471 quasi
1196 3416 1252 3454 nou
1276 3400 1314 3454 ob
1337 3399 1415 3453 aliud
1438 3403 1555 3470 cuperet
1577 3400 1734 3457 Pinianum

996 3487 1131 3556 retinere,
1147 3487 1201 3541 nisi
1218 3492 1248 3540 ut
1267 3487 1329 3558 rjus
1346 3487 1571 3541 munilieentium
1595 3505 1629 3544 ac
1648 3489 1740 3547 libera

996 3576 1025 3629 iu
1040 3575 1173 3646 proprios
1187 3591 1254 3629 usus
1269 3579 1456 3629 converteret.
1473 3574 1520 3629 llis
1539 3575 1740 3646 gravissimae

996 3669 1042 3717 tus
1061 3669 1104 3718 est
1118 3662 1309 3734 Augustinus;
1325 3663 1435 3718 tametsi
1453 3679 1629 3735 quemquam
1644 3681 1660 3720 e
1678 3667 1740 3723 cler

996 3752 1145 3807 monachis
1164 3750 1353 3822 praesentibus
1376 3751 1451 3806 baud
1477 3752 1663 3822 comperisset
1686 3769 1740 3810 esar

996 3839 1073 3894 illius
1087 3840 1201 3911 iuJuriae
1217 3841 1316 3908 (Epist.
1344 3842 1393 3894 reu
1414 3855 1443 3893 n.
1459 3841 1498 3910 ὅ).
1521 3841 1570 3894 sed
1593 3842 1740 3899 tantumi

996 3932 1057 3981 tum
1071 3927 1184 3998 vulgus,
1200 3927 1277 3998 quod
1292 3943 1469 3998 compescere
1479 3944 1538 3982 non
1553 3929 1644 3984 valuit
1658 3930 1738 3989 libid.

995 4015 1129 4086 quodque
1143 4019 1202 4069 tam
1217 4014 1326 4085 ingenti
1342 4020 1419 4069 reatu
1435 4032 1488 4085 per
1504 4015 1601 4088 Alypii
1621 4019 1740 4075 oratiam

994 4105 1092 4155 reatur
1118 4101 1236 4171 absolvi,
1261 4103 1443 4157 vehementer
1465 4103 1546 4174 cupit
1572 4106 1672 4175 (Epist.
1690 4108 1740 4163 {aa

995 4190 1027 4243 ln
1042 4189 1086 4242 his
1100 4189 1202 4258 turbis,
1217 4195 1278 4244 tum
1289 4191 1360 4261 ipse,
1377 4197 1437 4245 lum
1452 4192 1572 4262 Alypius
1585 4210 1618 4247 ac
1633 4194 1740 4251 Piuieul

995 4277 1139 4332 immerito
1171 4283 1297 4333 extrema
1328 4279 1425 4333 omnia
1450 4279 1653 4338 formidabant.
1676 4281 1740 4339 Tim

994 4365 1100 4436 quippe
1115 4371 1186 4431 erat,
1197 4382 1230 4420 ae
1243 4369 1332 4436 aliqui
1343 4368 1457 4437 perditi,
1473 4368 1513 4422 ait
1527 4370 1740 4443 Augustinus,q

994 4454 1109 4509 titudini
1122 4457 1203 4509 etiam
1220 4455 1347 4510 tortorum
1357 4457 1515 4535 plerumque
1529 4459 1689 4529 mutuatur,
1707 4473 1740 4517 aa

993 4544 1133 4599 seditionis
1155 4548 1180 4598 et
1195 4546 1275 4611 quasi
1283 4545 1367 4611 justa
1380 4545 1579 4610 indignationis
1595 4548 1716 4615 inuenta,
1736 4564 1740 4598 r

994 4632 1473 4700 quamuimsccleratamrapinorum
1483 4633 1740 4705 cupiditateprorrra

993 4719 1092 4788 (Epist.
1109 4721 1169 4778 125,
1185 4735 1212 4774 n.
1231 4722 1257 4784 3,
1274 4723 1298 4773 at
1310 4722 1398 4789 Epist.
1415 4723 1475 4786 rue,
1491 4736 1519 4774 n.
1536 4720 1570 4791 l).

1029 4810 1055 4861 5.
1067 4806 1177 4861 Addnci
1191 4822 1250 4860 nou
1265 4807 1358 4877 potuit
1368 4809 1502 4877 praesenti
1514 4809 1643 4879 periculo
1658 4813 1740 4885 Augu

993 4898 1026 4949 ut
1040 4894 1083 4949 vel
1099 4895 1193 4951 obiter
1206 4895 1326 4951 Piniano
1342 4896 1484 4960 suaderet,
1505 4898 1606 4968 populi
1628 4900 1740 4957 voluulr

993 4998 1054 5037 rem
1072 4998 1182 5053 gerere,
1202 4982 1316 5038 tametsi
1338 4984 1392 5038 lroc
1406 5001 1436 5038 se
1459 4999 1517 5038 non
1535 4985 1740 5055 facturumue

992 5073 1052 5123 turn
1067 5073 1138 5124 teste
1149 5076 1301 5139 praesente,
1316 5076 1416 5140 pactus
1427 5073 1669 5131 essetrllrseedere
1683 5078 1740 5146 oapi

992 5156 1103 5227 inquit;
1117 5158 1164 5212 scd
1174 5158 1547 5228 melnmdum'(uit,rremupis
1557 5177 1599 5216 mc
1610 5163 1740 5221 absentee

993 5245 1061 5313 qaid
1086 5247 1188 5312 smeret
1208 5251 1233 5301 et
1261 5249 1410 5302 renuentia
1429 5250 1526 5315 minor,
1548 5253 1573 5305 et
1601 5250 1681 5307 dolor·
1694 5268 1740 5323 ara

992 5332 1092 5387 Deinde
1115 5336 1140 5388 si
1161 5349 1220 5388 cum
1241 5337 1331 5402 (vaire
1350 5335 1451 5406 Atppio
1471 5334 1635 5394 discederem
1653 5357 1740 5413 perp

988 5422 1181 5489 'constipatum
1198 5422 1347 5477 cavendum
1368 5424 1436 5493 (uit,
1451 5439 1484 5479 ne
1498 5427 1646 5495 qumquam
1660 5432 1691 5484 in
1707 5445 1740 5487 err

991 5522 1056 5561 num
1070 5509 1177 5563 mittere
1191 5508 1302 5564 audeat
1317 5523 1324 5564 :
1340 5512 1367 5566 si
1380 5514 1469 5565 autem
1482 5512 1540 5566 sure
1552 5513 1610 5583 itio,
1633 5518 1740 5585 pua-tls
