3884 6112
1618 35 1637 125 l⁸⁸
1713 36 1775 91 „l
1877 82 1880 94 ,

100 169 153 225 tir
818 170 926 228 LIBER
947 169 1142 229 SECUNDUS.
1783 215 1791 229 .
1810 177 1883 232 rta-

95 291 172 347 niti
185 294 228 349 est
238 295 321 364 atque
332 291 550 361 firnsctmuosti,
563 293 634 346 Deus
646 305 730 359 meets,
745 293 827 347 etiam
836 292 956 361 paudere
1011 292 1106 350 animo
1121 297 1315 367 susceperunt.
1332 294 1402 351 lline
1423 294 1600 368 Augustinus
1614 294 1645 350 in
1659 311 1693 351 ea
1708 294 1775 351 villa
1789 296 1860 353 resi·

94 383 175 451 cnpi,
194 381 269 452 quod
291 381 347 436 trac
361 380 655 452 quaquesuberatnon
672 381 952 453 mardonercusatia
1010 382 1090 450 dens,
1105 399 1156 456 per
1163 384 1261 456 j0cum
1276 382 1355 451 disis,
1367 401 1396 438 se
1405 383 1548 439 incuriose
1563 388 1595 439 nt
1607 385 1861 456 grammaticorum

94 486 156 540 quer
164 471 342 540 offensionem
352 471 491 526 bominum
501 473 670 541 temperaret,
680 473 730 547 qui
735 475 848 542 propter
858 472 954 529 liberos
1010 471 1113 530 verbis.
1137 472 1187 544 qui
1209 488 1254 527 res
1276 489 1341 527 suas
1364 471 1419 544 ipsi
1438 472 1474 527 ad
1496 473 1635 528 utendum
1655 472 1799 528 dedissent
1813 475 1863 543 (De

91 573 156 615 sens
173 575 217 613 me
231 560 348 615 liberum
362 573 418 614 esse
431 559 705 628 nunquumuotcbant
719 560 850 630 (carreis.
866 563 914 617 tib.
927 565 954 634 9,
1009 564 1093 617 beata
1111 564 1186 632 Vita,
1200 578 1228 617 n.
1246 560 1302 633 31).
1316 562 1456 618 Retribues
1470 563 1523 629 illi,
1540 565 1660 629 Domine,
1677 561 1717 617 ait
1729 560 1864 634 Augusti·

91 663 151 719 cap.
167 651 198 715 2,
211 665 244 705 n.
260 648 337 721 2-4).
349 648 471 704 Iuhunc
484 648 607 719 pectoris
621 649 753 704 morbum
771 648 816 704 sui
830 667 955 706 secessus
1010 667 1073 718 nus,
1088 652 1117 705 iu
1129 653 1322 706 resurrectione
1336 652 1484 721 justarum,
1500 653 1567 722 quie
1580 652 1643 721 jam
1661 653 1750 722 ipsam
1762 655 1861 708 sortem

91 752 209 792 causam
215 736 386 810 retundit-in
399 736 541 810 prioribus
555 737 636 793 libris
649 741 711 793 tum
724 755 741 793 a
755 754 784 793 se
793 737 913 811 seriptis,
922 756 955 795 ea
1009 741 1160 796 retribuisti
1172 743 1206 795 ei.
1223 742 1351 809 Quamuis
1366 742 1437 795 eriim
1455 740 1609 796 absentibus
1628 741 1715 809 nobis,
1730 756 1790 796 cum
1804 742 1861 797 ito-

91 843 157 898 qure
176 826 234 881 sibi
254 827 285 881 in
308 826 393 882 horto
419 830 583 895 esenerant,
600 826 714 882 silentio
732 828 955 914 pretermittens
1008 845 1058 884 mae
1072 831 1133 900 jam
1153 845 1279 891 essemus,
1295 830 1430 900 corporali
1448 829 1610 897 egritudine
1623 833 1770 898 correptus.
1787 831 1813 884 et
1830 829 1861 884 in

90 915 206 982 (Contra
229 914 417 984 Academicos,
435 915 483 970 lib.
503 919 527 983 l,
543 931 571 971 n.
588 917 621 984 33
635 915 669 971 de
686 918 771 972 Beata
788 919 863 985 Vita,
876 933 904 972 n.
921 919 953 986 l;
1009 917 1349 995 caedmstiauusetfidelis
1364 918 1862 986 sactus,eeiacoitacmiprauitzita

91 1005 123 1059 dc
137 1003 255 1074 Ordine,
279 1004 327 1060 tib.
354 1007 379 1073 t,
395 1020 427 1061 n.
447 1003 483 1074 5),
499 1019 534 1058 ex
549 1005 648 1060 eadem
668 1004 846 1060 hauddubie
865 1006 954 1061 animi
1009 1009 1134 1063 misertus
1154 1022 1180 1062 es
1201 1023 1255 1062 non
1267 1008 1353 1062 sotum
1368 1008 1437 1077 ejus,
1453 1007 1500 1061 sed
1519 1008 1601 1061 etiem
1615 1004 1712 1074 nostri,
1736 1022 1770 1061 ne
1784 1008 1861 1075 copi-

92 1092 245 1160 modeslia,
261 1108 320 1165 qua
343 1108 429 1148 suum
443 1092 620 1165 propositum
635 1093 752 1149 nonnisi
765 1093 954 1150 familiarissi·
1009 1101 1096 1151 lantes
1112 1098 1247 1164 epreqiarn
1271 1111 1335 1163 erqo
1357 1111 1405 1150 nos
1422 1097 1504 1150 amici
1518 1096 1723 1161 inmanitatem,
1740 1110 1786 1150 nec
1800 1110 1861 1150 eum

93 1182 145 1239 mis
157 1181 389 1252 communicare,
404 1185 490 1254 atque
505 1181 615 1237 caeteris
628 1182 757 1238 clausum
772 1186 869 1238 tenere
885 1199 953 1237 eon·
1008 1188 1038 1239 in
1047 1201 1126 1254 qreqe
1138 1190 1182 1240 tuo
1192 1189 1374 1253 numerantes,
1386 1184 1478 1239 dolore
1491 1184 1657 1239 incolendas·
1666 1185 1859 1239 cruciaretur.

93 1271 185 1328 stituit
195 1272 345 1344 (Confitib.
358 1275 385 1334 9,
397 1275 527 1343 cap.2,n.
538 1273 578 1345 2).
590 1273 644 1329 Cor
656 1273 718 1344 ejus
729 1276 771 1327 sat
781 1273 837 1329 alte
847 1267 954 1328 amoris
1009 1274 1119 1330 Gratias
1134 1273 1194 1342 tibi,
1211 1276 1281 1328 Deus
1297 1276 1396 1339 nesta,
1411 1274 1452 1327 tui
1465 1287 1572 1338 sumus3
1590 1272 1714 1327 indicant
1734 1273 1861 1329 bortatio

93 1360 180 1417 divini
194 1360 313 1434 sagittis
328 1360 474 1416 confisum
489 1366 560 1429 erat,
571 1364 600 1417 et
613 1361 712 1433 ignitis
726 1362 896 1418 carbonibus
911 1367 954 1417 sat
1007 1378 1052 1418 nes
1068 1368 1093 1419 et
1102 1363 1293 1418 consolationes
1309 1366 1361 1417 tuae
1372 1377 1379 1416 z
1391 1360 1480 1432 fidelis
1490 1363 1647 1432 promissor,
1663 1360 1758 1415 reddes
1775 1363 1860 1417 Verc-

91 1450 183 1506 ralide
198 1449 428 1517 communitum,
444 1453 477 1505 nt
492 1450 626 1506 subdolas
646 1466 745 1505 eorum
767 1451 878 1522 linguas
893 1467 952 1506 nan
1005 1453 1101 1519 cunda,
1116 1467 1166 1521 pro
1179 1468 1242 1506 rure
1252 1452 1298 1506 iilo
1312 1452 1370 1521 ejus
1386 1451 1545 1518 dissidium,
1561 1450 1609 1505 ubi
1627 1449 1661 1504 ab
1678 1453 1746 1505 astu
1763 1450 1856 1505 sacnti

89 1538 216 1607 timeret,
230 1539 283 1611 qni
293 1538 388 1611 pravis
402 1554 468 1594 eum
481 1539 661 1596 sermonibus
672 1556 689 1594 a
697 1539 846 1611 proposito
860 1540 951 1595 deter·
1006 1542 1186 1611 requievimus
1196 1542 1267 1608 inte,
1278 1543 1478 1595 amonitarum
1492 1541 1652 1609 sempiterne
1659 1540 1770 1594 uirentis
1775 1554 1855 1609 parc·

88 1644 151 1683 rere
178 1628 356 1684 voluissent.
389 1628 472 1695 Quid,
500 1629 578 1700 quod
606 1632 769 1684 sanctorum
799 1629 951 1685 hominum
1005 1629 1063 1686 disi
1078 1633 1135 1699 tui;
1148 1632 1276 1700 quereiam
1295 1630 1427 1684 dimisisti
1443 1631 1468 1683 ci
1480 1634 1591 1699 peccata
1606 1644 1687 1699 super
1701 1633 1811 1697 terram,
1826 1630 1856 1683 in

88 1716 235 1789 exempla,
252 1715 359 1789 quibus
382 1717 417 1772 ad
440 1716 623 1773 serviendum
648 1719 705 1773 Deo
727 1718 864 1774 excitatus
880 1723 950 1786 erat,
1006 1723 1338 1788 monteiucaseeto,monte
1348 1723 1401 1786 tuo,
1412 1722 1500 1774 monte
1510 1718 1587 1772 uberi
1593 1718 1681 1790 (Cous.
1693 1718 1740 1773 tib.
1751 1721 1776 1787 9,
1788 1733 1811 1773 c.
1828 1719 1856 1792 3,

88 1812 145 1863 lam
164 1806 305 1863 ardentes
320 1805 347 1862 ei
361 1806 438 1862 faces
459 1806 659 1879 subjiciebant,
673 1813 705 1863 nt
724 1808 885 1863 contrarius
900 1808 952 1863 ob·
1006 1827 1035 1866 n.
1059 1809 1096 1880 5).
1113 1810 1178 1864 llaec
1200 1811 1298 1880 itaque
1320 1806 1478 1862 Verecuudi
1501 1807 1569 1862 villa
1583 1806 1658 1862 inter
1675 1810 1788 1862 montes
1806 1805 1861 1861 sira

89 1895 274 1952 tractationis
301 1896 387 1950 flatus
416 1911 565 1951 accensum
590 1896 621 1952 in
646 1897 707 1969 ejus
736 1897 833 1952 sniuro
854 1897 951 1968 ignem
1007 1897 1093 1953 fuisse
1116 1895 1239 1951 ridetur.
1256 1896 1432 1950 Ettluxerunt
1455 1895 1572 1949 tandem
1597 1894 1657 1948 dies
1677 1893 1730 1961 itti,
1751 1892 1800 1966 qui
1824 1893 1860 1949 ad

90 1984 183 2065 acrius
198 1985 386 2041 inflammare
410 1988 513 2056 posset,
530 2002 587 2040 nou
602 1986 787 2058 extinguere?
801 1989 907 2042 Verum
921 1990 954 2041 ut
1006 1985 1157 2041 litterarias
1177 1983 1262 2040 terias
1286 1986 1470 2056 supereraut;
1493 1982 1535 2038 illi
1558 1981 1695 2037 nimirum
1718 1981 1788 2049 dies,
1809 1981 1860 2053 qui

91 2072 220 2129 defuturi
231 2089 292 2128 non
303 2076 387 2128 erant
400 2073 478 2138 boni,
491 2073 540 2146 qui
550 2074 612 2146 ejus
622 2074 775 2130 consilinm
786 2075 950 2131 laudarent:

91 2162 128 2218 sic
137 2162 293 2234 jactantiae
304 2161 397 2216 simile
407 2161 450 2216 illi
461 2161 618 2230 ridebatur,
630 2162 654 2218 si
667 2168 732 2218 aute
747 2163 900 2220 litterariae
912 2164 952 2218 te·

91 2250 153 2314 rias,
170 2267 242 2323 quse
266 2250 451 2322 appetebant,
466 2250 673 2322 professionem
687 2253 858 2308 rhetoricam
880 2252 952 2324 abji-

91 2343 179 2407 eeret;
198 2339 302 2395 amnia
317 2338 348 2394 in
362 2355 392 2395 se
417 2355 467 2394 ora
480 2355 677 2406 conversurus,
693 2342 743 2414 qui
761 2343 835 2398 hanc
849 2342 951 2397 imma·

92 2433 183 2484 turam
199 2427 365 2500 magisterii
379 2427 590 2485 abdicationem
599 2430 784 2486 ostentationi
794 2430 951 2502 palamiri-

91 2516 176 2573 buere
192 2516 370 2590 potuissent.
385 2518 439 2573 'l'ot
450 2533 517 2573 raro
532 2519 692 2574 temerariis
702 2520 817 2592 J'udieiis
831 2524 861 2575 et
873 2519 951 2576 falsis

94 2606 278 2662 sermonibus
293 2621 393 2661 ausam
408 2606 486 2674 dare,
502 2623 652 2662 causamve
673 2612 732 2663 tam
746 2608 836 2664 sancti
856 2608 952 2681 operis

93 2695 236 2767 arguendi
258 2694 401 2767 praebere,
419 2698 447 2749 et
464 2695 630 2769 inquirendi
653 2698 790 2770 quoniam
811 2698 840 2754 id
855 2699 951 2754 animo

93 2784 207 2852 lecemt,
222 2801 241 2840 a
264 2783 420 2856 prudentia
437 2782 587 2840 ridebatur
607 2785 734 2842 alienum
749 2787 844 2860 (leid,
861 2804 892 2842 n.
911 2787 949 2860 3).

94 2873 235 2929 tolerarit
248 2871 340 2944 igitur
352 2871 421 2927 illud
435 2873 574 2944 temporis
588 2872 781 2942 intervallum,
798 2875 888 2930 donec
901 2876 950 2931 de·

96 2966 236 3030 curreret;
254 2959 333 3033 quod
350 2960 482 3032 exiguum
498 2960 575 3029 licet,
593 2979 669 3035 agre
688 2967 784 3018 tamen
799 2964 943 3019 tolerarit.

94 3046 150 3104 lam
173 3047 258 3104 enim
281 3053 438 3104 recesserat
461 3049 511 3106 illa
533 3051 634 3123 gloriae
657 3052 809 3123 cupiditas,
832 3068 897 3125 ques
920 3052 950 3107 in

95 3142 202 3208 partem
228 3137 328 3193 oneris
352 3153 418 3192 eum
440 3154 474 3193 eo
493 3139 590 3194 venire
606 3146 808 3197 consueverat:
823 3147 852 3198 ct
873 3142 950 3197 solus

96 3225 162 3282 illud
178 3226 325 3282 sustinere
345 3230 470 3293 coactus,
486 3228 683 3285 succubuisset
697 3229 829 3301 ponderi,
846 3229 900 3285 nisi
920 3229 950 3284 in

94 3315 223 3386 pristinas
238 3314 405 3371 ambitionis
419 3316 513 3371 locum
524 3317 663 3388 patientia
675 3319 800 3374 subsidio
815 3319 949 3376 venissel.

93 3404 282 3470 Quantumris
304 3405 462 3476 prudenter
483 3406 515 3460 in
538 3407 592 3461 boc
620 3424 650 3462 se
679 3408 794 3480 negotio
820 3409 950 3481 gesserit,

94 3508 150 3548 non
165 3494 256 3550 audet
269 3498 368 3550 tamen
383 3495 420 3551 ab
434 3495 513 3551 omni
533 3512 562 3551 se
577 3497 662 3568 culpa
679 3513 801 3553 vacuam
815 3513 950 3564 asserere,

94 3583 168 3654 quod
195 3583 317 3639 tirmum
343 3585 402 3640 lleo
424 3584 565 3640 serviendi
589 3586 768 3657 propositum
792 3588 951 3657 amplexus,

93 3673 183 3733 adhue
197 3673 230 3727 in
254 3672 390 3728 cathedra
407 3673 548 3730 mendacii
564 3675 609 3730 rel
627 3675 712 3731 breve
727 3678 840 3747 tempus
855 3675 952 3730 sedere

94 3778 121 3817 se
136 3779 242 3834 passus
255 3762 345 3818 tuerit
358 3763 458 3835 (leid,
473 3779 500 3819 ιι.
518 3764 558 3837 4).

124 3855 153 3906 2.
167 3853 209 3907 lle
225 3851 380 3923 Augustini
393 3852 543 3926 proposito
556 3854 631 3909 bono
646 3854 844 3909 macerabatur
856 3853 953 3909 anxie·

92 3940 193 3996 tudine
210 3941 396 3996 verecundus
412 3942 502 4011 (laid,
520 3958 580 4013 rap.
592 3946 617 4011 3,
629 3959 657 3997 ιι.
674 3944 710 4013 5),
722 3941 871 3998 familiaris
881 3943 952 4014 ejus,

92 4028 159 4084 ciris
169 4033 199 4084 et
209 4028 416 4100 grammaticus
427 4029 646 4086 ldediolauensis
657 4030 749 4101 (ibid,
760 4031 807 4086 lib.
816 4033 842 4099 8,
852 4047 912 4101 cap.
925 4035 952 4098 o,

90 4135 117 4173 ιι.
136 4119 178 4189 13)
193 4135 201 4186 ;
219 4118 302 4189 cujus
317 4134 383 4173 eum
395 4117 425 4172 in
440 4124 622 4182 omnes,t11m
637 4136 703 4174 vero
720 4119 749 4174 in
759 4118 952 4191 Augustinum

90 4213 150 4262 erat
164 4206 370 4263 benevolentia
389 4207 544 4279 singularis
558 4207 606 4279 (lle
621 4209 731 4277 Ordine,
749 4208 795 4263 lib.
816 4211 841 4276 l,
856 4224 887 4263 n.
907 4209 931 4279 ὅ)

92 4297 202 4352 seilicet
225 4312 302 4367 aegre
326 4296 483 4352 admodum
506 4296 627 4361 terebat,
643 4298 720 4370 quod
740 4296 839 4352 mullis
858 4295 954 4351 saeculi

93 4386 205 4460 laqueis
220 4385 358 4454 irretitus,
371 4402 401 4441 se
411 4390 469 4441 tam
481 4386 611 4457 jucunda
625 4385 759 4441 societate
774 4385 954 4459 propediem

95 4474 258 4531 orbandum
274 4475 392 4530 rideret.
407 4475 541 4531 Nondum
557 4475 728 4530 christianus
748 4479 828 4530 erat:
847 4478 876 4529 et
889 4474 956 4529 lieet

92 4579 214 4619 uxorem
225 4562 341 4619 tidelem
352 4563 528 4634 duxisset,ea
539 4567 636 4619 umen
647 4561 804 4618 arctissima
816 4563 954 4635 compede

94 4653 129 4708 ab
143 4652 262 4713 itinere.
277 4652 357 4724 quod
371 4651 484 4709 inibant
497 4653 593 4721 amici,
609 4654 816 4710 retardabatur.
833 4653 904 4709 lllud
919 4653 955 4708 si-

96 4741 213 4813 quidem
230 4740 287 4797 alia
297 4741 361 4812 lege
374 4742 491 4797 nolebat
504 4742 634 4814 aggredi,
645 4759 732 4815 quam
745 4760 789 4813 ea,
803 4759 861 4815 qua
871 4742 955 4797 mini-

96 4845 140 4885 me
155 4833 287 4901 peterat,·
302 4845 408 4901 nempe
432 4834 463 4885 ut
488 4846 517 4887 se
541 4830 576 4885 ab
592 4848 678 4887 uxore
694 4848 745 4886 sua
764 4831 954 4903 disjungeret,

97 4934 154 4990 quo
174 4917 299 4975 terrenis
314 4918 450 4974 omnibus
468 4917 593 4975 dimissis
611 4923 704 4975 totum
725 4936 754 4975 se
773 4922 829 4975 Deo
845 4919 955 4975 manci·

96 5012 190 5078 paret.
210 5007 394 5078 Quapropter
408 5024 474 5063 eum
497 5008 676 5079 Augustinus
690 5013 718 5064 et
742 5009 861 5082 Alypius
882 5010 953 5064 sola-

1006 2090 1067 2145 prae
1088 2088 1185 2128 amore
1200 2071 1339 2128 libertatis
1359 2071 1458 2126 otiosae
1473 2071 1509 2125 ad
1528 2069 1734 2142 requirendum
1748 2068 1859 2124 vultum

1008 2162 1069 2229 Dei,
1085 2166 1113 2218 et
1136 2161 1217 2233 longi
1237 2164 1265 2216 et
1286 2159 1369 2215 multi
1393 2158 1553 2232 Augustino
1568 2158 1746 2213 videbantur.
1763 2157 1860 2213 llluxit

1007 2253 1097 2326 igitur
1111 2253 1182 2324 dies,
1197 2268 1255 2325 quo
1274 2250 1425 2307 rhetoricas
1440 2250 1646 2323 professionem
1667 2248 1760 2321 reipsa
1778 2248 1859 2304 dese·

1006 2343 1076 2410 ruit,
1090 2347 1119 2398 et
1136 2358 1193 2415 quo
1213 2342 1343 2412 linguam
1358 2341 1420 2412 ejus
1435 2339 1510 2395 eruit
1530 2341 1612 2404 Deus,
1630 2340 1706 2394 unde
1718 2353 1768 2394 cor
1783 2336 1860 2392 illius

1006 2432 1088 2503 prius
1111 2433 1226 2486 eruerat
1248 2429 1338 2502 (lisa,
1355 2445 1414 2499 cop.
1431 2431 1457 2498 i,
1479 2445 1508 2483 n.
1524 2431 1564 2499 7).
1587 2428 1631 2484 Sic
1645 2426 1728 2483 laeths
1749 2431 1778 2482 et
1800 2427 1858 2482 Deo

1007 2520 1113 2590 gratias
1124 2520 1233 2575 babens
1244 2517 1341 2573 statim
1352 2533 1418 2573 curn
1428 2517 1562 2573 omnibus
1573 2517 1641 2583 suis,
1652 2516 1706 2571 hoc
1716 2519 1769 2581 est,
1782 2515 1860 2571 blon-

1006 2609 1070 2664 uiea
1082 2612 1184 2675 matrs,
1202 2606 1320 2679 Navigio
1336 2606 1435 2674 fratre,
1447 2606 1579 2678 Trygetio
1596 2609 1623 2660 et
1638 2604 1761 2660 Licentio
1775 2603 1860 2660 disei-

1007 2698 1091 2769 pulis,
1116 2696 1275 2753 Laslidiano
1304 2699 1332 2750 et
1356 2695 1470 2750 Rustico
1499 2691 1687 2761 consobrinis,
1712 2692 1859 2748 Adeodato

1007 2786 1066 2841 tilio
1089 2789 1118 2841 et
1137 2784 1250 2857 Alypio,
1274 2783 1354 2839 seed
1373 2783 1469 2838 villam
1492 2781 1651 2837 verecundi
1673 2781 1794 2837 eontulit
1812 2780 1859 2852 (lle

1007 2877 1089 2931 Beata
1106 2877 1179 2944 Vita,
1195 2890 1226 2930 n.
1246 2873 1281 2943 8).
1337 2960 1451 3015 CAPUT
1471 2959 1518 3015 vll

1009 3058 1018 3109 l
1039 3056 1075 3109 lle
1090 3067 1160 3107 anno
1175 3053 1204 3106 in
1219 3066 1271 3122 quo
1290 3051 1425 3104 eoneersia
1445 3048 1595 3117 Augustini
1612 3047 1734 3115 contigit,
1751 3048 1858 3101 conna-

1041 3143 1131 3196 versia
1145 3139 1216 3195 unde
1226 3140 1399 3210 potissimum
1413 3142 1518 3192 enoria.
1533 3135 1641 3192 tAnno
1656 3136 1706 3190 387
1720 3133 1796 3189 iliam
1810 3130 1860 3188 ad·

1041 3232 1162 3287 amitten
1176 3230 1313 3299 opiniones
1328 3228 1397 3296 dua,
1416 3226 1514 3297 quibus
1529 3226 1582 3280 atio
1597 3229 1681 3295 atque
1693 3224 1749 3279 alia
1765 3222 1859 3278 detor-
1888 3264 1891 3273 .

1042 3323 1159 3391 queritur
1183 3318 1301 3375 Possidii
1323 3319 1526 3387 augustinique
1546 3316 1616 3369 tanc
1640 3316 1670 3368 in
1692 3328 1749 3369 rem
1773 3312 1856 3368 dicta.

1043 3413 1058 3465 3
1074 3411 1151 3467 Nihil
1162 3409 1268 3464 obstare
1278 3409 1419 3477 quominus
1430 3407 1501 3461 bisce
1515 3406 1596 3460 dietis
1607 3406 1636 3458 in
1646 3414 1859 3472 permaneretur

1043 3501 1157 3568 acceptis
1178 3498 1255 3552 illum
1270 3511 1340 3551 anno
1355 3498 1405 3551 386
1421 3509 1586 3558 cannarum,
1600 3491 1773 3560 eumdemque
1787 3505 1858 3546 anisa

1044 3590 1093 3643 387
1111 3587 1280 3656 baptizatum
1294 3598 1455 3639 asseramus.
1468 3585 1482 3636 l
1494 3583 1564 3637 lluic
1573 3581 1709 3636 sestertia
1716 3578 1798 3634 robur
1811 3594 1856 3634 oe·

1043 3675 1113 3731 eedit
1128 3690 1162 3728 ea
1175 3672 1293 3744 quodam
1306 3672 1456 3742 August-ini
1471 3672 1534 3737 loco,
1549 3672 1703 3739 comparato
1718 3683 1778 3724 cum
1788 3671 1857 3723 tem-

1041 3782 1107 3838 pore
1121 3780 1172 3835 quo
1194 3763 1353 3819 Ambrosius
1368 3761 1562 3828 inspirabatur
1577 3759 1611 3814 ab
1629 3760 1751 3814 lustina.
1771 3760 1786 3813 5
1805 3759 1857 3813 Di-

1044 3857 1130 3911 luitur
1149 3855 1287 3910 corstraria
1307 3853 1505 3918 arqemearauo
1521 3850 1607 3920 petita
1626 3848 1660 3903 ab
1675 3847 1857 3903 obseruatione

1045 3946 1180 4014 temporis,
1198 3958 1249 4014 quo
1265 3941 1426 4012 Imperatori
1446 3939 1538 3995 mades
1563 3939 1698 3993 recitauit.
1721 3939 1736 3991 6
1760 3936 1856 4006 Opinio

1045 4032 1168 4103 quadam
1191 4034 1386 4087 conrasionem
1408 4031 1558 4100 Augustini
1579 4043 1680 4099 poneris
1707 4040 1778 4081 arrno
1805 4027 1857 4082 388

1045 4125 1154 4177 minime
1165 4121 1326 4192 probabilis.

1048 4213 1194 4266 l.1‘aueos
1215 4209 1307 4265 adhue
1322 4207 1352 4264 iu
1368 4224 1402 4263 ea
1423 4207 1490 4262 villa
1510 4206 1569 4262 dies
1588 4207 1773 4276 transegerat,
1793 4218 1858 4258 enm

1010 4299 1097 4354 libros
1109 4316 1175 4354 snos
1187 4298 1223 4353 de
1234 4297 1409 4354 Academicis
1423 4312 1539 4351 exorsus
1552 4295 1662 4361 (Contra
1673 4292 1858 4360 Academicos,

1011 4387 1059 4442 tib.
1076 4390 1100 4456 l,
1128 4402 1156 4441 u.
1174 4388 1209 4453 t),
1226 4402 1275 4442 eos
1287 4383 1451 4452 intermisit,
1467 4387 1499 4439 ut
1519 4382 1625 4437 librum
1648 4381 1684 4436 de
1698 4382 1784 4436 Beata
1798 4378 1860 4435 Vita

1011 4475 1147 4532 scriberet
1162 4475 1404 4547 (detrectationem
1419 4473 1465 4527 tib.
1493 4474 1517 4540 l,
1533 4485 1593 4540 cap.
1609 4469 1645 4540 t),
1664 4467 1753 4524 tridui
1776 4484 1859 4540 opas,

1009 4565 1071 4638 ipso
1081 4562 1210 4619 natalitio
1225 4562 1355 4617 illiasdie
1370 4561 1525 4632 iucoeptum
1538 4558 1587 4630 (lle
1599 4559 1677 4613 beata
1692 4559 1766 4626 Vita,
1780 4547 1809 4613 n.
1820 4558 1858 4628 8).

1011 4653 1105 4725 quiin
1120 4652 1182 4708 idus
1197 4650 1361 4708 novembris
1374 4648 1528 4704 incidebat.
1545 4647 1643 4720 Itaque
1658 4662 1784 4702 secessus
1798 4645 1861 4718 ejus

1010 4743 1040 4798 in
1053 4742 1149 4797 villam
1166 4741 1354 4799 cassiciacum
1379 4736 1493 4792 nonnisi
1508 4752 1606 4791 mense
1621 4734 1729 4791 octobri
1742 4734 1861 4807 ejusque

1010 4830 1157 4887 conversio
1173 4829 1336 4902 septembri,
1360 4830 1408 4882 aut
1422 4827 1523 4881 sallem
1538 4828 1660 4880 exeunte
1675 4827 1796 4896 augusto
1819 4820 1861 4877 vi·

1011 4923 1095 4978 delur
1105 4919 1259 4992 contigisse
1272 4937 1278 4974 ε
1291 4915 1443 4974 Mediolani
1457 4914 1546 4986 enim,
1562 4912 1789 4989 praelectionibus
1803 4911 1860 4967 suis

1011 5009 1158 5076 absolutis,
1171 5007 1282 5079 aliquot
1295 5005 1387 5061 adhuc
1401 5004 1460 5060 dies
1475 5003 1569 5077 potuit
1586 4999 1768 5058 commorari.
1783 4999 1861 5055 Tunc

95 5096 211 5168 bantur,
228 5100 258 5152 et
281 5100 314 5152 ut
338 5096 369 5152 in
382 5096 440 5152 vita
454 5097 608 5170 conjugali,
626 5114 684 5170 qua
698 5097 863 5170 implicatus
882 5101 954 5168 erat,
1010 5115 1077 5154 vero
1097 5096 1236 5169 temporis
1259 5094 1438 5168 trigesimum
1457 5099 1485 5150 et
1499 5093 1617 5150 tertium
1640 5089 1731 5147 aetatis
1753 5102 1861 5143 annum

98 5187 153 5242 lleo
179 5186 313 5256 serviret,
336 5185 534 5243 hortabantur.
556 5186 632 5243 Nihil
654 5187 689 5242 de
711 5186 868 5243 verecundi
888 5203 955 5258 erga
1011 5187 1124 5259 agebat,
1140 5190 1172 5241 ut
1185 5186 1306 5257 ipsemet
1320 5189 1442 5240 testatur
1455 5184 1507 5240 sub
1521 5183 1609 5238 tinem
1625 5181 1775 5245 librorum,
1790 5191 1861 5248 quos

97 5290 144 5330 ees
159 5273 366 5332 benevolentia
380 5291 487 5330 maeror
500 5276 590 5332 animi
605 5275 740 5332 detraxit.
760 5276 861 5332 Villam
875 5293 955 5331 suam
1012 5276 1047 5331 de
1069 5273 1243 5331 Academicis
1265 5273 1376 5346 scripsit
1402 5273 1514 5343 (Contra
1533 5271 1633 5338 Acori,
1655 5267 1702 5323 tib.
1718 5269 1744 5334 3,
1760 5281 1787 5321 ιι.
1804 5262 1859 5335 43),

97 5366 286 5423 tassiciacum
302 5365 344 5421 eis
364 5365 488 5437 benigue
506 5367 621 5435 obtulit,
638 5371 669 5422 ut
682 5366 820 5440 quamdiu
838 5366 878 5422 ibi
894 5383 956 5421 nia·
1012 5370 1040 5420 el
1053 5369 1117 5436 post
1132 5363 1196 5419 idus
1211 5364 1378 5419 novembres
1391 5361 1521 5418 absolvit.
1544 5360 1575 5415 ld
1594 5359 1688 5431 ipsum
1710 5352 1811 5409 asserit
1831 5356 1862 5409 in

97 5461 240 5523 rarentur,
257 5455 288 5511 iu
310 5471 346 5511 ea
365 5454 510 5526 degerent.
536 5456 664 5514 Oblatum
689 5455 731 5512 illi
755 5456 852 5512 sedem
876 5459 956 5527 grato
1012 5452 1237 5525 soliloquiorum
1251 5452 1332 5510 libris
1347 5453 1563 5524 (soliloquiorum
1576 5448 1626 5502 tib.
1645 5449 1708 5512 t,n.
1723 5443 1776 5517 Π),
1791 5460 1862 5517 quos
