3884 6112
698 279 969 340 consessione!
989 279 1019 338 S.
1038 277 1242 339 auousrmr.
1809 284 1853 339 aas

98 295 152 349 835

99 411 231 475 Nomine,
245 410 334 475 munt,
351 407 415 464 coeli
429 412 457 462 et
471 411 567 472 terre,
592 407 685 460 totum
700 404 787 459 istum
804 403 946 459 visibilem
999 403 1095 458 lorum
1114 415 1246 459 meorum
1259 400 1291 456 in
1305 400 1425 469 occulto,
1448 399 1520 474 quid
1535 400 1614 457 mihi
1628 399 1725 470 obest,
1741 416 1809 459 cnm
1821 405 1855 461 di·

96 500 237 555 mundum
260 497 339 570 prius
364 494 563 551 universaliter
585 497 613 547 et
636 492 761 548 breviter
786 491 947 563 significare
1000 507 1080 546 versa
1093 489 1124 547 in
1146 490 1192 546 his
1205 488 1299 545 verbis
1312 488 1437 561 intelligi
1453 488 1665 563 possintque
1678 493 1785 547 lamen
1798 508 1857 549 vere

96 587 197 655 voluit,
226 592 258 643 ut
281 590 380 659 postea
398 585 541 655 digereret
569 581 682 637 dierum
719 580 945 646 enumeratione,
1000 580 1067 646 sint,
1083 578 1163 651 quid,
1174 578 1306 651 inquam,
1321 577 1403 646 mihi,
1417 577 1508 649 obest,
1524 578 1550 633 si
1564 578 1650 634 eliud
1664 594 1722 651 ego
1738 595 1857 649 sensero,

97 676 179 748 quasi
193 674 513 742 articulatim‚universa
527 688 592 743 qua
606 676 704 726 sancto
711 671 830 742 Spiritui
840 670 947 743 placuit
1000 683 1087 740 quam
1101 667 1190 722 sensit
1204 666 1277 721 elius
1299 682 1367 723 eum
1388 666 1509 722 sensisse
1525 666 1578 740 qui
1593 666 1739 740 scripsit?
1760 668 1859 727 Omnes

96 765 135 820 sio
150 762 310 819 enuntiare.
323 762 403 817 Tales
418 760 525 831 quippe
537 758 669 813 homiues
690 762 773 814 erant
796 758 875 813 rudis
899 758 947 814 ille
1000 756 1117 829 quidem
1132 755 1183 828 qui
1193 755 1325 827 legimus,
1338 755 1459 813 nitimur
1468 756 1680 825 hoeindegare
1690 760 1859 830 atqneeom·

95 856 182 924 atque
196 850 318 907 emostis
332 848 457 920 populus
472 847 518 902 cui
535 847 717 919 loquebatur,
743 847 837 904 uteie
860 862 948 919 opera
1000 844 1187 915 prehendere,
1209 844 1286 917 quod
1301 844 1391 899 voluit
1411 844 1461 901 ille
1482 861 1570 918 quern
1594 845 1739 918 legimus.
1755 847 1860 904 Etcum

96 941 217 996 Deinon
238 937 292 993 nisi
315 937 373 992 sola
393 935 516 991 visibilia
542 934 771 991 commendanda
793 934 945 1005 judicaret.
1000 949 1067 990 eum
1085 933 1242 989 veridicum
1256 933 1410 1001 credimus,
1425 933 1497 993 nihil
1511 934 1592 1007 quod
1611 935 1725 991 falsum
1742 951 1806 992 esse
1822 937 1861 995 vel

95 1030 211 1084 Terram
224 1042 291 1081 vero
311 1024 486 1080 invisibilem
503 1029 533 1080 et
558 1024 790 1095 incompositam,
810 1023 947 1079 tenebro-
1000 1021 1132 1078 novimus
1166 1023 1210 1078 vel
1246 1026 1392 1094 putamus,
1429 1023 1570 1080 audemus
1598 1040 1673 1081 eum
1698 1024 1859 1083 unomen

95 1133 214 1190 samque
233 1116 377 1188 abyssum,
394 1113 470 1169 unde
494 1117 704 1184 consequenter
720 1111 883 1167 ostenditur
896 1126 948 1181 per
1001 1110 1113 1167 dixisse.
1130 1113 1204 1167 Dum
1218 1109 1417 1184 ergoquisque
1431 1117 1549 1169 conatur
1562 1112 1596 1169 id
1613 1113 1733 1169 sentire
1748 1113 1781 1169 in
1793 1114 1859 1170 Scri.

96 1206 159 1261 illos
173 1204 415 1274 dieslaotaatque
428 1201 566 1272 disposita
578 1199 948 1255 essecunateistavisibilia
1000 1199 1094 1271 pluris
1120 1197 1235 1270 sanctis,
1256 1199 1333 1272 quod
1356 1199 1387 1254 in
1400 1199 1442 1255 eis
1463 1201 1555 1257 sensit
1575 1202 1630 1257 ille
1656 1201 1715 1274 qui
1737 1202 1857 1275 scripsit3

95 1310 160 1366 que
174 1298 242 1349 nota
255 1295 324 1346 sunt
336 1289 479 1356 omnibus,
490 1305 547 1343 non
557 1289 779 1360 incongruenter
794 1288 948 1344 informem
1001 1288 1071 1360 quid
1085 1288 1155 1343 mali
1165 1291 1207 1344 est
1218 1287 1243 1343 si
1256 1288 1312 1344 hoc
1324 1289 1436 1358 sentiat,
1453 1290 1532 1363 quod
1543 1294 1590 1359 tu,
1606 1291 1809 1348 luxomniuvn
1821 1309 1860 1348 ve·

99 1382 184 1438 istam
198 1379 349 1435 materiam
362 1376 579 1449 intelligendam
596 1393 657 1433 esse
673 1377 866 1433 consentiunt.
1001 1376 1156 1433 ridioarum
1168 1376 1318 1445 mentium,
1331 1378 1454 1434 ostendis
1464 1395 1565 1436 verum
1581 1396 1659 1444 esse,
1679 1380 1801 1436 etiarnsi
1811 1382 1859 1438 hoe

131 1471 176 1523 25.
192 1466 265 1532 Quid
281 1465 306 1520 si
320 1464 396 1519 dicat
407 1464 488 1531 alius,
505 1466 637 1519 eamdem
650 1464 867 1526 informitatem,
883 1480 949 1520 con-

95 1556 295 1626 fusionemque
309 1552 450 1623 materiae,
464 1552 528 1608 coeli
542 1557 572 1607 et
584 1557 668 1608 terrm
682 1553 799 1609 nomine
813 1554 893 1626 prius
907 1553 949 1609 in·

96 1645 248 1711 sinuatam,
265 1642 341 1715 quod
357 1658 388 1697 ex
400 1658 434 1697 ea
448 1641 573 1696 mundus
587 1642 640 1696 iste
656 1641 948 1698 visibiliscumomni·

96 1731 149 1786 bus
163 1731 272 1787 naturis
286 1747 352 1803 qum
369 1729 399 1785 in
413 1746 448 1785 eo
472 1729 703 1786 manifestissime
726 1735 876 1802 apparent,
895 1732 946 1805 qui

96 1821 160 1875 coeli
175 1825 202 1875 et
217 1825 301 1875 terro
315 1819 432 1875 nomine
456 1835 533 1891 saepe
558 1819 697 1890 appellari
721 1821 802 1887 solet,
818 1820 948 1876 conditus

95 1914 182 1981 atque
194 1909 335 1980 perlectus
350 1907 415 1963 esti
429 1908 503 1972 Ouid
516 1908 540 1963 si
555 1907 630 1963 dicat
654 1912 683 1962 et
705 1908 789 1976 alius,
804 1909 907 1964 ooelum
921 1915 949 1965 et

95 2003 201 2052 terrem
214 1996 332 2068 quidem
344 1995 517 2051 invisibilem
526 1995 725 2067 visibilemque
739 2001 873 2052 naturam
888 2013 946 2052 non

95 2085 261 2141 indecenter
275 2084 467 2156 appellatam3
485 2100 517 2138 ac
530 2100 583 2155 per
606 2084 659 2139 hoc
680 2084 843 2139 universam
866 2102 944 2141 erea-

95 2179 191 2230 turam
207 2172 373 2244 quemfecit
387 2173 417 2226 in
433 2172 589 2244 Sapientia,
608 2172 638 2227 id
666 2177 710 2228 est
734 2173 766 2228 in
790 2173 945 2246 Principio,

98 2264 181 2327 heus,
197 2259 395 2331 hujuscemodi
406 2260 517 2315 duobos
531 2261 677 2316 vocabulis
690 2277 749 2316 esse
762 2264 947 2334 comprehen-

95 2367 158 2406 sam
175 2367 182 2406 :
197 2352 396 2404 verumtamen
410 2348 478 2420 quia
493 2364 552 2403 non
566 2349 601 2404 de
615 2349 678 2421 ipsa
704 2349 862 2405 substantia
884 2352 945 2423 bei,

95 2439 145 2494 sed
159 2455 194 2494 ex
208 2436 300 2492 nihilo
314 2436 494 2492 cunctalacto
507 2442 584 2504 sont,
600 2437 733 2510 quianon
741 2443 809 2493 sunt
820 2438 946 2510 idipsum

96 2525 172 2599 quod
189 2528 274 2593 Dens,
300 2530 327 2581 el
346 2525 422 2581 inest
444 2526 577 2597 quadam
600 2526 776 2582 mutabilitas
799 2528 944 2597 omnibus,

96 2615 153 2670 sive
167 2619 316 2680 maneant,
332 2614 405 2670 sicut
419 2619 526 2670 aeterna
548 2614 650 2670 domus
666 2614 726 2682 θεὴ
750 2615 807 2671 sive
830 2621 944 2672 muten-

95 2709 152 2770 tur,
177 2703 250 2759 sieut
277 2703 374 2758 anima
402 2702 529 2758 hominis
554 2709 582 2759 et
610 2719 731 2774 corpus;
760 2721 944 2762 communem

94 2792 224 2848 omnium
239 2808 335 2848 rerum
350 2791 537 2848 invisibilium
557 2792 772 2865 visibiliumque
794 2794 945 2851 materiem

93 2882 188 2937 adhuc
202 2880 366 2949 informem,
381 2881 430 2937 sed
445 2885 519 2937 certe
543 2881 734 2950 lormabilem,
759 2883 836 2939 unde
859 2883 943 2941 iteret

94 2971 198 3025 coelum
212 2975 239 3025 et
256 2975 341 3036 terra,
356 2969 387 3025 id
402 2973 444 3025 est
468 2969 617 3025 invisibilis
639 2974 724 3042 atque
747 2970 866 3027 visibilis
882 2972 943 3042 jom

94 3063 215 3131 utraque
229 3058 350 3113 formata
365 3063 503 3125 creatura,
520 3058 564 3113 his
577 3059 742 3114 nominibus
752 3060 942 3128 enuntiatam,

94 3145 400 3217 quibusappellaretur
411 3147 494 3200 Terra
509 3147 690 3201 trvoioibr‘lv'set
702 3149 891 3217 incomposito,
902 3152 940 3214 et,

95 3234 218 3289 Tenebrae
231 3249 313 3304 super
325 3233 455 3304 abyssum
465 3250 471 3289 :
483 3250 517 3289 ea
529 3233 720 3300 distinctione,
738 3239 770 3289 ut
785 3240 859 3290 terro
872 3238 942 3291 iovi·

92 3321 181 3377 sititis
195 3326 220 3377 et
238 3324 416 3392 incomposito
430 3322 607 3394 intelligatur
629 3323 762 3379 materies
785 3326 942 3395 corporalis

92 3414 159 3466 ante
173 3410 342 3483 qualitatem
356 3411 475 3480 formem
503 3412 616 3468 terebra
638 3417 735 3467 eutem
755 3428 837 3483 saper
860 3414 940 3485 abys-

91 3514 165 3570 sum,
194 3500 350 3572 spiritualis
377 3501 509 3557 materies
539 3506 603 3556 ante
635 3501 830 3557 cohibitonem
858 3503 941 3575 quasi

91 3587 206 3644 liuentis
221 3588 467 3647 immoderationis
481 3595 510 3647 et
535 3594 601 3647 ante
623 3590 867 3648 illuminationem
893 3593 941 3650 Sa·

91 3676 232 3747 pientiae?

125 3769 169 3821 td.
188 3767 236 3821 Est
250 3765 344 3821 adhuc
359 3768 437 3838 quod
458 3767 532 3823 dicat
554 3767 656 3838 siquis
684 3769 757 3824 alius
781 3770 860 3838 velit,
880 3787 939 3826 non

90 3852 197 3908 scilicet
208 3854 268 3924 jam
284 3854 423 3924 perlectas
439 3860 523 3926 atque
537 3854 675 3910 formatos
689 3856 846 3912 invisibiles
869 3859 938 3913 visi.

89 3939 217 4012 bilesque
233 3946 360 4008 naturas,
375 3943 565 3997 coelietterrae
579 3943 697 3999 nomine
712 3944 938 4015 signiticaricum

91 4028 206 4100 legitur,
218 4031 251 4086 lo
263 4032 403 4100 principio
423 4032 489 4097 feeit
514 4033 583 4086 Deos
605 4032 699 4087 calum
715 4037 740 4088 et
753 4037 853 4089 terram
866 4055 874 4102 3
889 4037 940 4092 sed

90 4116 183 4189 ipsam
206 4117 301 4174 adhuc
322 4118 476 4175 informem
490 4119 703 4177 inchoationem
718 4138 815 4178 rerum
837 4123 939 4179 lorma-

89 4203 177 4260 bilem
192 4205 402 4278 creabilemque
413 4205 561 4261 materiam
573 4206 618 4263 his
629 4207 795 4265 nominibus
810 4212 938 4282 appella·

90 4296 158 4360 um,
180 4294 256 4365 quod
279 4294 310 4349 in
333 4310 366 4348 ea
387 4294 448 4363 jam
468 4299 563 4351 essent
584 4295 639 4352 iste
664 4297 781 4354 melosa
807 4300 938 4355 nondum

87 4381 274 4452 qualitatibus
296 4381 454 4453 formisque
477 4382 618 4452 distinato,
642 4401 707 4457 qum
731 4388 879 4459 nunojem
894 4388 938 4445 di·

86 4474 165 4538 gesta
178 4468 237 4524 suis
246 4469 397 4525 ordinibus
411 4476 551 4527 vocantur
566 4475 669 4529 eaelum
679 4479 804 4546 atterra3
821 4478 872 4533 illa
882 4477 938 4549 spi·

87 4556 212 4629 situatis,
227 4557 289 4613 herc
303 4558 459 4631 corporalis
478 4564 617 4619 creatura.
806 4553 811 4561 “

403 4651 517 4708 CAPUT
530 4652 624 4707 lltllll.

246 4739 311 4805 Quis
325 4756 400 4796 error
417 4743 547 4798 inachiae
561 4744 592 4797 ivr
609 4744 776 4813 seripturis.

121 4826 165 4883 27.
182 4826 290 4892 Quibus
309 4831 442 4886 omuibus
470 4829 574 4886 auditis
601 4835 629 4888 et
657 4832 852 4902 consideratis,
869 4835 937 4891 nolo

1001 1481 1060 1521 non
1074 1466 1163 1521 sensit
1183 1465 1231 1521 ille
1252 1482 1340 1538 quem
1361 1467 1445 1539 legit;
1469 1484 1536 1524 oum
1559 1472 1592 1526 et
1607 1468 1660 1525 ille
1682 1485 1801 1539 verum,
1815 1487 1860 1527 ner

1001 1559 1099 1610 tumen
1114 1555 1166 1610 hoo
1179 1555 1318 1611 senserit?

1325 1661 1439 1718 CAPUT
1452 1663 1519 1718 xlx.

1285 1766 1348 1833 Orsa
1362 1768 1467 1838 liquido
1486 1783 1562 1826 vero.

1035 1874 1081 1927 28.
1096 1873 1200 1928 Verum
1221 1877 1265 1929 est
1282 1874 1371 1941 enim,
1388 1875 1518 1946 Domine,
1536 1874 1642 1932 iecisse
1659 1880 1693 1933 te
1716 1877 1858 1935 colono

1000 1965 1120 2029 terram;
1142 1966 1171 2017 et
1199 1978 1299 2018 verum
1319 1968 1360 2020 est
1382 1963 1558 2035 Principium
1591 1983 1657 2022 esse
1682 1966 1855 2041 Sapientiam

1000 2054 1081 2105 tuam
1089 2049 1120 2105 in
1134 2066 1191 2123 qua
1202 2051 1293 2107 iecisti
1308 2053 1405 2108 omnia
1420 2053 1501 2124 (Prot.
1518 2071 1577 2122 cm,
1594 2055 1657 2127 ot).
1672 2056 1753 2112 Item
1766 2073 1856 2115 verum

1000 2143 1053 2206 est,
1069 2139 1145 2210 quod
1165 2141 1291 2196 mundus
1308 2140 1363 2197 iste
1381 2141 1500 2197 visibilis
1515 2143 1606 2198 hahet
1620 2160 1754 2217 magnas
1767 2151 1855 2218 partes

1000 2243 1066 2281 suas
1086 2228 1189 2283 coelum
1212 2233 1240 2284 et
1254 2232 1371 2297 terram,
1395 2231 1474 2286 brevi
1488 2231 1702 2304 complexione
1725 2234 1853 2291 factarum

1000 2313 1131 2371 omnium
1152 2316 1391 2390 conditarumque
1418 2322 1602 2376 naturarum.
1627 2321 1664 2377 Et
1684 2338 1791 2378 verum
1808 2328 1852 2388 est

999 2402 1169 2475 quodomne
1179 2404 1317 2460 mutabile
1327 2404 1851 2482 insinuatnotitiaenostraequamdsm

999 2491 1214 2561 informitatem,
1235 2510 1292 2566 qua
1313 2493 1434 2550 lormam
1448 2496 1534 2567 capit,
1549 2496 1600 2553 vel
1613 2514 1678 2570 qua
1694 2503 1851 2556 mutatoret

998 2581 1127 2637 vertitur.
1143 2582 1248 2637 Verum
1264 2585 1317 2650 est,
1337 2582 1417 2640 nulla
1430 2588 1564 2656 tempore
1587 2587 1713 2660 perpeti
1729 2589 1805 2663 quod
1820 2587 1851 2644 ils

998 2669 1653 2746 oohoeretlormeeincommutabili,utquamvis
1664 2675 1849 2745 sitmntshile,

999 2773 1056 2811 non
1072 2761 1211 2814 mutetur.
1228 2759 1334 2814 Verum
1349 2763 1401 2827 est,
1417 2759 1641 2830 inlormitatem,
1660 2778 1732 2835 quae
1746 2761 1848 2837 prope¹

999 2844 1071 2900 nihil
1084 2851 1136 2914 est,
1158 2846 1233 2902 vices
1247 2850 1411 2919 temporum
1431 2849 1536 2904 habere
1560 2865 1622 2906 non
1638 2868 1741 2923 posse.
1756 2852 1849 2908 Veron

986 2937 1050 3002 ,est
1062 2934 1139 3006 quod
1153 2935 1230 2990 undo
1240 2934 1272 2990 fit
1286 2935 1406 3008 aliquid,
1426 2940 1520 3008 potest
1539 2938 1676 3009 quodam
1697 2956 1803 3012 genere
1815 2938 1848 2994 lo-

997 3021 1233 3078 cutionishabere
1236 3024 1297 3095 jam
1310 3040 1417 3079 nomen
1428 3025 1489 3097 ejus
1504 3025 1545 3081 rei
1556 3042 1624 3099 quae
1635 3026 1712 3084 inde
1724 3029 1774 3095 lit;
1784 3027 1848 3084 unde

996 3110 1091 3181 potuit
1103 3110 1195 3166 vocari
1208 3111 1312 3167 eoelum
1321 3115 1350 3166 et
1364 3116 1440 3168 terra
1449 3113 1589 3184 quelibet
1603 3114 1775 3172 informitas
1783 3115 1847 3172 onds

995 3198 1157 3255 factumest
1180 3201 1284 3256 caelum
1306 3205 1335 3256 et
1349 3204 1438 3257 terra.
1455 3204 1562 3258 Verum
1578 3208 1635 3271 est,
1648 3206 1785 3261 omnium
1799 3205 1846 3261 lor·

996 3291 1140 3343 motorum
1153 3287 1226 3344 nihil
1248 3305 1309 3345 esse
1329 3289 1446 3346 informi
1460 3288 1583 3346 vicinius
1597 3309 1694 3365 quam
1709 3298 1814 3351 terram
1824 3298 1848 3349 et

995 3373 1138 3445 abyssum.
1154 3377 1260 3432 Verum
1275 3381 1328 3447 est,
1342 3378 1420 3451 quod
1437 3395 1497 3435 non
1508 3380 1603 3436 solum
1618 3387 1758 3439 creatum
1772 3389 1846 3456 atque

994 3461 1161 3531 formarum,
1176 3464 1224 3519 sed
1240 3465 1326 3522 etiarn
1342 3467 1482 3540 quidquid
1497 3468 1620 3525 creabile
1639 3475 1733 3544 atque
1747 3474 1845 3529 lorma-

994 3549 1052 3605 bile
1071 3554 1123 3620 est,
1139 3557 1170 3607 tu
1192 3552 1284 3608 iecisti
1306 3571 1340 3610 ex
1360 3571 1418 3627 quo
1442 3560 1509 3611 sunt
1532 3557 1644 3614 omnia.
1666 3561 1779 3617 Verum
1801 3564 1846 3625 est,

995 3654 1081 3694 omne
1104 3640 1180 3712 quod
1195 3657 1229 3697 ex
1243 3642 1361 3699 inlormi
1374 3644 1525 3717 lormatur,
1540 3647 1624 3718 prius
1640 3664 1708 3707 esse
1721 3650 1846 3715 informe,

995 3726 1097 3784 deinde
1112 3728 1281 3788 formatum.

1330 3838 1444 3895 CAPUT
1457 3840 1510 3896 XX.

1082 3942 1114 3996 ln
1128 3941 1271 4015 principio
1282 3944 1398 4013 creavit,
1410 3950 1476 4016 etc,
1491 3948 1569 4002 uarie
1582 3950 1766 4009 mertherom.

1028 4049 1072 4102 29.
1090 4047 1127 4102 Ex
1146 4048 1191 4103 his
1212 4050 1346 4106 omnibus
1360 4051 1435 4107 veris
1456 4052 1490 4108 de
1507 4053 1614 4125 quibus
1629 4072 1695 4113 non
1720 4059 1847 4115 dubitant

993 4149 1117 4205 quorum
1140 4136 1271 4194 interiori
1295 4139 1377 4194 oculo
1398 4140 1467 4195 talia
1487 4141 1585 4198 videre
1605 4142 1738 4213 donasti,
1754 4151 1786 4203 et
1803 4146 1846 4219 qni

992 4223 1106 4294 Moysen
1127 4224 1268 4281 famulum
1287 4230 1370 4282 tuum
1383 4227 1415 4283 in
1436 4227 1545 4300 Spiritu
1568 4230 1702 4288 veritatis
1723 4234 1847 4291 locutum

992 4326 1053 4366 esso
1066 4311 1254 4369 immobiliter
1271 4314 1404 4383 credunt;
1421 4331 1455 4372 ex
1473 4316 1519 4372 his
1533 4333 1602 4389 ergo
1620 4320 1764 4378 omnibus
1776 4322 1847 4379 aliod

991 4399 1047 4454 sibi
1063 4401 1137 4456 tollit
1152 4401 1203 4473 qui
1217 4401 1300 4458 dicit:
1325 4405 1356 4459 lrr
1375 4406 1515 4475 principio
1534 4407 1601 4473 tecit
1621 4409 1698 4464 Deus
1717 4412 1846 4467 eamne

992 4493 1103 4557 terram,
1123 4490 1217 4555 idest,
1233 4492 1265 4546 In
1278 4493 1370 4548 Verbo
1381 4509 1433 4549 suo
1452 4493 1506 4550 sibi
1523 4499 1672 4554 coeterna
1692 4500 1765 4558 lecit
1780 4503 1847 4558 boos

991 4577 1203 4650 intelligibilem
1216 4584 1303 4652 atque
1315 4581 1488 4651 sensibilem,
1498 4585 1542 4639 vel
1551 4585 1738 4658 spiritualem
1752 4607 1847 4663 corpo·

991 4667 1138 4739 ratemque
1149 4672 1319 4726 creaturam.
1335 4670 1421 4727 ltliud
1435 4671 1485 4744 qui
1505 4673 1589 4729 dicit:
1605 4677 1639 4731 la
1657 4680 1846 4750 prinicipiolc·

991 4757 1028 4810 cit
1047 4758 1116 4811 Deus
1139 4759 1233 4813 coelam
1252 4762 1278 4812 et
1297 4762 1408 4826 torum,
1427 4759 1458 4814 id
1476 4762 1528 4825 eat,
1548 4762 1581 4816 In
1599 4763 1697 4820 Verbo
1721 4784 1777 4823 suo
1797 4765 1846 4823 sihi

990 4848 1132 4901 coaeterno
1156 4846 1221 4902 lecit
1238 4847 1313 4902 Deus
1341 4847 1505 4904 universam
1532 4849 1618 4906 istam
1642 4855 1757 4912 molem
1786 4872 1846 4912 oor-

84 4915 179 4971 verbis
191 4917 374 4984 contendere;
387 4919 423 4974 ad
433 4919 506 4975 nihil
520 4919 598 4975 enim
607 4920 680 4977 utile
690 4924 733 4976 est
746 4922 802 4977 nisi
817 4924 852 4978 ad
868 4924 935 4978 sub·
990 4933 1070 5004 porei
1105 4934 1207 4990 mundi
1244 4935 1341 5007 hujus,
1365 4952 1431 4992 cum
1460 4938 1595 4995 omnibns
1619 4958 1696 5014 quaa
1720 4944 1847 5002 continet

84 5005 245 5062 versionem
273 5006 453 5063 audientium
468 5007 502 5079 (1¹
532 5010 601 5065 Tim·
617 5026 647 5078 11,
667 5009 720 5080 ¹4).
744 5011 788 5066 Ad
813 5011 935 5067 edifica-
990 5021 1149 5078 manifestis
1173 5024 1305 5098 novoque
1330 5027 1450 5083 nocuas.
1492 5028 1579 5085 irruo
1606 5030 1660 5102 qur
1693 5032 1782 5090 urat:
1810 5035 1844 5089 rs

86 5095 196 5152 tionem
210 5095 513 5165 autsmbonaestler,
527 5098 626 5171 siquis
641 5100 934 5172 ealegitimeutelur3
987 5113 1125 5181 principio
1137 5114 1203 5179 fecit
1216 5115 1287 5169 Deru
1301 5115 1395 5170 colum
1413 5120 1438 5171 et
1453 5120 1563 5184 terram
1582 5118 1612 5174 id
1628 5125 1683 5186 est,
1699 5122 1736 5178 ln
1756 5123 1844 5179 Verbo

85 5185 155 5257 quia
167 5184 234 5242 finis
248 5186 310 5257 ejus
319 5190 363 5240 est
372 5185 495 5242 charitas
504 5186 539 5242 de
553 5189 639 5244 corde
650 5205 735 5261 puro,
751 5194 781 5246 et
792 5190 936 5247 conecien·
990 5215 1040 5254 suo
1051 5199 1107 5255 sibi
1120 5207 1264 5256 coeterna
1274 5202 1423 5259 lecitlteus
1433 5204 1589 5262 intormem
1599 5211 1758 5268 materiam
1769 5227 1843 5268 cres·

85 5273 223 5340 tiahona,
239 5274 337 5330 etlide
352 5290 410 5329 non
432 5275 500 5329 tiela
523 5273 544 5345 (l
562 5278 629 5332 Tim.
659 5281 685 5347 t,
714 5281 740 5341 8,
756 5277 794 5348 5).
810 5280 843 5334 Et
856 5279 936 5334 novit
989 5294 1063 5343 turae
1093 5289 1251 5361 spiritualis
1270 5295 1298 5347 ot
1325 5293 1493 5363 corporalis.
1521 5294 1608 5352 aliod
1626 5298 1681 5369 qui
1706 5299 1795 5357 dicit:
1813 5301 1843 5356 bv

84 5362 222 5433 magister
239 5368 336 5420 noster
354 5363 386 5419 in
404 5362 509 5435 quibus
536 5364 646 5421 duobus
664 5367 817 5439 praeceptis
843 5372 935 5423 totam
986 5380 1124 5449 principio
1144 5380 1210 5447 fecit
1230 5381 1300 5438 Deus
1319 5382 1451 5440 ooetumet
1464 5388 1576 5450 emam,
1591 5385 1689 5458 idest,
1704 5389 1740 5445 ln
1756 5388 1843 5446 verbo

85 5448 189 5521 Legem
207 5453 423 5525 prophetasque
451 5451 632 5523 suspenderit
655 5456 762 5524 (Matilo.
779 5472 845 5524 xxvi,
871 5458 930 5528 40).

84 5537 154 5601 Qua
168 5540 241 5596 mihi
255 5540 557 5609 ardenterconlitenti,
574 5540 648 5597 hora
659 5543 934 5610 meos,1umenoco
1023 5557 1030 5592 ¹
1047 5555 1121 5620 toa,
1133 5562 1257 5625 proprie.
