3884 6112
68 212 134 266 1373

65 347 134 388 men
168 331 284 403 nuptias
312 330 482 404 prohibere;
506 333 741 408 quandoquidem
767 335 913 392 auditores

65 419 163 491 vostri,
179 435 304 493 quorum
318 421 394 493 apud
406 438 456 478 vos
468 423 610 480 secundus
624 428 667 480 est
677 424 792 498 padus,
809 425 913 481 ducere

65 514 151 582 atque
170 508 277 564 habere
301 525 358 565 uon
382 510 591 582 prohibeantur
604 529 725 584 ,uxores
753 516 823 581 Quae
847 530 913 569 cum

66 613 171 670 magna
183 612 250 652 voce
265 601 293 652 et
307 593 413 670 mag‘na
427 598 627 672 indignatione
640 601 781 669 dixeritis,
795 618 848 673 ego
864 617 913 656 vos

64 686 158 742 lenius
178 685 363 758 interrogabo
379 686 414 742 ed
428 688 505 742 huuc
518 689 655 744 modum:
670 706 765 746 nonne
779 706 829 747 vos
844 690 913 745 estis

64 775 114 850 qni
129 776 206 832 filios
219 776 348 849 gignere,
367 794 401 834 eo
418 778 495 850 quod
511 778 616 835 animae
630 780 757 852 ligentur
770 780 801 835 in
816 797 911 847 carne,

64 864 180 937 gravius
193 864 299 937 putatis
312 880 373 921 esse
387 872 548 938 peccatum,
564 883 650 940 quarn
665 869 762 941 ipsum
776 869 912 925 concubi-

66 953 152 1009 tum?
171 953 271 1008 Nonne
289 970 338 1010 vos
357 954 425 1010 estis
444 956 496 1028 qui
514 972 566 1011 nos
585 957 718 1013 solebatis
738 973 866 1027 monere,
882 961 915 1014 ut

66 1044 208 1114 quantum
226 1041 290 1097 fieri
308 1048 415 1114 posset,
431 1038 648 1101 observaremus
662 1050 787 1119 tempus,
806 1048 913 1119 quoad

66 1134 235 1203 conceptum
256 1132 362 1188 mulier
375 1137 440 1204 post
458 1134 628 1206 genitalium
649 1135 790 1192 viscerum
806 1152 914 1208 purga·

65 1218 250 1291 tionemapta
260 1225 344 1289 esset,
358 1237 451 1292 eoque
461 1226 593 1295 tempore
605 1239 622 1278 a
636 1224 790 1281 concubitu
803 1229 915 1298 tempe·

65 1323 206 1379 raremus,
220 1323 256 1364 ne
273 1309 353 1364 carni
372 1310 469 1366 anima
482 1310 703 1384 implicaretur?
718 1315 757 1369 Er
771 1330 828 1386 quo
843 1313 915 1369 illud

65 1397 204 1470 sequitur,
216 1401 317 1454 utnon
329 1398 485 1456 liberorum
496 1402 739 1472 procreandorum
752 1418 848 1473 ceusu,
864 1402 914 1457 sed

66 1577 174 1645 autem,
188 1579 222 1631 ut
242 1575 310 1648 ipsre
329 1577 473 1648 nuptiales
488 1578 592 1635 ῖεῖεεῖεε
607 1580 741 1651 clamant,
758 1579 915 1635 liberorum

65 1662 308 1733 procreandorum
330 1680 424 1733 causa,
450 1682 559 1722 marem
577 1667 774 1740 feminamque
797 1669 916 1739 conjun-

64 1755 153 1822 gunt:
169 1752 298 1824 quisquis
313 1768 381 1824 ergo
395 1770 547 1825 procreare
561 1755 668 1811 liberos
683 1772 769 1828 quam
781 1771 916 1812 concum-

65 1838 132 1895 bere
161 1839 275 1912 gravius
296 1840 367 1896 dicit
388 1858 448 1897 esse
475 1847 636 1914 peccatum,
657 1843 792 1916 probibet
813 1844 915 1917 utique

65 1927 200 2000 nuptias3
215 1933 245 1985 et
259 1944 319 1985 nou
334 1930 395 2002 jam
414 1946 542 1998 uxorem,
559 1932 608 1988 sed
627 1933 808 1990 meretricem
831 1933 914 1989 femi-

65 2033 133 2072 nam
144 2017 220 2085 facit,
230 2034 294 2090 quae
302 2018 412 2073 donatis
423 2019 569 2076 sibicertis
580 2021 676 2089 rebus,
685 2021 745 2079 viro
754 2023 790 2078 ad
799 2024 916 2096 explen-

65 2105 133 2161 dum
146 2105 207 2177 ejus
217 2106 370 2162 libidinem
378 2107 522 2180 juugitur.
537 2108 565 2164 Si
576 2110 654 2166 euim
664 2127 738 2167 uror
747 2115 799 2179 est,
815 2111 913 2167 matri-

66 2193 199 2249 monium
217 2198 267 2249 est.
285 2195 347 2250 Non
362 2200 459 2252 autem
474 2197 692 2255 matrimonium
706 2204 748 2255 οεῖ
765 2199 814 2256 uhi
831 2199 915 2256 datur

66 2299 154 2354 opera
165 2298 202 2338 ne
215 2282 251 2337 sit
261 2287 369 2339 mater:
382 2300 439 2339 nou
448 2284 539 2357 igitur
552 2303 633 2342 uror.
649 2288 787 2354 Quocirca
799 2289 914 2361 nuptias

66 2370 236 2442 prohibetis,
257 2372 361 2427 neceb
379 2373 574 2442 hoccrimine,
593 2375 668 2448 quod
687 2376 757 2432 olim
776 2376 915 2450 aSpiritu

66 2463 165 2516 sancto
179 2460 215 2515 de
235 2459 316 2515 vobis
329 2460 499 2532 praedictum
519 2467 571 2532 est,
593 2465 653 2520 ulla
670 2465 845 2521 vostatione
864 2466 914 2522 de·

67 2548 192 2605 tenditis.

103 2641 146 2695 dd.
168 2640 310 2705 Jamrero,
336 2654 401 2694 cum
429 2639 614 2697 vehementer
639 2640 768 2715 satagitis
797 2658 834 2700 ne
863 2661 916 2715 per

66 2726 251 2784 concubitum
277 2726 375 2783 anima
391 2728 498 2801 ligetur
516 2729 547 2784 in
565 2745 660 2799 carue,
682 2734 710 2787 οῖ
731 2731 916 2790 vehementer

67 2816 200 2880 asseritis,
215 2833 268 2890 per
281 2821 443 2875 martorum
459 2817 555 2873 cibum
567 2818 694 2874 animam
708 2819 744 2875 de
757 2819 915 2878 seminibus

65 2904 192 2974 liberari,
207 2921 304 2961 noune
322 2905 509 2973 confirmatis,
531 2922 548 2960 e
567 2905 676 2977 miseri,
691 2906 767 2980 quod
783 2906 818 2963 de
835 2908 914 2964 vobis

65 2993 199 3051 homines
210 2994 413 3068 suspicantur?
425 2995 482 3051 Cur
491 2994 570 3050 euim
583 2995 618 3050 de
631 2994 736 3065 tritico,
752 2998 780 3051 et
793 2997 829 3052 de
838 2995 913 3065 faba,

66 3083 95 3135 et
109 3081 144 3137 de
153 3082 290 3139 lenticula
301 3083 421 3156 aliisque
433 3083 601 3152 seminibus,
617 3099 682 3139 cum
696 3082 740 3139 his
754 3085 913 3154 vescimini,

65 3166 187 3225 liberare
200 3185 249 3225 vos
267 3171 339 3226 velle
354 3170 481 3227 animam
494 3171 628 3240 creditur,
646 3171 681 3227 dc
693 3171 860 3228 animalium
874 3189 916 3229 se·

66 3256 193 3314 minibus
206 3274 267 3314 non
280 3259 437 3315 credatur?
455 3260 518 3315 Non
532 3259 621 3329 enim,
641 3263 673 3316 ut
691 3260 784 3333 ipsam
799 3277 915 3317 carnem

68 3345 175 3403 mertui
194 3346 349 3403 animantis
363 3347 545 3404 immundam
566 3364 627 3405 esse
641 3348 745 3418 dicitis,
761 3351 839 3422 quod
855 3350 914 3406 aui-

67 3452 145 3492 mam
157 3452 219 3492 nou
231 3435 337 3503 habet;
352 3438 406 3492 hoc
419 3437 460 3492 ita
478 3437 597 3509 potestis
613 3441 642 3494 οῖ
655 3437 690 3494 de
702 3438 858 3495 animantis
871 3456 915 3494 se-

66 3523 144 3580 miue
156 3524 261 3591 dicere,
272 3524 303 3580 iu
318 3541 376 3597 quo
386 3524 524 3594 animam,
537 3542 603 3598 quae
617 3527 767 3598 apparebit
780 3527 812 3583 in
820 3527 914 3598 prole,

66 3613 229 3686 colligatam
238 3628 300 3668 esse
308 3612 438 3679 censetis,
451 3617 480 3668 et
488 3613 519 3669 in
528 3630 586 3686 quo
594 3613 684 3687 ipsius
694 3615 843 3672 llanichaei
853 3616 915 3671 ani-

67 3719 145 3759 mam
158 3701 333 3775 implicatam
347 3701 435 3758 fuisse
449 3702 589 3758 fatemini.
602 3705 636 3758 Et
649 3702 784 3775 qvviauon
795 3707 916 3776 possunt

66 3789 101 3845 ab
116 3789 295 3846 auditoribus
309 3789 410 3845 vestris
417 3791 567 3863 purganda
578 3790 659 3847 vobis
673 3789 741 3846 talia
754 3790 865 3846 semina
879 3791 916 3846 af·

66 3879 145 3949 ferri,
158 3878 223 3951 quis
233 3894 292 3934 uon
303 3878 462 3950 suspicetur
472 3883 610 3934 secretam
624 3878 750 3935 devehis
761 3879 831 3952 ipsis
842 3879 916 3935 inter

67 3982 116 4022 vos
125 3966 190 4023 fleri
202 3966 291 4022 talem
303 3967 518 4039 purgationem,
530 3973 558 4024 οῖ
571 3968 636 4024 ideo
647 3968 713 4040 illis,
725 3984 762 4025 ne
774 3985 824 4025 vos
835 3969 915 4025 dese·

67 4059 141 4124 rant,
157 4056 316 4113 occultari?
330 4058 400 4123 Qum
414 4057 438 4112 si
458 4072 518 4112 uun
532 4056 633 4126 facitis,
655 4058 732 4129 quod
749 4058 860 4114 utinam
875 4059 916 4114 ita

67 4146 113 4214 sit,
128 4145 228 4202 videtis
242 4150 340 4202 umen
357 4149 472 4217 quantae
491 4145 647 4217 suspicioni
663 4150 756 4202 vestra
776 4147 915 4219 supersti-

65 4235 218 4307 tiopateat,
230 4240 258 4292 et
267 4251 354 4309 quam
365 4235 468 4291 nonsit
475 4233 640 4290 hominibus
650 4236 875 4291 succensendum
885 4235 915 4291 id

66 4324 291 4396 opiniuuntibus‚
311 4325 387 4398 quod
401 4323 436 4380 de
457 4326 553 4379 vestra
565 4323 742 4395 professione
758 4323 913 4397 colligitur,

64 4428 130 4469 cum
144 4429 194 4469 vos
209 4413 319 4469 animas
334 4429 386 4486 per
400 4427 494 4469 escam
512 4414 541 4466 et
558 4416 671 4485 potum,
688 4411 724 4468 de
745 4413 914 4485 corporibus

67 4506 96 4558 et
110 4503 240 4559 sensibus
257 4502 379 4560 liberare
393 4499 564 4574 praedicetis.
587 4501 658 4557 Uolo
677 4500 723 4556 hic
739 4500 846 4557 diutius
860 4501 915 4557 im·

66 4591 188 4661 morari;
204 4597 233 4648 et
252 4590 355 4647 videtis
373 4594 500 4663 quantus
514 4589 552 4645 sit
567 4589 738 4646 invectionis
755 4590 844 4646 locus.
860 4590 915 4646 Sed

66 4679 136 4753 quia
147 4683 177 4736 et
194 4696 240 4736 res
254 4679 318 4735 talis
338 4683 391 4747 est,
411 4684 443 4735 ut
458 4693 521 4735 eam
535 4678 632 4750 potius
647 4678 815 4735 reformidet
828 4696 917 4753 quam

65 4767 221 4825 insectetur
230 4768 331 4837 oratio,
343 4772 371 4823 et
381 4767 564 4840 propesitum
574 4767 647 4824 illud
654 4783 812 4840 meumper
820 4770 916 4824 totum

66 4869 230 4911 sermonem
247 4856 435 4913 animadverti
448 4859 553 4928 potest,
571 4871 628 4929 quo
641 4855 727 4912 statui
741 4855 816 4912 nibil
829 4871 915 4928 erag-

66 4958 177 5016 gerare,
200 4944 249 5001 sed
270 4946 355 5002 nudis
373 4945 584 5019 quodammodo
605 4945 690 5001 rebus
710 4949 738 5002 et
757 4944 916 5001 rationibus

67 5048 163 5104 egere,
177 5036 356 5089 transeamus
370 5034 406 5089 ad
420 5033 511 5090 eliud.

186 5123 300 5180 CAPUT
311 5124 377 5180 lllll.
394 5154 429 5164 —
441 5124 564 5194 flagitio
574 5123 794 5181 ancirianam.

102 5214 146 5269 67.
160 5213 225 5271 lam
244 5211 324 5268 enim
345 5212 412 5268 sutis
432 5217 553 5285 apparet
566 5214 663 5287 qualia
675 5213 734 5269 sint
752 5212 808 5268 tria
821 5216 915 5269 vestra

66 5301 222 5374 signacula.
238 5302 273 5356 lli
284 5305 351 5358 sunt
361 5302 447 5358 vestri
457 5318 562 5371 mores,
572 5301 692 5357 hictinis
701 5301 914 5358 admirabilium

65 5395 288 5464 preceptorum,
308 5390 359 5447 ubi
373 5391 446 5447 nibil
460 5395 580 5462 certum,
598 5390 669 5447 nihil
684 5393 827 5455 constans,
843 5390 914 5446 nibil

66 5481 243 5551 rationabile,
265 5481 336 5537 nihil
357 5479 550 5553 inculpabile:
566 5482 615 5537 sed
630 5480 727 5537 omnia
739 5479 835 5547 dubia,
856 5478 915 5536 imo

778 212 886 271 LIBER
906 211 1100 271 SECUNDUS.

1750 216 1820 273 lert

967 352 1033 392 vcro
1052 335 1113 392 sine
1131 335 1309 393 dubitatione
1325 335 1486 403 falsissima,
1503 336 1599 392 omnia
1613 337 1816 410 repugnantia,

968 425 1183 493 abominaban,
1195 425 1327 481 absurda.
1339 424 1469 497 Denique
1479 429 1538 480 tam
1549 427 1638 481 multa
1648 430 1676 482 et
1685 431 1744 483 tam
1754 444 1817 500 gra·

967 513 1012 568 via
1025 519 1139 587 peccata
1148 512 1179 568 in
1194 513 1238 569 his
1252 514 1379 569 moribus
1393 514 1656 586 deprehenduntur,
1672 520 1704 571 ut
1718 516 1818 589 siquis

967 618 1098 658 accrrsare
1109 602 1178 659 velit
1187 602 1293 666 omnia,
1306 603 1393 659 homo
1407 602 1527 674 alicujus
1538 603 1691 673 facultatis,
1704 604 1817 676 singula

969 694 1000 747 ut
1014 692 1178 761 minimum,
1191 691 1312 765 singulis
1322 690 1517 747 voluminibus
1531 693 1630 764 possit.
1649 693 1714 748 llaec
1727 692 1817 765 igitur

968 779 992 836 si
1006 779 1196 850 custodiretis,
1216 785 1397 852 vestramque
1418 779 1578 852 impleretis
1597 781 1817 852 professionem,

968 868 1038 924 nihil
1054 869 1135 925 vobis
1147 874 1220 925 esset
1234 868 1375 941 ineptius,
1388 868 1459 924 nihil
1474 868 1600 936 stultius,
1616 869 1689 924 nibil
1702 869 1819 941 imperi·

968 958 1044 1014 tius:
1065 975 1129 1014 cum
1144 962 1242 1014 autem
1255 958 1376 1014 laudatis
1395 962 1423 1012 et
1442 957 1548 1012 docetis
1568 958 1632 1025 ista,
1648 973 1701 1013 nec
1714 957 1817 1016 fecitis.

969 1047 1038 1117 quid
1050 1047 1130 1103 vobis
1139 1047 1277 1114 fallacius,
1290 1047 1360 1119 quid
1374 1045 1549 1115 insidiosius,
1563 1046 1632 1118 quid
1649 1045 1820 1103 malitiosius

969 1135 1025 1192 dici
1039 1140 1088 1191 aut
1101 1136 1225 1192 inveniri
1243 1137 1361 1208 potest?

1004 1227 1048 1281 68.
1061 1226 1169 1281 Novem
1181 1241 1270 1280 annos
1283 1229 1357 1280 totos
1367 1240 1472 1295 magna
1486 1239 1554 1279 cura
1568 1228 1597 1279 et
1611 1223 1758 1295 diligentia
1767 1240 1818 1281 vos

969 1313 1066 1370 audivi
1078 1325 1101 1381 ⁸,
1127 1314 1223 1369 nullus
1246 1313 1318 1369 mihi
1335 1313 1493 1369 electorum
1511 1313 1690 1369 innotescere
1709 1312 1817 1384 potuit,

970 1402 1020 1475 qui
1032 1402 1191 1458 secundum
1204 1404 1265 1457 baec
1279 1405 1423 1474 praecepta
1436 1417 1495 1457 non
1511 1405 1561 1457 aut
1576 1402 1772 1472 deprehensus
1786 1401 1818 1457 in

969 1493 1096 1561 peccato,
1111 1493 1162 1545 aut
1176 1493 1253 1545 certo
1268 1488 1423 1561 suspicioni
1437 1489 1567 1545 subditus
1581 1489 1678 1545 fuerit.
1695 1488 1773 1544 llulti
1788 1488 1821 1545 iu

970 1578 1034 1634 vino
1045 1581 1074 1633 οῖ
1082 1578 1224 1643 carnibus,
1234 1577 1487 1634 multilavantesin
1497 1577 1607 1652 balneis
1615 1577 1725 1632 inventi
1737 1580 1818 1633 sunt.

969 1667 1024 1724 Sed
1050 1668 1112 1723 haec
1135 1666 1331 1723 audiebamus.
1354 1666 1491 1723 Nonnulli
1512 1667 1620 1723 alienus
1640 1665 1762 1722 feminas
1775 1682 1821 1721 se-

970 1755 1085 1810 duxisse
1100 1754 1251 1827 approbati
1264 1759 1340 1822 sunt,
1351 1755 1391 1809 ita
1401 1760 1434 1811 ut
1443 1755 1511 1810 binc
1524 1756 1610 1826 plane
1621 1755 1752 1810 dubitare
1762 1771 1821 1810 uon

969 1843 1086 1915 possim.
1101 1843 1155 1900 Sed
1169 1843 1206 1898 sit
1220 1848 1248 1899 et
1258 1844 1320 1898 boec
1334 1843 1427 1914 magis
1440 1843 1614 1915 famaquam
1627 1858 1738 1900 verum.
1755 1841 1820 1898 vidi

970 1931 1032 2003 ipse
1044 1947 1104 1987 uon
1116 1932 1203 1999 solus,
1218 1932 1268 1987 sed
1283 1947 1350 1988 cum
1362 1931 1397 1987 iis
1407 1931 1458 2004 qui
1469 1932 1575 2003 partim
1586 1931 1648 2003 jam
1663 1931 1714 1987 illa
1723 1947 1823 2003 super·

971 2019 1084 2077 stitione
1093 2019 1208 2076 liberati
1217 2021 1410 2092 sunt‚partim
1421 2020 1513 2076 adhuc
1524 2023 1592 2092 opto
1601 2025 1634 2076 ut
1644 2020 1820 2091 liberentur3

969 2109 1093 2164 vidimus
1104 2125 1173 2181 ergo
1184 2108 1215 2164 in
1225 2109 1373 2181 quadrivio
1389 2109 1578 2181 Carthaginis,
1593 2109 1624 2164 in
1639 2110 1735 2181 platea
1748 2110 1822 2166 cele-

969 2197 1105 2266 berrima,
1114 2213 1174 2253 non
1183 2208 1284 2265 nurum,
1292 2198 1341 2253 sed
1351 2196 1448 2269 plures
1459 2213 1546 2268 quam
1554 2202 1612 2253 tres
1620 2199 1725 2273 electos
1735 2197 1822 2254 sinam

969 2290 1034 2358 post
1053 2290 1233 2343 transeuntes
1246 2286 1343 2342 nescio
1365 2302 1437 2358 quas
1459 2285 1581 2341 feminas
1602 2292 1661 2342 tam
1679 2286 1822 2358 petulanti

969 2379 1052 2447 gestu
1066 2375 1229 2446 adhinnire,
1243 2379 1278 2431 ut
1291 2374 1423 2430 omnium
1437 2373 1596 2430 trivialium
1609 2374 1821 2447 impudicitiam

969 2463 1238 2536 impudentiamque
1258 2466 1436 2535 superarent.
1454 2461 1536 2528 Quod
1551 2462 1586 2518 dc
1601 2479 1706 2535 magna
1722 2464 1821 2521 venire

969 2553 1185 2621 consuetudine,
1202 2557 1288 2625 atque
1303 2552 1367 2608 illos
1380 2551 1457 2607 iuter
1471 2567 1501 2606 se
1515 2551 1556 2606 ita
1567 2550 1661 2606 vivere
1675 2550 1742 2606 satis
1756 2549 1824 2606 emi·

969 2642 1066 2710 nebat,
1079 2640 1313 2714 quandoquidem
1324 2641 1420 2696 nullus
1431 2639 1499 2694 socii
1509 2639 1694 2711 praesentiam
1705 2639 1821 2706 veritus,

969 2746 1079 2798 omnes,
1096 2733 1145 2785 aut
1159 2734 1235 2785 certe
1249 2744 1323 2801 pene
1338 2743 1437 2784 omncs
1450 2728 1551 2783 eedem
1565 2727 1657 2782 teucri
1678 2730 1756 2798 peste
1779 2727 1823 2782 in·

970 2819 1092 2875 dicabat.
1104 2819 1168 2873 Non
1181 2817 1258 2873 enim
1273 2820 1356 2872 erant
1370 2816 1401 2872 hi
1413 2832 1446 2870 er
1462 2815 1627 2879 unadomo,
1644 2816 1693 2870 sed
1709 2813 1821 2869 diverse

968 2924 1086 2979 prorsus
1100 2907 1270 2973 habitantes,
1283 2921 1318 2961 ex
1332 2921 1366 2960 eo
1376 2905 1437 2961 loco
1455 2903 1503 2959 ubi
1516 2908 1676 2959 conventus
1687 2901 1822 2959 omnium

969 2997 1059 3053 factus
1083 3000 1154 3064 erat,
1172 2995 1281 3068 pariter
1304 2994 1378 3050 forte
1401 2994 1619 3050 descenderant.
1647 2993 1703 3048 Nos
1723 2997 1822 3047 autem

969 3084 1095 3157 graviter
1108 3084 1254 3152 commoti,
1270 3083 1394 3156 graviter
1408 3082 1497 3138 etiam
1512 3081 1606 3155 questi
1621 3096 1730 3137 sumus.
1751 3081 1821 3146 Quis

970 3175 1086 3229 tandem
1099 3173 1155 3228 huc
1172 3172 1387 3236 vindicandum,
1404 3188 1463 3227 uon
1477 3172 1570 3226 dicam
1591 3169 1770 3243 separatione
1784 3171 1820 3227 ab

970 3261 1098 3329 ecclesia,
1114 3262 1163 3317 sed
1178 3278 1231 3334 pro
1250 3259 1451 3332 magnitudine
1464 3259 1569 3332 flagitii
1584 3257 1750 3315 vehementi
1765 3258 1820 3314 sal-

971 3355 1029 3408 tem
1043 3350 1241 3423 objurgatione
1255 3348 1410 3405 arbitratus
1422 3349 1491 3404 est?

1005 3443 1049 3496 69.
1061 3440 1095 3496 Εῖ
1107 3441 1169 3496 haec
1179 3444 1240 3495 erat
1255 3437 1348 3494 omnis
1358 3436 1501 3492 excusatio
1513 3435 1694 3508 impunitatis
1703 3435 1820 3491 illorum

971 3527 1050 3600 quod
1063 3544 1098 3583 eo
1117 3532 1249 3600 tempore
1267 3542 1326 3600 quo
1348 3524 1547 3581 conventicula
1564 3540 1665 3580 eorum
1689 3525 1752 3596 lege
1766 3540 1821 3597 pu-

970 3616 1044 3672 blica
1058 3616 1290 3689 prohiberentur,
1300 3631 1337 3670 ne
1348 3613 1419 3687 quid
1428 3613 1488 3669 laesi
1498 3613 1661 3685 proderent,
1674 3613 1823 3669 metueba-

969 3709 1025 3760 tur.
1040 3704 1093 3761 Ubi
1107 3709 1149 3761 esl
1162 3721 1230 3776 ergo
1243 3704 1323 3776 quod
1336 3707 1507 3775 perpetuam
1524 3702 1578 3757 sibi
1591 3701 1821 3773 persecutionem

971 3794 1001 3849 in
1013 3794 1067 3850 boc
1081 3793 1189 3849 mundo
1205 3793 1331 3848 futuram
1343 3791 1514 3863 praedicant,
1527 3806 1619 3862 eoque
1634 3806 1663 3845 εο
1677 3805 1822 3847 commen·

970 3882 1093 3938 datiores
1115 3881 1214 3938 haberi
1232 3881 1342 3949 volunt,
1359 3880 1428 3936 hinc
1449 3879 1670 3952 interpretantes
1684 3879 1760 3950 quod
1776 3879 1823 3935 bic

970 3971 1096 4028 muudus
1114 3986 1163 4027 eos
1177 3969 1368 4042 oderit(ioon.
1380 3984 1427 4036 xv,
1444 3968 1504 4038 l8l3
1525 3972 1553 4024 et
1563 3972 1715 4041 propterea
1733 3983 1822 4038 penes

971 4077 1001 4117 se
1016 4060 1202 4133 querendam
1217 4060 1367 4114 veritatem
1377 4058 1562 4120 affirmantes,
1575 4058 1643 4128 qnia
1656 4056 1686 4110 in
1700 4056 1823 4129 promis·

971 4148 1051 4203 sione
1070 4148 1192 4220 Spiritus
1212 4147 1302 4203 sancti
1323 4147 1460 4220 paracleti
1474 4145 1583 4200 dictum
1597 4150 1640 4199 est
1658 4144 1734 4217 quod
1755 4161 1822 4201 cum

971 4234 1096 4292 mundus
1110 4236 1164 4291 iste
1176 4236 1304 4309 accipere
1317 4252 1376 4291 non
1390 4235 1480 4307 possit
1494 4234 1548 4305 (ld.
1564 4233 1621 4303 xiv,
1639 4237 1691 4303 Π).
1709 4233 1749 4289 Ue
1764 4248 1822 4304 que
1854 4228 1858 4237 ’

971 4341 1002 4381 το
1016 4341 1074 4381 non
1087 4324 1140 4380 iste
1152 4325 1233 4381 locus
1248 4325 1408 4381 disserendi
1418 4328 1469 4380 οεῖ.
1484 4322 1540 4379 Sed
1554 4326 1631 4377 certo
1644 4321 1668 4376 si
1680 4325 1822 4394 perpetua

971 4412 1049 4470 vobis
1066 4413 1228 4485 persecutio
1249 4413 1344 4469 futuru
1360 4418 1411 4481 est,
1436 4427 1528 4483 usque
1550 4410 1582 4465 iu
1602 4409 1820 4478 seculi'finem,

971 4504 1111 4574 perpetua
1123 4501 1179 4557 erit
1190 4506 1220 4558 et
1234 4502 1297 4558 huc
1309 4499 1458 4558 dissolutio
1472 4502 1617 4571 tantaeque
1632 4496 1821 4570 turpitudinis

970 4588 1113 4661 impunita
1127 4590 1271 4662 contagio,
1287 4591 1355 4646 dum
1368 4588 1438 4644 tales
1454 4587 1558 4644 laedere
1572 4586 1744 4643 formidatis.

1005 4682 1050 4734 70.
1064 4679 1093 4734 ld
1108 4679 1195 4735 etiam
1208 4679 1292 4735 nobis
1305 4693 1477 4750 responsum
1488 4680 1541 4745 est,
1554 4692 1620 4731 cum
1631 4675 1667 4732 ad
1678 4675 1754 4749 ipsos
1762 4675 1823 4749 pri-

971 4771 1060 4823 mates
1073 4767 1275 4823 detulissemus
1289 4769 1476 4838 conquestam
1491 4763 1576 4820 nobis
1591 4779 1653 4819 csse
1670 4763 1822 4820 mulierem

971 4857 1049 4931 quod
1063 4857 1092 4913 iu
1110 4856 1246 4923 conclavi,
1262 4855 1313 4910 ubi
1327 4871 1393 4910 cum
1407 4853 1471 4909 aliis
1485 4852 1601 4909 feminis
1615 4856 1687 4921 erat,
1709 4853 1744 4909 de
1759 4852 1821 4907 illo·

970 4963 1036 5003 rum
1059 4946 1165 5002 scilicet
1181 4943 1328 5000 sanctitate
1343 4959 1452 5012 secura,
1468 4942 1607 5016 ingressis
1621 4941 1718 4998 electis
1734 4941 1825 5013 pluri-

970 5036 1034 5104 bus,
1046 5038 1075 5091 et
1084 5034 1119 5090 ab
1130 5035 1311 5091 unolucerna
1321 5032 1468 5101 exstincta,
1480 5032 1622 5089 incertum
1631 5031 1822 5102 cujuseorum

971 5125 1002 5180 in
1017 5123 1142 5180 tenebris
1152 5123 1280 5195 appetita
1294 5127 1368 5178 esset
1382 5123 1528 5194 amplexu,
1540 5126 1570 5177 et
1583 5124 1680 5176 coacta
1694 5119 1724 5174 in
1736 5117 1822 5190 flagi·

972 5213 1068 5281 tium„
1086 5212 1142 5267 nisi
1156 5211 1283 5266 subsidio
1297 5212 1429 5267 clamoris
1439 5211 1584 5268 evasisset.
1596 5207 1743 5264 llocnobis
1752 5223 1823 5279 quo·

973 5318 1029 5374 que
1046 5298 1229 5355 notissimum
1238 5298 1325 5366 nefas,
1333 5300 1486 5372 dequanta
1496 5294 1701 5354 consuetudine
1711 5295 1822 5352 venisse

1002 5424 1038 5486 (c)
1048 5421 1165 5472 confess.
1177 5420 1221 5471 lib.
1237 5423 1260 5483 l,
1271 5434 1328 5535 cap.
1344 5425 1373 5485 l,
1389 5426 1416 5473 et
1429 5435 1518 5486 supra,
1528 5419 1561 5470 de
1573 5417 1689 5469 Moribus
1698 5417 1821 5473 Ecclesia

973 5485 1283 5549 catholica.cap.18,n.
1316 5487 1337 5535 l.
