3884 6112
126 228 177 279 855

127 343 232 415 quibus
245 342 292 396 ille
308 341 547 413 pmdentissimus
562 356 659 396 servus
672 344 739 396 tuus
748 355 806 393 non
824 336 919 408 potuit
932 335 975 389 lo·

127 433 177 504 qni
204 431 286 503 quasi
308 431 514 503 spiritualibus,
531 431 579 485 sed
602 429 684 500 quasi
702 427 863 482 carnalibus
879 427 902 489 tl
915 426 975 481 Cor.

129 538 168 585 ιιι,
179 522 214 591 l),
227 521 275 574 ille
286 520 335 590 qui
348 518 653 591 sapientiamtoqnitur
664 517 739 570 inter
747 515 886 587 perlectos
897 512 977 583 (ibid.

130 627 160 676 11,
176 611 211 679 6).
230 607 371 663 animalis
393 612 489 662 autem
514 608 602 661 homo
631 609 768 675 tanquam
790 603 925 680 parvulus
948 600 978 654 in

131 697 242 751 Christo
259 695 397 767 lactisque
407 695 632 766 potator,donec
648 694 799 748 roboretur
814 690 979 745 adsolidum

131 787 238 851 cibum,
255 789 282 839 et
296 784 386 839 aciem
401 785 496 839 tirmet
509 784 545 837 ad
561 783 628 837 solis
642 786 798 854 aspectum,
811 796 868 834 non
878 779 981 833 habeat

131 875 272 930 desertam
287 878 401 928 noctem
427 889 519 938 suam,
540 872 590 927 sed
605 873 668 926 luce
682 872 758 925 lunae
775 870 980 938 stellarumque

131 967 281 1017 contentus
298 962 342 1016 sit.
361 963 425 1016 llaec
450 960 599 1015 nobiscum
615 959 753 1031 disputas,
773 956 982 1029 sapientissime

134 1053 208 1106 Deus
223 1034 330 1116 noster,
346 1050 378 1103 in
394 1050 477 1105 Libro
491 1054 540 1103 tuo
555 1049 738 1102 firmamento
749 1053 816 1113 tuo;
833 1050 865 1100 ιιι
878 1045 982 1099 discer-

134 1155 238 1193 namus
253 1137 351 1192 omnia
366 1136 607 1207 contemplatione
621 1133 756 1203 mirabili,
781 1132 910 1205 quamvis
933 1132 983 1186 ad-

133 1226 190 1281 huc
204 1229 233 1280 iu
259 1228 357 1294 siquis,
382 1231 408 1280 et
430 1228 461 1278 ia
481 1225 655 1293 temporibus,
678 1228 703 1276 et
727 1224 755 1277 ia
784 1221 887 1286 diebus,
916 1224 941 1273 et
955 1221 984 1273 ia

136 1318 227 1371 ιιιιιιι.

457 1417 569 1472 CAPUT
585 1415 655 1470 xlx.

175 1528 285 1582 Practat
300 1523 421 1578 eumdem
434 1524 605 1586 uersiculum,
622 1519 704 1574 Fiant
722 1517 884 1583 luminaria,
900 1523 949 1571 etc.

173 1634 218 1687 ⁶24.
236 1630 289 1686 Sed
305 1629 385 1700 prius
399 1627 541 1694 lavamini,
559 1626 659 1680 mundi
675 1629 783 1691 estote;
801 1624 910 1678 auferte
935 1638 984 1676 ne·

140 1720 261 1791 quitiam
275 1717 309 1772 ab
324 1715 427 1770 animis
452 1714 561 1778 vestris,
583 1721 698 1785 atquea
721 1717 874 1782 conspectu
893 1711 988 1765 oculo-

138 1825 205 1862 rum
221 1822 362 1869 mearum,
379 1809 411 1858 ιιι
425 1810 559 1873 appareat
582 1804 672 1858 arida
692 1801 794 1857 Discite
819 1802 928 1856 bouum
947 1800 986 1853 iu·

137 1914 213 1960 core,
226 1895 352 1966 judicate
367 1893 487 1964 pupillo,
503 1897 531 1946 et
541 1892 696 1963 justificate
718 1890 832 1945 viduam
845 1907 852 1956 ;
878 1893 910 1944 ιιι
928 1905 988 1958 per·

138 1989 222 2040 minet
246 1988 318 2037 terro
339 1982 448 2037 barbam
464 1981 562 2051 pabuli
576 1985 601 2034 et
627 1982 731 2048 tiquam
753 1980 943 2047 fructiferum
962 1982 990 2032 et

139 2073 244 2141 venite,
260 2071 450 2140 disputemus,
468 2069 536 2123 dicit
551 2069 698 2134 Dominus,
715 2072 748 2122 ut
758 2070 828 2137 floret
842 2069 991 2121 luminaria

140 2165 170 2215 in
184 2161 353 2231 firmamenta
368 2158 436 2223 cati,
451 2162 476 2211 et
493 2158 598 2211 taceant
613 2172 693 2226 super
711 2160 821 2210 terram.
840 2154 991 2219 Quaerebat

138 2249 215 2303 dives
229 2247 277 2302 itte
291 2263 306 2300 a
321 2245 457 2316 magistro
470 2246 554 2310 bono,
570 2244 638 2315 quid
650 2244 795 2298 laceretut
808 2243 895 2296 vitam
910 2247 990 2296 ater·

142 2353 209 2391 nam
224 2339 465 2405 consequeretur:
487 2333 561 2387 dicat
576 2333 603 2386 ci
628 2331 765 2402 magister
783 2332 885 2397 bonus,
904 2346 990 2402 quem

142 2420 261 2493 putabat
274 2418 431 2483 hominem,
448 2422 476 2470 ει
491 2416 562 2470 nihil
577 2417 700 2486 amplius
711 2432 717 2482 ;
729 2418 821 2470 bonus
835 2419 989 2482 estantem,

144 2510 213 2581 quia
238 2510 312 2563 [leus
336 2511 394 2561 est:
423 2504 497 2559 dicat
520 2505 557 2571 ei,
582 2510 613 2559 ut
636 2506 695 2558 vult
718 2504 814 2558 venire
829 2504 865 2558 ad
893 2503 990 2570 vitam,

144 2601 236 2652 servet
250 2595 402 2660 mandata,
422 2599 534 2664 separet
549 2611 566 2647 a
580 2609 608 2646 se
634 2591 853 2647 amaritudinem
875 2591 992 2645 malitiae

144 2690 230 2756 atque
244 2683 400 2754 nequitiae;
417 2697 476 2736 non
488 2681 606 2748 occidat,
623 2696 682 2735 non
698 2681 862 2747 moechetur,
879 2696 937 2734 non
951 2680 993 2734 ιιι-

145 2779 234 2840 retur,
252 2787 309 2826 non
321 2771 423 2826 falsum
439 2768 635 2825 testimonium
646 2769 721 2823 dicat
731 2810 738 2833 ,
750 2773 782 2822 ut
795 2773 927 2837 appareat
936 2769 992 2822 cri·

145 2865 192 2931 da,
204 2862 368 2927 etpermiact
377 2858 648 2929 honorempatriset
658 2856 768 2923 matris,
777 2855 993 2911 etditectionem

146 2949 279 3023 proximi.
296 2947 370 3014 Feci,
386 2947 489 3018 inquit,
506 2946 567 3000 haec
589 2945 694 2999 omnia.
714 2945 792 3000 Unda
812 2960 879 3015 ergo
907 2948 993 2999 tantas

147 3039 248 3108 spinae,
264 3036 288 3090 si
302 3041 378 3089 terra
392 3034 539 3088 fructifera
557 3036 622 3088 est?
641 3032 725 3100 Vade,
750 3033 873 3103 exstirpa
892 3032 994 3087 silvosa

146 3127 262 3180 dumeta
277 3123 402 3177 avaritiae
414 3138 421 3188 ;
433 3122 524 3175 vende
534 3137 598 3192 quae
610 3120 749 3191 possides,
762 3125 790 3174 et
803 3119 922 3190 implere
938 3120 995 3174 tru-

148 3213 230 3283 gibus
245 3210 339 3265 dando
361 3209 547 3279 pauperibus,
577 3213 606 3262 et
625 3207 743 3262 habebis
769 3208 937 3261 thesaurum
964 3213 995 3262 in

148 3299 237 3367 caetis,
253 3303 281 3353 et
295 3312 415 3368 sequere
437 3296 590 3350 Dominum
606 3297 629 3350 si
644 3295 684 3349 vis
700 3311 759 3349 esse
785 3294 936 3367 perlectus,
954 3293 995 3349 cis

147 3387 271 3441 sociatus
286 3386 361 3439 inter
376 3401 447 3457 quos
461 3384 588 3457 loquitur
604 3383 773 3454 sapientiam
792 3382 839 3436 illa
854 3382 904 3453 qui
919 3382 996 3437 novit

147 3474 217 3548 quid
233 3474 382 3529 distribuat
397 3472 453 3528 diei
472 3479 500 3527 et
515 3473 601 3539 nocti,
621 3477 652 3526 at
664 3471 742 3525 noris
755 3477 784 3525 ct
806 3474 847 3538 tu,
869 3475 901 3525 ut
926 3471 996 3525 liant

148 3569 177 3620 et
191 3564 243 3618 tibi
256 3562 409 3617 luminaria
425 3563 455 3616 in
470 3563 652 3616 firmamento
669 3561 750 3627 cmli3
766 3560 844 3631 quod
864 3575 922 3614 non
935 3560 994 3626 liet,

148 3653 203 3707 nisi
222 3652 309 3707 fuerit
328 3652 387 3705 illic
401 3666 450 3704 cor
465 3656 568 3717 tuum;
585 3651 660 3721 quod
681 3651 750 3704 item
772 3665 831 3702 non
857 3648 916 3714 tiet,
941 3646 996 3701 nisi

149 3741 236 3797 luerit
251 3741 308 3794 illic
322 3741 473 3794 thesaurus
489 3745 564 3805 tuus,
590 3740 663 3792 sicut
691 3737 796 3792 audisti
818 3752 834 3789 a
858 3735 995 3806 magistro

148 3830 224 3884 bono
237 3829 348 3897 (hatra.
360 3845 396 3893 vv,
413 3829 467 3897 tl).
484 3828 538 3882 Sed
557 3827 722 3880 contristata
736 3830 778 3877 est
792 3829 868 3878 terra
882 3823 994 3891 sterilis,

149 3922 177 3971 et
192 3916 281 3987 spinae
301 3915 621 3970 otioeaveruntverbum
638 3914 691 3982 (ld.
706 3928 760 3977 ιιι,
778 3912 876 3979 teas).

185 4007 230 4058 25.
247 4005 300 4057 Vas
318 4008 413 4058 autem
423 4019 514 4074 genus
530 4004 662 4069 electum,
684 4000 799 4054 intirma
819 3999 930 4064 mundi,
947 4000 997 4071 qui

149 4092 297 4147 dimisistis
312 4092 409 4147 omnia
432 4096 462 4146 ut
476 4087 668 4161 sequeremini
686 4088 857 4148 Dominum:
881 4087 918 4141 ite
933 4092 997 4158 post

151 4197 228 4250 oum,
244 4185 272 4234 et
287 4179 453 4235 confundite
469 4178 571 4232 tortia:
585 4175 623 4230 ite
637 4181 703 4246 post
717 4192 794 4244 eum,
813 4175 933 4247 speciosi
948 4193 997 4248 pe·

151 4269 211 4337 des,
226 4273 255 4322 et
280 4269 371 4322 lucete
394 4268 423 4322 in
447 4266 629 4321 firmamento
645 4263 667 4335 (l
681 4266 752 4320 Patr.
769 4282 798 4332 ιι,
816 4266 862 4335 9);
880 4270 912 4321 ιιι
934 4266 997 4320 ειειι

150 4362 285 4412 enarrent
300 4356 421 4427 gloriam
441 4355 510 4424 ejus,
526 4353 684 4408 dividentes
699 4353 774 4407 inter
794 4355 888 4408 lucem
903 4354 968 4425 perf
984 4384 996 4394 -

150 4450 262 4500 aterum
273 4446 322 4499 sed
337 4445 464 4499 nondum
475 4442 548 4496 sicat
561 4442 747 4511 Angelorum,
758 4447 787 4496 ει
795 4443 996 4513 tenebraspar-

150 4533 284 4588 valorum
299 4532 348 4586 sed
364 4547 422 4585 non
437 4531 635 4600 despectorum
646 4531 655 4565 ¹
667 4545 673 4583 ε
686 4529 868 4600 lucetesuper
882 4546 997 4585 omnem

149 4624 273 4686 terram;
290 4625 317 4674 et
332 4619 393 4673 dies
407 4619 465 4672 sole
476 4618 600 4671 candens
614 4621 723 4671 eructet
742 4617 800 4672 diei
821 4619 938 4673 verbum
954 4636 998 4673 sa·

151 4708 276 4779 pientia,
294 4712 322 4761 et
335 4723 390 4761 nox
404 4707 474 4761 luna
489 4706 585 4760 lucens
604 4705 754 4760 annuntiet
777 4707 855 4761 nocti
879 4709 997 4763 verbum

152 4796 277 4851 scientiae
290 4798 372 4864 (Psat.
389 4813 466 4861 ιιιιιι,
482 4795 520 4867 ⁶2).
540 4797 618 4849 Luna
633 4800 660 4849 et
681 4795 769 4850 stellae
784 4796 860 4850 nocti
883 4798 996 4864 lucent3

151 4884 200 4939 sed
214 4901 271 4938 nox
286 4900 343 4937 non
359 4884 491 4938 obscurat
513 4900 570 4949 eas,
592 4883 729 4955 quoniam
750 4883 819 4953 ipsa¹
835 4884 999 4940 illuminant

152 4989 215 5028 cam
231 4972 413 5045 promodulo
429 4973 501 5043 ejus.
519 4973 585 5026 Ecce
610 4971 688 5035 enim
711 4976 847 5043 tanquam
872 4974 928 5027 Deo
954 4973 997 5028 di-

150 5066 241 5128 cente,
258 5065 339 5118 Fiant
351 5062 499 5115 terminaria
523 5063 552 5115 ta
569 5060 739 5132 firmamenta
758 5062 827 5129 coeti,
850 5061 938 5115 lactus
957 5067 999 5117 est

151 5152 243 5208 subito
257 5151 291 5205 de
304 5150 373 5204 coela
389 5166 485 5215 sonus,
502 5149 582 5220 quasi
601 5150 725 5203 terretur
735 5149 819 5203 ssatus
833 5150 997 5213 vehemens,

152 5245 179 5296 et
194 5240 261 5295 viem
276 5245 343 5293 sunt
354 5238 461 5309 linguae
471 5236 568 5291 divisae
592 5237 674 5308 quasi
687 5237 773 5308 ignis,
790 5237 838 5308 qui
853 5240 880 5292 et
893 5237 999 5293 insedit

150 5345 236 5401 super
251 5342 487 5399 vineamquemque
506 5326 621 5380 illorum
637 5326 706 5398 (Act.
728 5343 757 5391 ιι,
771 5326 799 5394 2,
816 5326 861 5395 3);
884 5331 912 5381 et
925 5326 999 5381 lacta

184 5473 191 5505 ¹
207 5472 264 5521 Am.
274 5470 316 5519 Er.
333 5473 359 5521 et
377 5481 472 5519 novem
488 5468 561 5527 bles,
576 5465 789 5529 desperatorum.

719 217 991 276 tluarussrouuu
1015 217 1042 274 S.
1074 216 1276 275 AUGUSTlNl.

1835 210 1936 274 856¹

1033 343 1101 393 sunt
1115 337 1269 394 luminaria
1280 337 1499 394 intirmamento
1513 338 1579 394 coeli
1589 339 1708 409 (Ilattia.
1720 354 1747 408 ι,
1762 341 1821 412 tt),
1831 357 1887 398 rer-

1032 427 1101 482 bum
1115 427 1181 482 vitae
1196 426 1339 483 habentia
1372 427 1482 499 Ubique
1508 427 1673 495 discurrite,
1690 427 1779 501 ignes
1793 432 1888 493 sancb,

1033 514 1114 582 ignes
1129 516 1236 572 decori.
1252 517 1307 571 Vos
1321 516 1481 572 animastis
1495 516 1597 572 lumen
1616 516 1735 584 mnndi,
1752 531 1810 571 nec
1831 518 1889 572 estis

1034 605 1086 659 sub
1102 604 1210 659 modio.
1227 604 1371 661 Excitatus
1390 608 1434 660 est
1456 604 1502 659 cui
1522 603 1698 671 adhaesistis,
1713 608 1745 659 et
1761 604 1890 660 exaltari

1034 709 1091 748 vos.
1108 693 1271 762 Discurrite,
1292 698 1320 748 et
1332 694 1501 749 innotescite
1516 692 1656 749 omnibns
1670 693 1826 765 gentihus.

1038 896 1197 952 Producant
1220 913 1314 970 aquae,
1328 810 1580 968 ειιῗΑέειιΙιΤιξὲθ.
1601 899 1668 966 Qasr
1690 898 1823 969 reptatio,
1839 916 1892 967 qua

1395 989 1528 1042 volatitia.

1073 1094 1117 1147 26.
1132 1092 1280 1165 Concipiet
1298 1097 1327 1148 et
1340 1109 1429 1162 mare,
1452 1098 1481 1149 et
1498 1092 1592 1165 pariat
1616 1108 1710 1164 opera
1734 1097 1843 1160 vestra,
1868 1104 1892 1146 ει

1036 1182 1189 1252 producant
1203 1198 1281 1252 aque
1295 1184 1407 1254 reptilia
1424 1184 1578 1238 animorum
1591 1185 1735 1237 virenon.
1756 1181 1890 1254 Separan-

1038 1275 1080 1325 tes
1095 1268 1173 1325 enim
1188 1270 1344 1341 pretiosum
1358 1270 1443 1339 aviti,
1458 1270 1525 1326 iacti
1538 1270 1604 1326 estis
1619 1287 1654 1325 os
1670 1269 1737 1339 uei,
1753 1286 1810 1341 per
1828 1286 1898 1343 quos

1040 1358 1165 1414 diceret:
1180 1359 1334 1414 Producant
1359 1376 1447 1430 aqua,
1467 1375 1526 1414 non
1544 1359 1675 1414 animam
1689 1360 1795 1413 vivam
1814 1374 1890 1430 quam

1041 1450 1116 1500 tarra
1130 1446 1272 1517 producit,
1291 1448 1340 1502 sed
1353 1450 1465 1518 reptilia
1476 1450 1633 1503 animarum
1645 1451 1793 1516 utrarum,
1809 1452 1835 1501 et
1855 1463 1891 1500 ro-

1041 1536 1132 1590 tatitia
1146 1537 1267 1591 notantia
1280 1551 1361 1605 saper
1384 1541 1494 1592 terram.
1511 1537 1677 1607 Repserunt
1691 1535 1781 1590 enim
1804 1535 1892 1591 Sacra·

1042 1626 1212 1693 mentetua,
1228 1624 1312 1689 Dens,
1327 1639 1380 1695 per
1393 1640 1480 1695 opera
1490 1629 1659 1679 sanctorum
1679 1629 1809 1679 tuorum
1828 1623 1893 1678 inter

1042 1712 1152 1767 medios
1178 1713 1280 1767 linctus
1302 1713 1492 1768 tentationum
1519 1712 1627 1781 saecuti,
1657 1713 1696 1769 ad
1728 1713 1892 1770 imbuendas

1043 1805 1142 1871 gentes
1157 1799 1273 1873 nomine
1297 1804 1358 1869 tuo,
1387 1800 1417 1855 in
1442 1801 1584 1873 baptismo
1599 1805 1663 1856 tna.
1684 1802 1723 1857 Et
1753 1801 1891 1856 interhaa

1043 1888 1115 1943 facta
1130 1891 1196 1943 sunt
1209 1888 1353 1960 magnalia
1374 1888 1517 1944 mirabilia
1531 1894 1673 1961 tanquam
1693 1889 1757 1945 ceti
1771 1890 1890 1961 grandes,

1044 1982 1073 2031 et
1088 1992 1169 2041 voces
1196 1977 1364 2031 nuntiorum
1379 1981 1494 2031 tuorum
1516 1976 1670 2031 volitantes
1684 1992 1781 2048 super
1800 1983 1891 2032 terram

1040 2065 1122 2138 juxta
1141 2065 1355 2121 firmamentum
1378 2064 1456 2121 Libri
1472 2065 1524 2133 tui,
1548 2066 1713 2137 praeposita
1731 2066 1785 2121 illo
1801 2065 1851 2121 sibi
1863 2065 1891 2120 ad

1045 2154 1252 2218 auctoritatem,
1277 2154 1329 2209 sub
1355 2169 1412 2225 qno
1433 2154 1584 2209 volitarent
1609 2169 1804 2226 quocumque
1819 2155 1890 2209 irent

1045 2243 1142 2314 Neque
1162 2242 1238 2297 enim
1261 2247 1328 2298 suut
1341 2242 1463 2315 loquelas
1478 2259 1572 2315 neque
1592 2259 1766 2310 sermones,
1783 2258 1892 2316 qnorum

1046 2348 1104 2386 non
1118 2330 1273 2386 audiantur
1286 2348 1368 2387 voces
1382 2348 1493 2399 eorum,
1516 2333 1635 2403 quando
1655 2331 1689 2387 in
1706 2348 1827 2388 omnem
1846 2337 1892 2387 te·

1047 2437 1108 2475 rem
1122 2421 1191 2475 exiit
1204 2437 1292 2475 sonus
1306 2437 1416 2488 eorum,
1432 2426 1461 2476 et
1476 2421 1507 2476 in
1521 2422 1592 2476 lines
1620 2421 1703 2476 orbis
1719 2426 1808 2477 terrae
1821 2421 1893 2475 verba

1047 2525 1146 2564 eorum
1171 2510 1253 2580 (Psat.
1275 2527 1352 2578 rvur,
1367 2512 1394 2578 t,
1411 2513 1447 2577 53
1474 2510 1614 2582 qnoniam
1629 2513 1673 2578 tu,
1703 2510 1840 2580 Domine,
1852 2509 1894 2564 be

1047 2597 1204 2653 nedicendo
1215 2597 1411 2669 multiplicasti
1425 2599 1496 2654 hec.

1083 2690 1127 2741 ιι.
1149 2686 1295 2757 Numquid
1307 2686 1442 2754 mentior,
1459 2691 1508 2741 aut
1522 2686 1662 2742 mixtione
1678 2685 1803 2752 misceo,
1815 2701 1894 2758 neque

1048 2774 1192 2846 distinguo
1207 2773 1314 2828 lucidas
1328 2774 1508 2844 cognitiones
1522 2775 1628 2830 haram
1642 2790 1749 2829 rerum
1763 2774 1796 2830 in
1809 2773 1893 2829 firma-

1049 2867 1146 2916 mento
1161 2861 1234 2929 caeti,
1258 2865 1286 2915 et
1299 2877 1387 2933 opera
1400 2862 1560 2934 corporalia
1587 2862 1620 2917 iu
1641 2862 1764 2917 undoso
1778 2860 1858 2928 mari,
1871 2865 1894 2914 et

1049 2952 1101 3005 sub
1116 2951 1297 3006 firmamento
1312 2951 1396 3006 caeti?
1416 2951 1542 3016 Quarum
1569 2949 1649 3006 enim
1675 2966 1782 3006 rerum
1797 2948 1894 3005 notitia

1050 3042 1116 3092 sunt
1130 3039 1239 3106 solidae,
1263 3044 1292 3094 et
1309 3039 1469 3094 terminate
1492 3038 1552 3093 sine
1567 3037 1762 3095 incrementis
1788 3053 1895 3110 genera·

1049 3127 1172 3192 tionum,
1210 3130 1347 3198 tanquam
1381 3125 1492 3181 lumina
1527 3125 1679 3198 sapientiae
1710 3131 1742 3182 et
1768 3127 1895 3190 seieube,

1050 3216 1218 3272 earumdem
1242 3231 1340 3271 rerum
1359 3221 1426 3270 sunt
1440 3215 1623 3286 operationes
1644 3218 1816 3289 corporate·
1830 3214 1896 3270 mut·

1052 3311 1086 3359 tur
1102 3321 1135 3359 ac
1148 3306 1252 3372 varim;
1267 3310 1296 3359 ει
1309 3303 1388 3359 aliud
1400 3321 1433 3359 ex
1447 3304 1504 3360 alio
1519 3303 1674 3359 crescendo
1694 3305 1898 3377 multiplicabo

1050 3393 1080 3447 in
1093 3393 1290 3449 benedictione
1306 3398 1364 3460 tua,
1382 3396 1467 3463 Deus,
1483 3393 1533 3466 qui
1555 3392 1725 3449 consolatus
1740 3409 1772 3449 es
1794 3389 1898 3449 fastidia

1050 3498 1186 3537 sensuum
1209 3482 1385 3551 mortalium,
1401 3485 1432 3536 ut
1445 3482 1476 3536 in
1491 3481 1654 3552 cognitione
1677 3481 1773 3539 animi
1792 3498 1838 3536 res
1849 3495 1897 3534 uua

1050 3570 1148 3625 multis
1163 3570 1255 3626 modis
1269 3586 1321 3641 per
1344 3570 1470 3642 corporis
1489 3570 1631 3625 motiones
1654 3568 1806 3642 figuretur
1823 3575 1896 3640 atque

1051 3659 1171 3714 dicatur.
1195 3661 1284 3730 Aquae
1299 3660 1496 3729 produxerunt
1517 3659 1597 3725 haec,
1624 3659 1727 3715 sedin
1745 3660 1835 3715 verbu
1847 3661 1896 3711 tua.

1052 3746 1237 3803 Necessitates
1265 3746 1454 3802 alienatorum
1472 3747 1508 3802 ab
1524 3746 1688 3802 eternitate
1707 3747 1840 3803 veritatis
1851 3751 1898 3800 tua

1051 3836 1225 3908 populorum
1243 3835 1533 3907 produxerunthae03
1553 3834 1651 3890 sedin
1674 3836 1835 3908 Evangelio
1847 3840 1898 3899 tuo,

1052 3925 1190 3996 quoniam
1201 3925 1272 3996 ipsse
1288 3941 1371 3998 aquea
1388 3925 1443 3980 ista
1456 3925 1618 3996 ejecerunt,
1645 3939 1777 3996 quarum
1797 3938 1900 3979 amarus

1052 4013 1172 4084 languor
1185 4014 1240 4068 tait
1254 4030 1349 4082 causa,
1362 4018 1395 4069 ut
1408 4014 1438 4068 in
1451 4017 1501 4069 tuo
1522 4013 1610 4068 verbo
1625 4012 1682 4067 ista
1706 4013 1899 4086 procederent

1087 4106 1131 4158 ιδ.
1148 4105 1181 4158 Ει
1194 4104 1315 4174 pulchra
1341 4106 1407 4158 sunt
1434 4102 1531 4158 omnia
1551 4102 1674 4157 faciente
1690 4107 1732 4174 te,
1756 4106 1788 4159 et
1801 4117 1862 4158 ecoe
1873 4106 1900 4155 tu

1053 4191 1282 4248 inenarrabiliter
1295 4192 1441 4262 pulchrior
1462 4191 1513 4263 qni
1531 4189 1623 4246 iecisti
1638 4191 1741 4246 omnia
1759 4187 1900 4264 :aquosi

1053 4296 1110 4335 non
1129 4284 1203 4336 esset
1226 4282 1321 4353 lapsus
1341 4280 1442 4347 Adam,
1459 4297 1519 4335 non
1537 4278 1755 4336 diffunderetur
1776 4297 1814 4336 ex
1827 4284 1899 4335 utera

1053 4371 1114 4442 ejus
1129 4370 1241 4441 salsugo
1257 4369 1353 4436 maris,
1371 4385 1462 4440 genus
1478 4370 1638 4424 humanum
1653 4369 1804 4440 profunde
1817 4367 1900 4424 curio

1053 4475 1127 4526 sum,
1142 4464 1170 4512 et
1183 4459 1341 4530 procellose
1361 4457 1516 4521 tumidum,
1532 4461 1561 4513 et
1572 4456 1750 4513 instabiliter
1766 4457 1901 4520 amdam

1054 4552 1138 4618 atque
1154 4547 1193 4601 ita
1207 4563 1266 4601 non
1281 4564 1354 4618 opus
1367 4551 1442 4601 esset
1460 4551 1492 4601 ut
1506 4546 1536 4600 iu
1550 4545 1633 4617 aquis
1647 4547 1754 4602 multis
1779 4561 1903 4619 corpora

1053 4634 1119 4688 liter
1137 4639 1165 4689 et
1176 4635 1348 4689 sensibiliter
1361 4639 1548 4706 operarentur
1559 4633 1780 4705 dispensatores
1794 4635 1839 4692 tui
1849 4649 1902 4704 my·

1053 4721 1123 4777 stica
1136 4723 1209 4777 lacta
1221 4729 1249 4777 et
1274 4723 1357 4778 dicta.
1374 4722 1419 4777 Sic
1439 4721 1515 4777 enim
1538 4738 1615 4777 nunc
1628 4723 1705 4779 mihi
1720 4729 1902 4781 occurrerunt

1053 4813 1167 4885 reptilia
1182 4817 1210 4866 et
1221 4811 1326 4867 votatia
1340 4852 1347 4879 ,
1364 4812 1467 4884 quibus
1480 4810 1594 4880 imbuti,
1611 4816 1640 4866 et
1651 4811 1764 4870 initiati
1778 4814 1901 4872 homines

1054 4902 1250 4973 corporalibus
1273 4900 1587 4966 sacramentis-subditi,
1612 4917 1673 4957 nou
1694 4902 1776 4959 ultra
1788 4903 1899 4976 prolice-

1053 4998 1125 5058 ront,
1144 4991 1199 5046 nisi
1224 4989 1411 5061 spiritualiter
1432 4989 1585 5044 vivesceret
1609 4989 1710 5045 anima
1733 4992 1829 5063 gradu
1841 4990 1899 5053 atio,

1054 5088 1081 5137 et
1101 5086 1166 5153 post
1179 5080 1253 5135 initii
1266 5079 1384 5135 verbum
1401 5078 1430 5133 in
1445 5078 1728 5137 consummationem
1743 5081 1897 5154 respiceret.

1384 5187 1496 5241 CAPUT
1509 5186 1575 5241 aar.

1090 5276 1232 5331 Producat
1246 5280 1322 5330 terra
1337 5275 1462 5330 animam
1476 5273 1581 5340 rivam,
1605 5279 1668 5342 etc..
1690 5277 1758 5334 Gen.
1787 5281 1811 5343 t,
1827 5280 1866 5331 st.

1089 5368 1136 5420 ιι).
1154 5369 1193 5419 lte
1207 5381 1258 5435 per
1281 5366 1333 5418 hoc
1348 5364 1379 5419 in
1397 5364 1483 5420 verbo
1510 5368 1559 5418 tua
1577 5369 1638 5418 nan
1651 5365 1744 5421 maris
1759 5363 1895 5438 profundi·

1055 5457 1108 5520 tas,
1134 5454 1182 5507 sed
1208 5469 1345 5525 aquarum
1375 5451 1566 5508 amaritudine
1592 5455 1672 5508 terra
1700 5454 1823 5512 discreta
1850 5453 1893 5524 eje
