3884 6112
140 258 188 311 531

139 377 304 449 apostolicae
320 375 427 449 judicia
440 375 560 431 miseros
575 375 702 447 adigeret
718 391 724 430 :
739 374 779 429 ita
789 377 820 429 ut
833 373 930 429 infelix
942 373 992 429 ille

140 465 274 539 papulus,
290 465 366 520 iutra
381 465 534 521 Ecclesiam
548 464 728 532 catholicam,
744 463 780 518 ab
795 462 929 536 episcopo
944 480 992 518 ca·

142 555 248 611 tholico
265 554 379 610 timeret
398 553 543 610 acerbiora
566 553 611 621 iis,
624 569 688 625 quea
703 553 733 607 in
752 551 934 608 schismatea
950 553 993 608 le-

145 660 215 718 gum
228 642 412 716 imperatoris
427 641 559 697 catholici
572 640 738 697 auctoritate
748 639 892 696 timuerat.

178 735 204 789 4.
225 733 341 789 Sublata
356 731 472 786 interim
488 731 598 785 erebus
612 729 747 785 humanis
760 729 915 798 Baniiacio,
932 731 993 786 Cae·

143 821 238 878 lestini
252 822 283 876 in
293 821 355 892 ejus
365 821 457 875 locum
472 818 582 874 sulleeli
596 835 681 889 opem
696 819 874 874 Fussalenses
890 819 993 891 implo-

143 926 251 977 ravere,
267 909 351 964 illum
369 924 422 979 per
441 907 546 963 Christi
566 907 790 963 misericordiam
809 908 995 979 obtestantes,

142 1003 173 1053 nl
189 1015 218 1053 se
233 1014 265 1054 er
279 997 320 1053 eis
328 997 411 1053 unalis
420 997 554 1068 eriperet,
569 1013 634 1068 quse
646 996 699 1052 sihi
712 996 862 1066 interebat,
874 1002 925 1053 ent
935 997 996 1053 illa·

142 1091 239 1143 turum
254 1086 440 1142 minitabatur
454 1084 595 1142 Antonius
609 1088 709 1156 (Epist.
727 1088 798 1147 209).
820 1085 894 1150 Quin
909 1084 995 1140 etiem

141 1177 177 1233 de
188 1175 358 1248 Augustino,
375 1193 391 1229 a
406 1191 463 1247 qao
479 1174 619 1245 ejusmodi
635 1175 802 1246 episcopum
817 1179 996 1245 acceperant,

143 1266 339 1338 querebantur
353 1281 359 1318 :
372 1263 448 1335 quod
461 1264 528 1336 jure
541 1263 576 1318 ab
590 1263 630 1317 eis
645 1264 749 1318 lactum
766 1279 837 1331 esse,
849 1262 997 1318 humililer

143 1371 176 1409 aa
191 1353 319 1409 modeste
335 1353 463 1423 agnoscit
482 1356 595 1406 sanctus
614 1351 748 1407 Antistes.
765 1353 863 1423 ltaque
879 1368 938 1407 nan
953 1368 997 1406 sa·

144 1445 205 1498 lum
221 1441 261 1498 eis
281 1441 348 1496 inde
366 1457 424 1495 nan
443 1441 532 1496 iactus
551 1440 697 1508 atleusiar,
712 1440 760 1495 sed
780 1443 878 1495 cantra
897 1457 996 1496 eorum

146 1530 296 1603 postulatis
311 1530 452 1585 fautorem
471 1546 500 1585 se
515 1530 590 1601 apud
606 1529 789 1586 Caelestinum
803 1545 908 1601 papam
923 1546 997 1601 prse-

146 1620 219 1686 huil,
248 1618 283 1673 ed
307 1635 391 1690 quem
417 1622 445 1673 et
466 1619 634 1690 praeclaram
663 1635 696 1673 ea
724 1619 759 1674 de
781 1634 813 1673 re
836 1618 997 1689 epistolam,

147 1724 234 1780 quam
256 1707 415 1762 etiamnum
434 1707 573 1762 habemus
595 1707 700 1778 (ibid),
715 1722 837 1778 qumque
856 1707 909 1762 bac
924 1723 999 1762 anuo

149 1795 435 1868 quadringentesima
450 1795 588 1867 vigesimo
601 1796 698 1858 tertia,
709 1812 762 1869 pro
772 1795 904 1851 instituta
918 1813 935 1850 e
949 1814 999 1852 no-

117 1883 123 1891 ”
147 1882 192 1938 bis
206 1882 315 1950 ordine,
330 1883 464 1954 ponenda
479 1886 531 1946 est,
547 1881 633 1938 misit.
644 1883 718 1949 Quin
729 1882 817 1938 etiam
830 1882 943 1939 videtur
958 1883 1000 1955 ip-

148 1978 238 2029 semet
251 1972 359 2045 primes
374 1973 515 2038 lraudem,
532 1988 587 2044 qna
602 1973 737 2043 deceptas
750 1972 785 2026 ab
800 1971 923 2027 Antonio
937 1971 999 2027 tue·

148 2066 202 2130 rat,
218 2060 406 2117 intellexisse:
422 2061 530 2132 quippe
550 2060 600 2131 qai
615 2065 677 2115 acta
692 2064 719 2115 et
733 2064 923 2115 monumenta
937 2076 998 2115 am-

148 2150 241 2216 nium,
258 2165 322 2221 quaa
334 2149 370 2204 ad
390 2164 505 2204 causam
520 2149 593 2203 banc
611 2147 804 2219 pertinebant,
819 2147 856 2203 ad
871 2148 999 2204 Caelesti·

149 2252 220 2291 num
245 2235 416 2307 perferenda
441 2236 592 2291 curaverit.
619 2236 795 2308 Augustinus
822 2238 852 2292 in
879 2237 938 2292 suis
966 2237 999 2293 ad

149 2323 281 2380 eumdem
296 2324 377 2379 illum
397 2324 562 2397 pontificem
581 2324 682 2380 litteris
701 2325 842 2398 principia
862 2326 888 2382 ei
902 2331 999 2400 gratu-

740 253 825 309 VlTA
852 253 880 308 S.
900 249 1094 310 AUGUSTlNl
1123 250 1293 308 aristam.
1848 253 1891 304 ili

1048 375 1106 444 ipse
1118 376 1187 429 Deus
1201 376 1318 438 arelat,
1333 374 1415 426 etiarn
1429 386 1489 425 cram
1501 373 1636 425 vastantis
1646 369 1843 440 perditionepe
1852 374 1897 440 rir,

1048 477 1219 534 cmrspeaera.
1231 462 1354 517 llecalens
1368 463 1438 515 enirn
1451 459 1524 530 qnod
1536 461 1577 515 ait
1589 460 1751 530 Apostolus,
1769 477 1785 509 a
1802 459 1833 515 Si
1845 474 1898 513 aas·

1048 555 1174 624 metipsos
1181 550 1581 622 judicaremus,atlarninonon
1587 548 1804 618 judicaremur»
1817 547 1838 618 (l
1848 549 1896 604 Gor.

1049 658 1087 708 xl,
1102 642 1163 709 3113
1175 640 1307 711 judicabo
1320 655 1362 693 me
1375 641 1476 709 ipsum,
1491 643 1521 694 al
1533 642 1636 708 parcat
1648 637 1722 692 mibi
1736 638 1789 707 qui
1798 636 1899 703 iudica

1049 736 1127 787 turns
1141 735 1181 785 est
1194 730 1269 784 eiras
1282 732 1308 783 et
1322 732 1452 782 mortuas.
1468 728 1500 783 Si
1514 730 1604 781 autern
1616 729 1642 781 ct
1655 726 1779 781 membra
1794 726 1897 793 diuite,

1050 835 1109 890 qaae
1121 821 1151 873 in
1165 819 1214 872 illa
1226 819 1335 887 regione
1349 819 1422 876 sunt.
1438 816 1471 871 ab
1487 815 1626 871 exitiabili
1636 818 1734 870 limare
1743 830 1777 869 ac
1791 816 1899 869 tristitia

1050 909 1224 975 recreareris,
1237 912 1262 962 el
1275 921 1362 961 meam
1377 909 1536 961 senectutem
1548 905 1598 960 bac
1612 903 1787 959 misericordi
1796 903 1901 973 iustitia

1049 999 1138 1065 tueris
1146 996 1308 1061 cornalatus,
1319 994 1449 1049 retribuet
1458 993 1510 1048 tibi
1516 998 1541 1048 et
1550 995 1579 1047 in
1588 993 1730 1064 prasenti,
1740 994 1808 1048 elin
1816 994 1901 1059 nura

1050 1089 1118 1153 uita,
1134 1085 1203 1140 bana
1215 1100 1266 1155 pra
1279 1083 1366 1151 realis,
1378 1085 1427 1154 qni
1440 1099 1489 1153 per
1502 1083 1612 1138 tenebis
1624 1084 1654 1136 in
1664 1084 1720 1137 ista
1731 1080 1902 1138 tribulatione

1051 1172 1198 1243 succurrit,
1208 1179 1234 1229 et
1248 1175 1297 1242 qai
1307 1177 1331 1227 te
1341 1174 1370 1227 in
1382 1172 1501 1228 illusorie
1509 1173 1648 1226 constituit
1660 1171 1724 1241 (Ep.
1735 1171 1804 1237 209,
1814 1184 1843 1224 n.
1854 1170 1899 1240 ta).

1053 1262 1223 1320 Caelestinus
1238 1261 1325 1318 dubia
1343 1261 1443 1333 pracal
1463 1259 1582 1332 epistola
1601 1259 1651 1315 illn
1669 1263 1731 1314 tam
1747 1259 1902 1315 vehementi

1051 1358 1199 1425 permotus
1217 1356 1268 1418 est,
1284 1350 1460 1422 omninoque
1475 1349 1568 1405 uoluit
1586 1349 1690 1404 orbare
1705 1347 1862 1404 Ecclesiam
1873 1363 1900 1403 ea

1053 1442 1188 1509 Praesule,
1198 1441 1280 1512 cujus
1288 1439 1447 1495 doctrinam
1458 1455 1490 1493 ac
1499 1439 1605 1494 lamam
1617 1437 1762 1505 defendit,
1770 1441 1898 1510 patronas

1053 1531 1182 1586 amnium
1198 1531 1281 1601 longe
1296 1527 1514 1584 illustrissimus.
1531 1527 1635 1593 Quare,
1651 1542 1717 1581 cnm
1732 1526 1900 1597 Augustinus

1053 1622 1088 1677 ad
1113 1624 1272 1676 extremam
1296 1634 1387 1689 nsque
1415 1616 1549 1689 spiritam
1576 1615 1759 1688 liippanensi
1783 1615 1900 1671 Ecclede

1053 1709 1210 1782 praeiuerit,
1226 1712 1255 1763 ei
1270 1707 1464 1763 fussalensem
1479 1721 1594 1778 quaque
1608 1704 1719 1759 rexerit
1734 1720 1814 1759 anna
1825 1720 1900 1776 supra

1054 1796 1370 1872 quadringentesimum
1394 1793 1532 1866 vigesimo
1556 1793 1680 1865 septimo
1701 1792 1749 1848 rel
1772 1792 1899 1864 vigesima

1055 1892 1167 1954 octav03
1181 1885 1249 1941 bine
1256 1884 1403 1957 judicatur
1417 1883 1611 1950 Caelestinum,
1627 1880 1900 1953 utAntoniusbujas

1054 1976 1129 2032 sedis
1144 1973 1389 2030 administratione
1405 1973 1542 2044 spoliatus
1562 1975 1703 2039 maneret,
1720 1970 1898 2026 consensisse.

1055 2065 1136 2131 Quod
1151 2063 1239 2119 etiam
1257 2063 1408 2117 contirmat
1422 2060 1550 2133 ejusdem
1565 2059 1711 2132 pontilicis
1727 2059 1760 2114 in
1775 2059 1897 2132 Augusti-

1055 2170 1123 2209 num
1136 2154 1197 2224 jam
1211 2151 1269 2207 rita
1283 2150 1411 2206 innatum
1427 2166 1508 2204 amor
1519 2164 1551 2203 ac
1566 2147 1726 2205 veneratio.
1744 2148 1834 2222 Atqui
1845 2147 1899 2203 lieet

1055 2261 1072 2298 a
1086 2245 1161 2314 Papa
1173 2241 1203 2296 in
1215 2241 1268 2296 bac
1282 2239 1446 2312 aequissima
1464 2238 1602 2310 petitione
1626 2239 1780 2311 repulsam
1793 2238 1897 2305 tulisset,

1056 2331 1082 2386 ei
1097 2336 1193 2387 tamen
1208 2329 1334 2385 licuisset
1348 2329 1383 2383 ab
1397 2329 1446 2383 illa
1458 2327 1601 2399 injustitia
1614 2326 1767 2383 vindicare
1782 2342 1812 2382 se
1823 2326 1896 2381 bane·

149 2414 235 2480 latnr,
250 2413 327 2484 quad
342 2412 402 2467 sine
415 2412 506 2468 turbis
520 2417 569 2468 aut
579 2414 638 2469 ullo
653 2413 771 2470 discidia
786 2415 821 2470 ad
836 2415 999 2486 apostolicas
1056 2420 1120 2476 licio
1132 2417 1315 2491 professionis
1331 2418 1401 2490 ejus,
1416 2433 1471 2489 qua
1492 2418 1589 2471 Patres
1607 2415 1739 2471 Africani
1754 2415 1897 2471 declarare·

149 2499 296 2574 dignitatis
312 2499 421 2571 apicem
435 2500 521 2556 iuerit
531 2506 663 2557 erectus:
677 2502 781 2558 deinde
795 2507 902 2574 quanta
913 2520 942 2559 se
953 2503 1001 2559 da·
1056 2513 1124 2565 runt
1138 2508 1213 2563 nolle
1233 2524 1262 2562 se
1282 2507 1404 2562 tolerare
1419 2505 1537 2574 diutins,
1553 2509 1585 2560 ut
1603 2505 1647 2561 rel
1667 2504 1727 2577 ipsi
1741 2504 1861 2577 episcopi
1872 2503 1896 2558 in

150 2591 212 2645 lore
225 2589 342 2667 Antonii
361 2606 446 2645 causa
464 2589 579 2657 afficiat,
596 2591 721 2663 exponit.
743 2593 804 2647 idox
823 2597 939 2648 narrata
958 2593 1000 2646 rei
1057 2601 1202 2669 posterum
1222 2596 1257 2651 ad
1278 2595 1387 2650 curiam
1412 2596 1571 2650 llamanem
1594 2596 1789 2665 prouocarent
1803 2592 1896 2664 (omia

151 2678 238 2734 tatius
252 2677 379 2744 historia,
397 2679 504 2750 Papam
518 2679 684 2748 obtestatur,
701 2684 732 2735 at
746 2680 876 2752 eJ'nsdem
895 2697 997 2736 manu·
1057 2685 1195 2743 darianum
1207 2685 1311 2752 Afric,
1325 2699 1385 2738 can.
1405 2684 1477 2752 tas).

152 2772 249 2823 monta
264 2767 299 2823 ad
312 2783 379 2834 eum
394 2783 410 2822 n
428 2768 551 2839 primate
570 2767 737 2824 transmissa
751 2769 828 2841 legat
843 2770 1000 2842 expendat·
1398 2806 1510 2862 CAPUT
1529 2806 1551 2859 v

151 2873 216 2929 que.
232 2858 324 2927 lingat
338 2861 444 2928 pastea,
459 2857 624 2929 egritudini
639 2875 698 2913 suae
712 2858 917 2931 computistam
934 2861 1001 2915 l‘us·
1554 2845 1560 2858 '

151 2945 290 3001 solensem
306 2944 457 3000 Ecclesiam
474 2946 509 3001 ab
525 2962 568 3008 eo,
586 2963 672 3018 aquo
687 2947 825 3003 miserum
837 2947 868 3003 in
882 2949 1001 3005 modum
1059 2937 1068 2988 ἱ
1091 2931 1225 3002 Silpiam
1239 2933 1371 3001 'illidii
1389 2930 1512 3000 reliquia
1529 2929 1578 2985 sub
1599 2944 1703 2984 “iilum
1723 2929 1831 2984 (ΗΜ
1842 2942 1897 2998 ill·

1092 3021 1332 3089 drinpenterimum
1351 3021 1510 3087 vigesimum
1532 3022 1663 3088 quartum
1687 3017 1824 3073 babentes
1840 3017 1897 3085 llip

1091 3124 1169 3180 pane.
1195 3108 1386 3162 itinerarius
1415 3109 1595 3177 Hipponensis
1613 3106 1771 3176 presbyter,
1790 3105 1916 3185 pecuniis

1093 3211 1161 3266 quas
1184 3199 1278 3252 cantra
1301 3197 1447 3251 communis
1474 3197 1537 3251 uita
1555 3195 1731 3265 propositum
1753 3197 1897 3261 rets'rrseat,

1093 3285 1216 3340 Ecclesia
1229 3285 1335 3351 legana
1351 3285 1476 3339 moritur.
1495 3285 1509 3338 3
1530 3284 1683 3339 &emonem
1703 3283 1739 3338 de
1758 3284 1809 3337 lsaa
1826 3296 1855 3337 rs
1869 3278 1898 3336 ai

1092 3374 1221 3444 papalum
1245 3373 1324 3428 babet
1348 3373 1535 3441 Augustinus;
1560 3370 1749 3426 hereditatem
1773 3369 1895 3426 Jansarii

1092 3463 1205 3532 respuit,
1217 3465 1242 3516 el
1254 3460 1322 3532 filiis
1335 3462 1422 3531 ipsius
1432 3459 1570 3529 relinquit,
1582 3474 1613 3514 ac
1628 3458 1790 3515 declaratae
1798 3458 1897 3524 claun

1093 3552 1142 3620 qai
1150 3551 1294 3620 proprium
1304 3548 1412 3617 aliquid
1424 3546 1521 3602 labere
1535 3547 1628 3613 uelint,
1639 3545 1785 3615 indulgere
1795 3548 1899 3600 ntettrr

1093 3639 1201 3693 domurn
1221 3637 1399 3708 episcopalem
1421 3635 1573 3690 habitantes
1595 3633 1699 3703 gradus
1719 3636 1765 3689 sui
1790 3635 1897 3688 laancren

1092 3732 1208 3783 seruml.
1224 3729 1241 3782 4
1260 3727 1354 3782 Altera
1374 3730 1467 3796 postea
1486 3738 1604 3779 emmane
1618 3726 1736 3778 testatur
1749 3735 1813 3778 suas
1825 3732 1898 3778 em

1093 3817 1200 3871 clericas
1214 3814 1244 3871 in
1263 3817 1325 3870 alte
1341 3816 1488 3870 communis
1506 3814 1646 3884 proposita
1658 3826 1822 3882 permanere
1834 3808 1897 3876 odd,

1093 3909 1205 3976 atqnea
1223 3906 1335 3975 propria
1352 3905 1506 3969 abhorrere,
1524 3916 1619 3971 easque
1636 3901 1670 3956 de
1688 3902 1849 3957 clericusne
1866 3902 1898 3954 a

1093 3993 1156 4050 bula
1170 3994 1305 4060 delersdas,
1322 3995 1370 4063 qai
1382 3992 1490 4062 aliquid
1505 3991 1560 4046 sibi
1572 3991 1736 4058 retinerent3
1752 3993 1811 4045 tun
1831 3989 1899 4044 &aa

1092 4097 1145 4151 eas,
1161 4084 1210 4150 qui
1223 4081 1320 4136 diuites
1332 4079 1523 4151 pecuniasique
1534 4077 1694 4145 audiebant,
1707 4074 1898 4149 aptarim

1089 4171 1221 4241 papulum
1236 4173 1350 4240 purgat.
1375 4172 1390 4224 5
1413 4171 1507 4224 Decem
1529 4167 1684 4234 liberarum,
1706 4165 1809 4236 quibus
1826 4167 1900 4221 narr

1092 4260 1241 4329 imprecata
1254 4260 1356 4325 suerat,
1375 4257 1513 4312 tenibilis
1530 4271 1619 4327 pana.
1640 4258 1657 4310 b
1678 4257 1725 4310 lia
1748 4255 1807 4311 iltis
1825 4253 1899 4308 am

154 3031 347 3099 divexabatur,
359 3031 476 3103 liberet;
493 3049 525 3088 ec
538 3034 612 3089 bene
626 3035 661 3090 dc
671 3036 726 3091 hoc
736 3035 844 3107 papula
859 3040 886 3091 et
900 3036 935 3091 de
948 3039 1002 3092 An·

154 3119 233 3174 tonia
248 3119 311 3190 ipso
326 3119 426 3176 eadem
436 3136 522 3193 apere
532 3128 686 3191 mereatur,
697 3139 734 3179 ne
743 3124 790 3178 hic
804 3124 932 3195 ingentia
941 3140 1003 3179 me-

154 3206 182 3261 la
195 3205 311 3277 inferet,
326 3223 396 3263 nere
411 3208 453 3263 illi
471 3209 571 3265 eadem
586 3210 742 3283 patiantur,
759 3212 947 3283 prohibenda,
964 3212 1002 3266 si·

153 3294 272 3367 mulque
287 3297 460 3352 accurrendo
472 3296 530 3352 illis
544 3297 721 3366 criminibus,
738 3315 803 3371 quar
815 3300 905 3372 ipsius
918 3300 1001 3356 resti·

152 3382 294 3439 tutionem
313 3389 395 3440 erant
411 3390 553 3441 secutura.
567 3386 619 3442 Sed
641 3403 692 3458 per
710 3387 814 3444 Christi
833 3388 1003 3461 sanguinem

153 3474 181 3528 et
195 3471 365 3529 memoriam
381 3474 503 3546 apostoli
520 3475 608 3543 Petri,
624 3476 673 3548 qui
688 3475 913 3533 Christianorum
927 3493 1001 3550 pres·

151 3561 258 3632 positos
273 3563 446 3635 papularum
462 3565 587 3632 monuit,
603 3581 640 3621 ne
659 3565 801 3622 violenter
819 3566 1003 3623 dominentur

152 3650 182 3706 iu
195 3651 295 3707 iratres
308 3654 330 3720 (l
345 3655 417 3710 Petr.
434 3671 462 3725 r,
478 3657 514 3723 3),
529 3654 712 3711 Caelestinum
726 3655 865 3725 obsecrat,
881 3672 917 3712 ne
933 3657 1001 3712 Fus-

152 3738 276 3794 salenses
296 3741 331 3795 ed
353 3741 545 3798 obediendum
571 3742 695 3798 Antonio
716 3759 768 3815 per
789 3744 847 3800 rim
868 3746 1002 3818 campelli

153 3826 227 3882 sinat
241 3829 340 3898 (Epist.
354 3831 418 3898 200,
434 3846 462 3884 n.
479 3829 516 3900 a).
532 3832 604 3886 Nem
622 3837 742 3903 apparet
755 3832 812 3887 illis
826 3834 1003 3906 temporibus

153 3915 296 3982 accidisse,
313 3919 344 3969 ut
364 3916 546 3973 mitterentur
560 3920 595 3974 ab
611 3920 765 3990 apostolica
783 3921 865 3988 Sede,
882 3928 931 3979 ant
943 3925 1001 3979 ssl-

152 4008 210 4060 tem
233 4007 411 4076 peterentur,
436 4021 532 4061 aarum
558 4023 680 4079 quorum
701 4009 837 4064 intererat
858 4012 1000 4082 precihus,

152 4091 284 4148 mittendi
299 4092 329 4148 iu
341 4093 463 4149 Africam
479 4093 573 4150 clerici
587 4095 720 4166 Romani,
731 4096 782 4169 qni
796 4099 1001 4156 sententiarum

152 4181 228 4237 illins
243 4187 422 4239 exsecutores
437 4188 531 4239 essent
546 4183 651 4256 (Codice
665 4185 802 4243 Gananum
815 4187 924 4256 Attia,
940 4204 1001 4244 can.

154 4271 235 4342 138);
260 4271 364 4344 quibus
383 4271 460 4328 baad
481 4271 567 4329 dubie
592 4272 805 4347 injungebatur,
823 4278 856 4331 ut
874 4274 1002 4332 civilium

151 4361 694 4435 potestatumapem,ubirespasceret,
707 4362 906 4436 implorarent.
922 4365 1000 4437 Ejus·
1094 4348 1193 4402 P‘mh‘i
1213 4346 1347 4402 divinitus
1370 4351 1485 4401 sanam
1508 4344 1585 4415 “pud
1606 4345 1773 4414 mim·
1800 4347 1817 4398 ⁷
1843 4339 1898 4396 ΑΜ

151 4447 217 4504 dem
230 4450 347 4506 Antonii
362 4465 512 4524 nunquam
526 4450 583 4506 nisi
597 4467 710 4507 summa
725 4467 790 4507 anm
806 4454 1002 4510 moderatione
1089 4440 1151 4506 past
1164 4436 1209 4490 ‘³²¹⁶
1227 4439 1342 4490 immi
1360 4434 1461 4488 ibidem
1480 4432 1617 4489 Palladia·
1637 4432 1782 4489 mmm
1800 4434 1827 4487 θ’
1839 4432 1897 4486 Μ

151 4540 180 4591 et
193 4541 331 4610 tanquam
344 4538 397 4594 tilii
411 4538 456 4594 sai
474 4537 651 4595 mentionem
667 4539 734 4595 tacit
748 4542 939 4612 Augustinus;
954 4560 1001 4597 re·
1089 4524 1227 4594 Piiililam
1242 4525 1411 4590 Quintilium
1426 4522 1594 4579 imiimi
1609 4522 1795 4591 Animum·

152 4639 283 4698 rumque
296 4627 379 4683 illurn
391 4627 746 4702 diligebatrehementius,
758 4630 813 4685 hac
825 4630 915 4702 magis
927 4631 1002 4687 dam·
1094 4633 1117 4686 l.
1139 4629 1272 4685 Nondum
1296 4631 1426 4684 exactum
1450 4633 1510 4684 crat
1530 4625 1692 4694 biennium,
1713 4642 1749 4683 ex
1773 4640 1832 4700 qua
1851 4625 1896 4680 Aa·

152 4712 254 4768 nandae
268 4714 345 4770 illius
355 4717 503 4789 cupiditati
516 4717 681 4774 absistebat.
1056 4717 1187 4791 guslinus
1198 4717 1330 4790 llippone
1338 4717 1474 4790 Stephani
1486 4715 1618 4787 martyris
1627 4715 1768 4788 reliquias
1776 4713 1895 4777 babebit,

186 4803 212 4856 5·
233 4802 323 4867 Quam
339 4803 506 4878 imprudens
523 4808 639 4878 culpam
658 4807 829 4877 incurrerat,
844 4809 1001 4865 Antoniam
1055 4825 1120 4864 cum
1133 4807 1239 4863 librum
1259 4805 1392 4862 ultimum
1413 4807 1448 4862 de
1467 4804 1584 4862 Ciuitate
1602 4805 1662 4872 liei,
1677 4819 1765 4877 quem
1783 4804 1894 4859 rsrlsale

150 4888 181 4944 in
195 4889 386 4963 episcopalem
410 4895 541 4951 ordinem
560 4896 730 4968 coaptanda,
747 4896 853 4968 passim
873 4896 1000 4953 latetur:
1056 4913 1131 4954 enno
1160 4895 1443 4969 quadringentesimo
1470 4892 1607 4966 vigesimo
1636 4897 1716 4948 sexto
1745 4892 1893 4949 absolutam

149 4982 179 5035 et
193 4994 251 5052 qua
265 4979 360 5052 patuit
373 4981 448 5037 altra
466 4984 601 5057 pmgredi
622 4985 711 5041 sancti
731 4984 790 5040 Viri
808 4985 956 5042 humilitas
971 5002 1002 5041 ac
1055 4986 1142 5042 luisse
1157 5001 1244 5056 supra
1262 4983 1385 5039 diximus
1400 4984 1493 5053 (Sap,
1510 4984 1557 5038 lib.
1570 4986 1598 5048 7,
1614 4997 1675 5052 cap.
1699 4982 1729 5051 A,
1748 4997 1777 5038 n.
1792 4982 1831 5052 i),
1845 4978 1892 5034 eir·

148 5069 318 5141 poenitudo?
332 5072 374 5126 bie
388 5085 466 5142 sane,
480 5072 587 5146 inquit,
603 5076 675 5144 quad
688 5075 864 5146 confitendum
878 5079 916 5130 est
930 5077 1002 5130 Bea—
1056 5074 1193 5131 cabrabat
1206 5074 1258 5143 (De
1272 5074 1332 5130 Ciu.
1348 5074 1405 5139 Dei,
1418 5072 1468 5126 lib.
1482 5073 1529 5140 ii,
1544 5087 1603 5141 cap.
1615 5071 1642 5136 8,
1654 5086 1685 5125 n.
1702 5070 1761 5140 ib).
1772 5067 1892 5136 auocare

149 5158 266 5214 titudini
280 5163 343 5228 tuae,
358 5159 388 5213 in
403 5161 456 5215 isto
474 5165 649 5232 utrarumque
664 5165 795 5234 pericula,
811 5167 902 5218 tantm
922 5165 1003 5218 timae
1054 5179 1112 5219 non
1126 5161 1219 5236 potuit
1233 5161 1346 5216 easdem
1369 5176 1460 5214 sacras
1481 5159 1628 5231 reliquias,
1644 5157 1701 5213 nisi
1721 5158 1776 5214 sab
1794 5155 1858 5213 nuni
1868 5153 1891 5205 ul

149 5252 175 5303 el
186 5263 281 5304 maror
296 5249 532 5317 exoneraturas
547 5253 636 5321 officia
649 5255 761 5321 cogitem
774 5252 886 5321 gerendi
899 5254 1000 5323 episco-
1055 5251 1209 5308 minimum
1233 5247 1510 5323 quadringentesimi
1538 5246 1669 5321 vigesimi
1695 5247 1794 5319 qnnrti
1820 5245 1889 5301 finan

146 5343 229 5405 patres
247 5337 398 5406 abscedere,
414 5342 439 5393 et
454 5354 493 5394 me
507 5339 631 5396 lamentis
649 5345 737 5397 errari
751 5358 807 5399 meo
821 5344 1000 5398 conuenienti·
1055 5339 1181 5412 adipisci.
1198 5341 1295 5411 Neque
1314 5338 1436 5393 multum
1456 5354 1471 5393 a
1491 5338 1546 5392 tide
1565 5337 1729 5404 abhorreat,
1745 5343 1890 5391 sermonem

149 5425 197 5479 bus
212 5427 317 5497 decime,
330 5429 418 5500 siper
431 5443 491 5484 eum
509 5428 586 5498 cujus
600 5431 769 5502 episcopatui
780 5448 828 5503 per·
844 5430 1001 5501 impruden·
1055 5430 1090 5484 de
1103 5433 1200 5485 sancto
1224 5426 1369 5499 Stephana
1394 5430 1528 5499 quartum
1551 5426 1648 5497 (Serm.
1673 5427 1739 5495 illl
1751 5425 1789 5498 lin
1809 5434 1890 5480 centu

149 5515 216 5570 liam
237 5517 406 5587 suffragatus
427 5531 497 5584 snm,
513 5519 620 5572 uastari
637 5519 784 5576 Ercbsiam
798 5521 856 5586 Dei,
872 5522 907 5585 et,
929 5518 1001 5588 quod
1055 5517 1235 5590 receptione,
1258 5534 1290 5573 aa
1313 5518 1348 5573 da
1372 5519 1471 5573 eodem
1496 5521 1619 5588 martyra
1643 5514 1778 5588 quintam
1809 5515 1890 5583 (San-
