3884 6112
86 233 134 285 att

78 353 189 410 <littaris
204 363 271 407 cum
289 350 372 404 beato
394 349 514 402 [lactare
533 349 706 417 conquestus
725 347 777 407 est,
798 341 875 412 quod
900 338 940 392 vi·

86 442 198 508 delicet,
222 455 260 493 na
287 453 349 494 ram
374 441 462 491 tantae
486 434 618 490 utilitatis
646 432 785 487 universas
813 427 942 485 Ecclesiae

87 532 214 587 futuram
232 527 409 598 impetraret,
432 540 549 596 persua
569 521 657 592 ipsius
673 524 788 591 peccata
806 516 939 572 stetisset.

87 619 190 675 Aiebat
202 615 391 671 nihilominus
402 630 417 668 e
429 611 532 668 Christi
547 608 740 665 misericordie
756 612 785 662 ct
799 605 839 660 eis
852 605 941 659 visce-

88 708 167 763 ribus
179 703 304 777 pietatis,
316 702 420 774 quibas
429 701 464 754 ad
473 699 546 754 bena
561 698 597 752 de
612 697 675 752 aliis
690 696 858 751 merendum
869 710 942 748 nun·

89 811 176 867 quam
195 797 314 865 paratus
329 806 388 844 non
403 793 465 849 erat
484 786 532 841 Vir
550 789 674 854 sanctus,
694 800 808 856 sperare
822 800 851 838 se
870 784 941 848 fore,

87 889 121 939 ut
138 883 318 948 alimentum,
331 879 408 951 quod
432 877 486 931 sibi
508 881 594 947 atqua
621 875 683 929 aliis
703 874 875 946 postulabat,
892 873 941 927 ille

88 988 147 1028 non
160 974 287 1040 negaret.
305 968 371 1038 Ejus
383 965 502 1036 epistola
521 963 630 1019 caeteris
648 963 798 1034 capitibus,
819 977 941 1034 quorum

9 1092 15 1099 -
87 1061 117 1115 in
132 1074 182 1113 sua
194 1056 369 1112 mentionem
380 1052 556 1124 Augustinus
565 1053 680 1114 lecerat,
692 1051 811 1105 minime
824 1066 941 1122 respon·

87 1150 150 1204 det:
180 1144 315 1216 athejas
336 1143 378 1198 rei
401 1143 514 1198 videtur
537 1143 597 1196 haec
619 1157 680 1195 esse
700 1157 794 1207 caasa,
816 1139 893 1210 quod
909 1155 941 1193 ex

88 1234 275 1307 scriptoribus
294 1232 401 1305 placuit
414 1250 446 1286 ea
474 1246 610 1297 resecare,
637 1234 669 1284 ut
681 1245 746 1300 qnae
759 1227 943 1298 pertinebant

87 1326 122 1381 ad
138 1325 245 1379 librum
261 1323 295 1376 de
309 1320 481 1388 llaeresibus,
496 1320 556 1373 sola
570 1322 754 1389 ponerentur.
779 1317 891 1371 Etenim
907 1332 942 1371 ne

86 1412 136 1468 illa
148 1410 266 1483 quidem
277 1407 506 1473 salmaticensis,
521 1422 608 1479 quam
620 1405 650 1460 in
664 1406 721 1461 line
734 1405 839 1460 addere
855 1421 941 1458 mana

86 1499 206 1571 propria
221 1499 349 1552 solemne
364 1503 435 1561 arat,
451 1500 560 1550 servata
574 1499 625 1549 est.
640 1495 748 1549 ibidem
763 1499 859 1564 aperte
874 1510 940 1563 pro·

87 1590 196 1655 litetur,
213 1585 400 1642 nihilominus
415 1584 440 1639 ei
455 1602 484 1639 se
501 1586 652 1639 molestum
670 1589 727 1637 tarn
744 1583 791 1638 din
809 1583 941 1637 futurum

88 1694 162 1742 esse,
174 1676 268 1747 quoad
278 1674 480 1745 sibipostulata
490 1673 536 1728 itte
548 1672 751 1727 concessisset:
767 1677 797 1726 ut
808 1672 942 1740 puerinon

90 1770 220 1837 impetrat
228 1766 414 1836 quiailrpium,
427 1764 476 1817 ubi
484 1764 588 1818 nullum
604 1766 643 1817 est
654 1764 790 1830 meritum,
801 1761 896 1816 saltem
904 1763 941 1815 in·

89 1856 197 1922 defessa
207 1855 400 1922 importunitas
410 1856 545 1906 mereatur
556 1851 656 1921 (Epist.
671 1853 734 1916 tib,
744 1865 772 1904 n.
789 1847 942 1918 3).Asserit

87 1941 276 2013 Augustinus,
302 1941 336 1995 ab
361 1940 410 1994 illo
432 1957 461 1994 se
489 1938 731 1994 crebrescentibus
755 1937 940 2011 petitionibus

87 2034 225 2096 coactum,
244 2047 275 2084 ac
292 2030 477 2084 vehementer
489 2033 612 2100 urgente
627 2027 676 2081 illo
691 2027 831 2098 hocopus
846 2042 939 2080 susce-

85 2121 174 2192 pisse,
190 2135 243 2174 nec
257 2117 312 2173 sibi
327 2134 454 2190 unquam
477 2117 565 2171 alium
580 2117 671 2171 ullum
687 2120 836 2186 tantopere
858 2113 938 2169 insti·

87 2208 156 2264 tissa
178 2207 332 2280 poscendo.
354 2206 444 2277 lgitnr
462 2205 621 2261 cedendum
644 2205 761 2259 tandun
787 2203 939 2275 aliquando

87 2296 216 2370 putavit;
233 2295 263 2351 in
278 2312 335 2367 quo
351 2295 436 2350 etiam
452 2294 550 2350 divina
564 2294 720 2358 voluntate,
732 2293 939 2364 quamnomine

88 2385 151 2455 ipso
173 2384 248 2440 idem
264 2384 402 2439 diaconus
423 2382 613 2455 significabat,
635 2387 744 2436 motum
760 2397 789 2435 se
808 2380 877 2435 dicit
893 2379 940 2448 (be

89 2476 209 2541 lleresm
222 2470 347 2544 pretet.)
363 2472 454 2536 Quare
469 2486 535 2525 curn
551 2473 622 2525 torte
637 2471 751 2524 fortuna
766 2468 940 2525 fussalensis

91 2561 240 2633 presbyter
263 2560 464 2631 Carthaginem
492 2565 565 2615 esset
594 2560 786 2632 prolecturus,
816 2559 940 2629 primam

87 2649 280 2716 Quodvultdei
295 2648 446 2720 epistolam
469 2649 517 2703 Vir
540 2654 653 2704 sanctus
673 2647 786 2718 relegit,
809 2648 939 2702 lucubra-

86 2739 194 2794 tionam
211 2739 283 2794 hanc
294 2738 395 2792 sellem
411 2738 536 2793 exordiri
546 2738 683 2809 cogitans,
700 2742 733 2792 nt
746 2736 826 2809 qnasi
845 2736 939 2807 speci·

86 2827 165 2883 mina
180 2826 347 2883 transmisso
365 2843 432 2882 eum
446 2828 570 2895 doceret,
587 2843 674 2898 quarn
685 2827 800 2881 difficile
810 2843 881 2881 ontis
891 2827 940 2882 ille

87 2917 141 2973 sibi
164 2918 249 2972 vellet
269 2916 447 2988 impositum.
472 2915 560 2987 Atqui
587 2915 794 2971 nihilomnino
818 2916 939 2971 scribere

87 3005 182 3076 potuit
197 3004 234 3060 ab
255 3009 434 3075 emergentes
446 3004 658 3075 occupationes,
669 3020 733 3075 quse
743 3005 840 3070 etiam,
850 3008 882 3060 ut
895 3022 940 3060 re-

89 3109 226 3163 sponsum
239 3092 275 3146 ed
288 3092 433 3147 lulianum
445 3092 656 3157 intermitteret,
667 3092 697 3146 in
712 3109 796 3147 causa
813 3094 937 3149 fuerunt.

87 3183 165 3234 Tunc
180 3195 249 3250 crgo
269 3179 342 3233 nihil
364 3179 441 3234 aliud
461 3197 548 3250 qnam
574 3180 768 3236 l'ussalensanr
792 3181 939 3252 presbyte-

89 3285 166 3334 ram,
195 3269 314 3339 eJ'usque
337 3283 451 3321 censam
479 3267 675 3332 Quodvultdeo
709 3268 938 3336 commendavit3

91 3356 198 3412 addans
212 3355 399 3412 nihilominus
425 3372 539 3427 sperare
554 3374 583 3410 se
598 3357 671 3424 fore,
687 3362 719 3411 nt
734 3373 799 3411 cum
814 3356 939 3427 primum

92 3462 156 3518 quas
171 3463 201 3500 se
218 3444 392 3501 distinebant
414 3444 593 3518 expediisset,
614 3461 725 3500 necnon
747 3445 875 3517 quinque
888 3447 939 3500 lu·

88 3535 251 3591 lianilibris
279 3535 483 3607 respondisset,
504 3535 593 3607 operi,
609 3537 685 3608 qnod
710 3536 759 3591 illa
778 3536 938 3606 expetebat,

93 3626 280 3692 incumberet,
294 3641 327 3680 ac
346 3624 432 3680 simul
454 3624 573 3697 reliquis
591 3624 777 3680 retractandis
796 3624 940 3695 opusculis

93 3715 164 3782 suis,
175 3719 288 3768 noctem
300 3712 361 3779 uni,
386 3713 468 3768 alteri
483 3713 559 3768 diem
572 3712 766 3783 impendendo
783 3728 790 3767 ε
807 3713 830 3767 si
844 3718 940 3768 tamen

90 3807 149 3856 tres
162 3800 269 3856 iuliani
280 3801 345 3855 libri
354 3802 390 3856 ad
401 3817 430 3854 se
440 3801 520 3871 prius
530 3801 608 3855 allati
627 3817 684 3855 non
704 3800 824 3856 inissent
837 3804 937 3886 (Epist.

88 3893 152 3955 til,
167 3906 197 3956 n,
213 3891 249 3958 l).
265 3889 363 3944 Fidem
377 3905 459 3943 suam
477 3890 594 3944 temnm
618 3889 791 3945 liberaturus
805 3891 859 3944 hoc
873 3907 938 3945 ver·

86 3982 164 4034 tenta
190 3993 265 4032 enno
288 3976 571 4049 quadringentesimo
598 3977 737 4048 vigesima
769 3983 866 4033 octavo
894 3979 938 4033 vel

86 4067 204 4122 ineunte
219 4065 350 4138 sequenti
371 4070 489 4120 manain
513 4066 639 4121 admovit
661 4065 760 4137 operi;
776 4068 856 4138 cnjus
876 4068 939 4138 qui·

87 4156 152 4211 dem
167 4155 352 4226 binaspartes
362 4154 455 4209 facere
466 4153 627 4225 cogitabat;
641 4154 748 4226 primas
764 4154 893 4210 videlicet
905 4156 940 4212 de

85 4244 322 4315 haeresibusque
347 4247 412 4316 post
431 4243 535 4300 Christi
560 4243 715 4299 adventurn
739 4248 769 4299 et
792 4261 939 4299 ascensam

87 4335 221 4390 adsersus
232 4333 391 4389 doctrinam
402 4333 493 4405 ipsias
508 4334 696 4388 exstiterunt:
711 4334 886 4405 posteriores
904 4334 940 4390 dc

87 4424 246 4493 questione
254 4438 394 4495 perquam
407 4422 480 4489 utili,
488 4420 667 4493 scilicetquid
675 4422 939 4493 iaciathrereticnm;

87 4517 119 4567 ut
128 4511 266 4567 nimirum
275 4527 361 4567 omne
372 4527 462 4583 genus
474 4510 596 4566 hereses
604 4511 662 4567 sire
673 4516 755 4567 notas
764 4511 941 4585 siveignotas

89 4599 241 4668 declinare,
256 4601 349 4673 deque
368 4601 502 4657 omnibus
518 4617 584 4672 quae
603 4605 786 4656 nascerentur
798 4600 827 4655 in
842 4607 940 4672 poste-

87 4703 164 4752 ram,
177 4689 346 4744 sententiam
367 4689 441 4744 terre
460 4689 491 4744 in
509 4693 646 4761 promptu
665 4692 739 4744 esset
757 4689 804 4751 tlte
822 4691 938 4758 lieres,

87 4777 222 4846 halat).
238 4775 270 4831 ld
285 4776 397 4832 consilii
412 4794 546 4850 magnam
560 4793 627 4833 sane
641 4777 792 4833 utilitatem
808 4779 940 4850 praefere-

86 4867 144 4928 bat,
161 4864 302 4936 siquidem
322 4866 393 4921 illud
414 4867 516 4923 adduci
531 4867 669 4938 potuisset
690 4868 727 4922 ad
750 4867 873 4924 exitum:
890 4870 939 4925 sed

89 4969 134 5009 res
147 4957 208 5009 erat
225 4953 393 5025 plenissima
413 4954 598 5024 difficultatis,
616 4972 681 5011 cum
703 4956 845 5028 generalis
861 4958 941 5012 nulla

86 5044 197 5115 regula,
219 5041 283 5114 quis
305 5042 484 5098 dellniandns
499 5044 540 5112 ‚sit
553 5044 706 5100 haereticus
730 5045 878 5100 ostendere
893 5063 940 5101 ra-

88 5133 156 5200 leet,
173 5148 207 5187 eo
223 5130 299 5204 quod
315 5146 372 5185 nan
396 5147 511 5187 omnem
535 5148 663 5187 errorem
685 5134 791 5189 babere
812 5138 943 5204 oporteat

86 5237 140 5292 pre
152 5220 266 5279 haeresi.
280 5218 425 5276 AChristo
434 5236 517 5292 passo
532 5221 567 5277 ad
579 5224 660 5278 subm
672 5238 763 5295 nsque
772 5223 941 5278 memoriam

587 269 594 279 .
691 218 777 273 Vll'A
807 219 833 272 S.
871 214 1063 274 AUGUSTlNl
1092 213 1262 272 tst’tscot’t.
1796 216 1839 265 :itt

995 337 1158 409 persuadet,
1175 337 1251 408 qnod
1267 351 1403 406 superare
1414 335 1571 388 humanam
1586 336 1672 406 putat
1684 334 1840 389 teneritatem

997 427 1090 498 (ibid,
1104 431 1214 497 perorat
1230 426 1248 494 l.
1267 426 1336 490 Quae
1347 422 1424 489 dicit,
1436 439 1470 477 ea
1482 421 1665 495 potissimum
1677 437 1712 478 ex
1725 418 1841 493 Epipba·

996 517 1056 585 nio,
1072 533 1157 588 quem
1169 521 1546 585 taruennonasqnequaque
1559 510 1702 583 sequitur,
1711 508 1840 567 desumit.

997 605 1067 660 Huic
1084 603 1268 660 Philastrium
1285 617 1402 674 quoque
1415 618 1447 656 ac
1463 600 1619 655 Eusebium
1634 617 1652 654 a
1666 598 1776 655 Rufino
1790 615 1843 653 can-

996 710 1121 761 versum,
1137 708 1224 764 quem
1240 691 1336 746 dedita
1352 705 1441 761 opera
1454 689 1568 744 videtur
1582 689 1620 744 ob
1634 688 1692 744 hoc
1704 687 1803 760 ipsam
1813 688 1843 742 la·

997 792 1082 862 gissa,
1097 790 1249 861 adjungit;
1266 789 1301 844 iis
1315 793 1456 861 preterea
1470 785 1606 842 adhibitis
1623 784 1843 856 cognitionibus,

996 897 1065 953 quas
1082 896 1133 951 per
1147 897 1177 933 se
1191 878 1246 933 sibi
1260 879 1484 948 comparaverat.
1503 877 1651 929 Postrema
1663 874 1729 929 loeo
1743 889 1843 928 memo

997 974 1040 1023 rat
1053 966 1221 1038 Pelagianos
1237 982 1244 1020 ε
1261 965 1388 1021 nandum
1399 965 1468 1019 satis
1482 965 1661 1035 exploratam
1671 962 1784 1018 habens
1798 978 1843 1015 ne·

996 1073 1060 1111 rem
1075 1056 1207 1111 heresim
1241 1054 1484 1109 Nestorianernm.
1503 1053 1621 1106 Librum
1637 1067 1737 1117 snum,
1754 1053 1840 1103 stetini

996 1151 1080 1216 atque
1092 1144 1224 1200 nltimam
1236 1144 1279 1198 illi
1290 1158 1408 1198 ananam
1417 1141 1560 1213 apposnit,
1568 1140 1603 1195 ad
1617 1139 1839 1205 Quodvultdeus

997 1252 1031 1290 eo
1046 1234 1232 1290 deferendum
1245 1231 1363 1297 crta-avit,
1379 1235 1412 1285 ut
1425 1246 1491 1284 cum
1501 1230 1562 1298 ille,
1573 1234 1636 1283 tum
1647 1227 1698 1282 alii
1711 1227 1765 1298 qui
1774 1243 1840 1281 eum·

996 1324 1062 1377 dem
1085 1328 1162 1377 essnt
1183 1320 1293 1386 lecturi,
1317 1319 1384 1375 inda
1409 1317 1605 1373 vehementius
1626 1316 1841 1371 accenderentur

995 1412 1031 1467 ad
1046 1410 1255 1481 implorandam
1271 1426 1286 1463 a
1309 1410 1365 1463 lieo
1387 1407 1510 1479 gratiam
1525 1423 1557 1461 ac
1573 1407 1679 1474 lucem,
1708 1404 1796 1476 queis'
1811 1405 1840 1458 ad

994 1499 1114 1555 alteram
1128 1504 1249 1570 partem,
1267 1498 1349 1567 cnjus
1367 1500 1446 1550 tanta
1465 1499 1523 1549 erat
1540 1494 1647 1550 utilitas
1669 1493 1779 1556 futura,
1798 1492 1840 1548 ab

995 1588 1159 1647 solvendam
1174 1603 1248 1658 opus
1273 1586 1407 1641 habebat.
1425 1585 1477 1640 Sed
1504 1585 1583 1639 illem
1610 1589 1643 1640 ut
1657 1582 1842 1638 conscriberet

995 1678 1038 1732 vel
1051 1676 1210 1748 perliceret,
1223 1675 1354 1730 ditinum
1380 1673 1532 1728 consilium
1552 1689 1610 1727 non
1630 1671 1774 1743 concessit
1789 1687 1796 1725 ε
1810 1671 1841 1726 ob

994 1766 1200 1839 idqaeliberde
1216 1764 1377 1820 Haercsibus
1392 1781 1408 1819 e
1422 1762 1551 1818 Possidio
1560 1761 1764 1834 imperfectam
1776 1777 1840 1833 opas

994 1857 1165 1928 appellatur.

1030 1949 1055 1999 5.
1073 1944 1197 2016 Epistola
1210 1959 1274 2015 quae
1297 1941 1435 2012 inscripta
1460 1944 1512 2006 est,
1535 1940 1639 2010 Alypio
1653 1942 1725 2006 seni,
1744 1938 1780 1993 ad
1794 1939 1840 1993 hoc

993 2035 1053 2090 lere
1067 2037 1183 2104 tempus
1197 2031 1324 2104 pertinet
1340 2047 1346 2084 :
1364 2029 1417 2084 nisi
1428 2030 1501 2084 forle
1521 2027 1594 2083 alins
1609 2027 1664 2082 ista
1680 2026 1719 2081 sit
1735 2027 1772 2082 ab
1785 2025 1840 2097 epi-

995 2140 1081 2195 seopo
1095 2120 1271 2193 Tagastensi,
1288 2119 1338 2191 qui
1352 2119 1479 2190 proiecto
1494 2118 1529 2172 ad
1539 2116 1696 2189 provinciae.
1707 2114 1841 2171 Numidia

995 2213 1165 2268 decanatum
1187 2226 1236 2265 seu
1252 2207 1410 2280 primatum
1426 2207 1479 2261 bae
1503 2207 1621 2261 demum
1640 2209 1726 2260 sciata
1747 2218 1841 2276 perse·

994 2300 1081 2366 nisse,
1094 2315 1152 2355 nou
1167 2304 1275 2352 temere
1285 2295 1473 2352 existimetur.
1486 2296 1627 2351 Caeterum
1639 2309 1759 2365 quoquo
1772 2308 1840 2348 anno

995 2386 1201 2444 enaratafuerit
1212 2385 1343 2457 epistola,
1355 2401 1415 2440 rem
1429 2383 1568 2440 memoria
1576 2383 1698 2451 dignam
1709 2382 1768 2438 illic
1780 2382 1839 2452 Aly-

993 2479 1042 2550 pio
1057 2480 1153 2532 narrat
1165 2476 1341 2546 Augustinus
1356 2473 1385 2528 in
1400 2474 1461 2529 haec
1474 2473 1561 2528 rerba
1576 2489 1583 2528 :
1598 2472 1748 2528 Archiater
1766 2474 1838 2526 etiae

994 2570 1138 2622 Dioscorus
1150 2566 1315 2619 christianus
1329 2563 1478 2632 tertiaeet,
1495 2561 1576 2616 strant
1588 2562 1712 2628 qratiam
1728 2573 1840 2615 consens

996 2661 1056 2720 tas3
1071 2654 1140 2708 audi
1159 2655 1241 2706 etiam
1255 2650 1480 2720 quemadmodum
1493 2664 1500 2704 :
1513 2665 1600 2717 neque
1620 2651 1695 2704 enim
1716 2649 1840 2704 cunicula

994 2743 1097 2796 iliavel
1117 2743 1222 2809 linqua,
1242 2743 1299 2795 nisi
1319 2741 1411 2808 aliquo
1433 2739 1560 2809 prodipio
1581 2738 1752 2793 domaretur.
1775 2736 1839 2794 Filia

994 2832 1052 2898 eius
1066 2827 1164 2898 inqua
1178 2831 1260 2884 unica
1277 2827 1471 2898 acquiescebat,
1490 2827 1649 2895 eprotabat,
1664 2829 1691 2881 et
1707 2841 1792 2896 usque
1809 2824 1840 2879 ed

996 2924 1078 2974 totam
1093 2921 1306 2987 desperationem
1320 2918 1418 2972 salutis
1433 2916 1600 2986 temporalis,
1616 2914 1709 2970 eodem
1722 2917 1783 2984 ipse
1792 2929 1838 2984 pa·

995 3012 1036 3062 tre
1048 3008 1230 3071 renuntiante,
1244 3008 1378 3076 peruenit.
1394 3006 1501 3059 [licitur
1514 3019 1587 3073 erpo,
1603 3008 1630 3058 et
1644 3007 1773 3070 constan
1788 3016 1838 3057 cua

994 3098 1063 3151 mibi
1073 3098 1120 3150 boc
1134 3101 1159 3150 et
1170 3100 1232 3150 ante
1241 3097 1342 3161 fratris
1359 3093 1439 3149 Pauli
1448 3093 1567 3148 reditum
1576 3106 1663 3148 cantes
1670 3093 1835 3160 reseretur,

994 3183 1296 3242 eirlaudabilisetbene
1305 3185 1482 3250 eluistienus,
1495 3184 1544 3250 qui
1557 3197 1617 3235 cnm
1627 3183 1667 3235 eis
1679 3181 1775 3237 eadem
1783 3184 1837 3235 tesa-

992 3290 1059 3345 pore
1082 3275 1238 3344 baptizatus
1258 3277 1307 3338 est,
1328 3271 1481 3325 indicarit:
1498 3270 1600 3324 dicitur·
1619 3283 1684 3336 erpo
1704 3269 1752 3324 tttc
1769 3283 1838 3325 unm

997 3365 1105 3419 tandem
1124 3377 1265 3417 cananeus
1289 3360 1327 3414 ed
1346 3359 1547 3429 implorandam
1570 3358 1675 3415 Christi
1692 3360 1837 3413 misericer-

995 3453 1081 3520 diam,
1096 3456 1157 3505 uoto
1175 3465 1202 3504 se
1215 3449 1358 3517 obligasse,
1381 3450 1561 3503 christianum
1574 3449 1644 3513 tare,
1660 3450 1687 3501 si
1701 3447 1780 3503 illam
1792 3446 1837 3501 sal·

994 3557 1057 3595 vam
1071 3539 1182 3594 uideret.
1198 3541 1309 3594 Factum
1318 3542 1367 3592 est.
1383 3539 1421 3591 At
1434 3538 1479 3591 iiic
1494 3535 1566 3605 qued
1580 3539 1703 3602 sameas,
1718 3535 1838 3590 ausim

995 3629 1073 3685 labat
1088 3629 1238 3683 resoluere:
1252 3627 1301 3681 sed
1314 3626 1403 3680 adbuc
1417 3639 1514 3679 munus
1529 3625 1643 3679 eccelsia
1660 3625 1735 3680 Nam
1753 3638 1837 3694 repea-

995 3720 1053 3772 tina
1072 3719 1190 3771 cecitate
1209 3715 1398 3784 suffunditur3
1421 3716 1568 3782 statimque
1587 3715 1663 3767 vetit
1681 3714 1712 3767 r'n
1735 3717 1838 3767 mentes

993 3805 1065 3860 unde
1088 3804 1158 3859 iilud
1173 3808 1230 3858 est:
1247 3804 1410 3857 esclameeit
1424 3804 1563 3870 coemens,
1579 3806 1664 3869 etque
1684 3803 1785 3855 iterum
1800 3814 1839 3855 aa

994 3896 1045 3960 eit,
1062 3908 1089 3948 sc
1103 3897 1208 3962 recepto
1232 3892 1332 3945 lumine
1351 3890 1525 3959 impleturum
1548 3903 1603 3943 esse
1629 3888 1706 3956 quod
1727 3888 1838 3942 nonen.

994 3985 1113 4053 Recepit,
1129 3982 1267 4051 implenit;
1288 3986 1314 4035 et
1328 3980 1417 4034 adbsrc
1433 3993 1528 4033 manus
1544 3978 1661 4032 excelsa.
1691 3977 1839 4046 suentes

993 4086 1046 4126 non
1069 4074 1199 4135 tmaerat,
1212 4073 1260 4123 aut
1279 4071 1396 4135 sortasse
1408 4072 1494 4122 tenere
1506 4069 1692 4131 recusauerat,
1714 4071 1742 4119 et
1755 4081 1784 4121 sa
1797 4077 1840 4119 nos

992 4162 1113 4230 potuisse
1126 4163 1303 4213 excusaverat
1317 4175 1325 4211 ε
1342 4159 1411 4211 Deus
1424 4155 1542 4211 uiderat.
1553 4156 1614 4209 lam
1629 4159 1688 4209 tum
1702 4158 1766 4224 post
1778 4156 1840 4220 teste

995 4250 1087 4303 onznia
1100 4249 1260 4317 receptionis
1275 4261 1340 4312 suae,
1370 4248 1399 4299 in
1410 4246 1563 4314 paralysim
1578 4244 1696 4298 soluitur
1709 4244 1805 4298 multis
1816 4255 1841 4295 ac

992 4336 1193 4406 perseomnibus
1212 4333 1347 4402 membris,
1369 4339 1393 4388 et
1413 4334 1495 4388 etiam
1516 4333 1621 4400 tinpua.
1647 4333 1723 4386 Tunc
1747 4330 1840 4386 somnio

995 4426 1150 4480 admonitus
1162 4426 1303 4492 corrfitetur
1316 4424 1551 4492 perscripturum,
1567 4421 1600 4475 ob
1615 4422 1665 4475 boc
1679 4420 1736 4475 sibi
1748 4420 1842 4475 dinan

994 4529 1050 4569 esse
1064 4513 1205 4580 accidisse,
1216 4512 1289 4581 quod
1298 4511 1448 4582 spmboium
1457 4526 1510 4564 non
1521 4509 1686 4565 reddiderit.
1700 4511 1766 4564 Post
1775 4509 1841 4564 illan

994 4605 1185 4670 consessionem
1210 4601 1363 4655 redduntur
1387 4602 1480 4669 omcia
1510 4601 1629 4653 omnium
1657 4598 1841 4661 mambrem,

993 4690 1159 4758 nisilinpue
1173 4691 1275 4745 solius:
1291 4705 1319 4743 se
1340 4693 1429 4744 tamen
1447 4689 1575 4743 didicisse
1589 4686 1753 4755 symbolum
1774 4685 1842 4741 ider·

995 4797 1046 4852 que
1060 4780 1356 4849 mernoriajumtcnere,
1372 4779 1550 4832 nibilominus
1565 4775 1844 4831 ineademtentaticnt

995 4871 1094 4925 litteris
1106 4870 1199 4934 fassus
1213 4872 1253 4923 est
1267 4884 1274 4921 ε
1288 4868 1379 4935 sicque
1391 4867 1476 4921 emeris
1491 4869 1530 4919 est
1549 4864 1582 4918 ab
1605 4879 1635 4918 eo
1649 4863 1741 4919 delete
1764 4875 1843 4930 napa·

995 4961 1081 5025 cites;
1098 4972 1168 5028 qua,
1178 4961 1209 5010 ut
1221 4956 1410 5021 scismatum
1419 4952 1845 5022 decolorabatnaturaiemquam

995 5047 1060 5102 dom
1072 5047 1131 5115 ejus
1145 5045 1347 5114 benignitatem,
1363 5058 1474 5112 cumque
1489 5044 1668 5096 insultantem
1683 5039 1844 5098 Christianis

994 5135 1115 5202 faciebat
1127 5134 1377 5200 ealdesccritspum
1391 5134 1490 5202 (Epist.
1505 5132 1581 5198 227).

1328 5222 1443 5278 CAPUT
1467 5221 1513 5277 tu.

91 5312 237 5384 octaginta
247 5315 309 5366 octo
324 5311 446 5366 hereses
456 5309 486 5364 in
502 5310 596 5382 primo
610 5312 684 5367 libro
700 5317 867 5368 enumerat:
893 5329 941 5368 nc·
999 5316 1008 5366 t
1022 5313 1182 5379 bonifacius
1188 5327 1249 5367 cum
1256 5309 1383 5366 Placidia
1396 5311 1427 5364 in
1438 5311 1559 5376 praetem
1572 5305 1764 5376 reditiidque,
1778 5319 1846 5377 pre·

88 5416 145 5470 qne
165 5400 284 5472 proinde
314 5403 457 5474 quotquot
477 5414 508 5453 ra
538 5414 676 5471 anquam,
701 5404 751 5456 aut
783 5417 882 5457 esrum
901 5401 937 5456 de
1033 5408 1072 5457 ter
1086 5405 1166 5471 ulios,
1191 5406 1297 5468 epente,
1321 5406 1352 5456 ut
1370 5400 1517 5467 videbitur,
1542 5400 1626 5454 Dasio
1637 5400 1735 5454 comite
1750 5415 1758 5465 ;
1772 5395 1847 5467 cuju

90 5488 195 5558 quibus
209 5491 349 5560 loquitur,
364 5490 501 5562 dogmata
521 5489 619 5544 omnia
634 5507 664 5545 se
687 5490 862 5546 recensuisse
885 5490 939 5546 sibi
1036 5491 1186 5545 amicitiem
1202 5492 1320 5560 quartat
1335 5491 1516 5556 Augustinus.
1540 5489 1666 5542 tVictus
1679 5503 1698 5542 a
1714 5485 1847 5543 Vandalis
