3884 6112
127 223 190 279 teas

818 219 1033 277 tralucente
1052 217 1185 277 DECEM.

1836 210 1887 264 liii

125 344 269 401 Socratem
284 344 442 417 Chrysippo
462 344 583 399 dicimus
598 361 657 400 esse
674 344 753 399 vultu
777 344 970 400 consimilem.
1029 345 1199 415 pennatum,
1209 340 1254 395 vel
1264 337 1365 410 capitis
1377 337 1557 417 capitatum:
1573 333 1606 389 id
1618 347 1757 404 namque
1769 332 1819 404 qui
1831 334 1888 390 dixe

125 417 266 473 Ceterum
282 433 339 488 quo
353 421 435 486 pacto
460 417 502 469 vel
527 416 601 487 quis,
619 416 660 469 vel
677 416 721 469 cui
737 415 772 469 sit
796 415 898 470 similis
925 416 976 470 de·
1029 414 1077 482 rit,
1102 412 1280 468 irridebitur.
1306 411 1370 465 lisso
1392 424 1467 463 euim
1492 410 1645 479 pennato,
1672 419 1737 458 non
1760 419 1795 458 ex
1815 421 1888 474 mum

127 488 360 553 monstrabimus,
374 487 429 540 nisi
442 491 470 540 ct
484 488 548 557 quis
560 486 660 540 similis
668 487 713 552 sit,
728 491 756 540 et
766 486 811 540 cui
826 486 862 540 sit
874 486 976 541 similis

127 558 314 631 personaliter
335 557 511 611 indicemus?
528 558 581 612 Sed
601 561 667 610 sunt
687 557 824 628 quidnam
844 557 894 629 qni
909 558 976 612 huic

128 629 288 685 definitioni
316 629 404 681 velint
433 644 545 682 movere
574 629 746 700 superlluam
775 629 974 698 quaestionem,
1005 691 1006 694 Ἰ

129 704 287 754 asserentes
301 699 421 752 inveniri
435 699 561 769 possead
573 700 682 770 aliquid
696 699 804 753 dictum
818 701 894 770 quod
910 704 976 754 ante

49 833 52 837 ,
128 770 172 836 sit,
182 774 313 840 etpestea
324 775 455 823 nascatur
470 770 544 840 qnod
558 770 592 825 de
606 770 668 841 ipse
683 770 783 825 debeat
797 770 974 841 nuncupari3

130 846 161 896 ut
171 845 232 912 jam
256 840 403 894 videantur
428 841 488 894 lime
504 841 560 896 duo
576 858 628 895 nec
647 846 711 894 ortu
736 857 788 895 nec
802 857 902 896 occasu
923 841 977 895 sibi

129 928 189 967 esse
204 912 374 981 conjuncta:
391 927 423 964 ac
438 912 507 965 dant
528 913 659 982 exempla
679 912 783 965 scibilis
798 917 826 966 et
841 912 975 978 scientim,

129 987 285 1037 asserentes
309 986 375 1035 ante
399 982 494 1035 scibile
511 983 606 1050 fnisse,
623 988 651 1037 et
674 987 736 1053 pest
752 984 814 1053 ejus
830 983 978 1037 scientiam

129 1053 977 1125 consecutam.Verbigratiaapudgeometricosauteypcppi,

129 1125 173 1180 vel
188 1124 310 1178 circulus
330 1123 391 1190 fuit,
408 1124 455 1178 scd
472 1139 571 1179 eorum
590 1125 708 1178 scientia
723 1131 847 1196 posteaa
865 1127 980 1194 sapien·

129 1196 207 1250 tibus
221 1194 428 1264 comprehensa
442 1199 503 1248 est:
519 1202 727 1266 proptereaque
743 1201 807 1250 ante
823 1194 909 1249 fnisse
925 1196 978 1249 sci·

129 1267 197 1335 bile,
215 1267 244 1319 in
267 1280 323 1335 que
347 1266 436 1336 possit
459 1264 576 1320 scientia
591 1266 719 1336 reperiri.
737 1267 793 1320 Hoc
810 1269 979 1336 argumente

129 1337 220 1409 igitur
234 1339 395 1390 monstrent
410 1336 500 1389 maille
519 1353 578 1389 csse
594 1338 679 1406 liujus
698 1337 858 1407 sategerim,
876 1337 980 1406 quibus

131 1424 188 1463 non
202 1411 230 1461 et
246 1411 324 1460 ortus
336 1411 365 1458 ct
387 1422 501 1459 occasus
523 1407 654 1460 videatur
677 1423 736 1460 esse
762 1407 930 1461 communis.
947 1407 981 1461 Et

131 1477 274 1532 sensibilis
296 1475 374 1528 enim
396 1491 551 1546 sensusque
576 1480 739 1547 exemplum
762 1478 849 1532 simili
870 1476 980 1530 ratione

131 1554 261 1603 constare
284 1546 476 1599 centendunt:
500 1547 640 1627 siquidem
663 1548 807 1602 sensibilia
830 1553 896 1602 ante
919 1548 980 1602 tue·

132 1619 200 1674 rint.
225 1618 369 1670 Elementa
393 1616 469 1670 enim
496 1618 600 1688 quibus
624 1634 710 1673 omne
733 1634 837 1689 corpus
860 1623 979 1685 constat,

131 1697 197 1744 ante
221 1688 346 1752 luerunt,
374 1702 460 1756 quam
490 1703 593 1759 corpus
617 1706 648 1744 ex
678 1689 722 1743 his
743 1690 860 1760 aliquod
884 1706 981 1744 nasce·

132 1765 220 1824 retur,
243 1757 271 1809 in
287 1772 344 1827 que
360 1773 459 1811 sensus
477 1759 618 1813 existeret.
636 1759 685 1814 llis
700 1760 789 1830 igitur
803 1761 980 1831 argumentis

132 1829 284 1885 ostendunt
299 1826 495 1884 definitionem
510 1831 671 1901 categoriae,
689 1847 752 1901 quae
769 1830 803 1885 ad
819 1831 924 1903 aliquid
941 1831 980 1885 di·

132 1901 217 1970 citur,
236 1914 294 1953 non
321 1902 396 1953 recte
425 1915 485 1954 esse
509 1901 630 1955 deliram
664 1903 728 1956 llaec
756 1904 849 1956 solent
878 1918 979 1973 parum

131 1971 285 2041 diligenter
299 1974 430 2024 naturam
444 1988 540 2026 rerum
556 1972 699 2027 intuentes
719 1977 855 2027 astruere.
879 1973 981 2028 Omnia

131 2042 208 2096 enim
224 2056 288 2112 quae
302 2045 377 2104 sunt,
401 2045 450 2096 aut
472 2042 597 2096 naturali
618 2043 748 2114 petentia
767 2043 900 2098 dicuntur
920 2060 980 2098 esse

132 2117 182 2169 aut
219 2110 383 2182 operatione
422 2112 555 2180 faciendi,
590 2130 660 2184 quas
696 2115 785 2169 Greci
819 2122 921 2183 escape
940 2124 982 2170 act

132 2190 254 2256 ὶνέργιιιν
281 2186 393 2236 vocant.
423 2184 497 2248 Ortus
535 2185 559 2238 si
592 2185 656 2256 quis
687 2201 818 2255 separare
848 2186 979 2247 veluerit,

132 2270 185 2310 nec
211 2255 270 2308 ulla
294 2251 429 2308 societate
448 2255 621 2310 contundere
645 2255 785 2327 intelliget
812 2255 847 2310 ad
871 2255 981 2327 aliquid

132 2325 242 2380 dictum
256 2338 314 2379 non
328 2338 412 2392 pesse
427 2342 487 2380 esse
503 2326 563 2381 sine
578 2327 677 2393 altero,
695 2329 777 2398 cujus
792 2343 853 2381 esse
867 2327 979 2381 dicitur.

132 2395 229 2452 Scibili
244 2395 320 2451 enim
337 2402 448 2468 γραμμὴ,
463 2397 520 2451 sive
533 2397 649 2462 circulo,
663 2397 693 2451 in
715 2397 776 2469 ipso
791 2402 856 2452 ortu
871 2403 981 2452 naturae

133 2465 251 2520 scientia
273 2469 380 2523 sociata
394 2468 446 2521 est.
469 2468 558 2522 Simul
587 2483 712 2539 namque
741 2473 773 2522 ut
799 2468 897 2523 scibile
919 2484 981 2523 esse

132 2535 227 2608 ooepit,
243 2537 343 2593 habuit
368 2537 514 2592 scientiam
539 2537 593 2603 sui,
609 2539 657 2592 sed
672 2539 794 2594 necdum
810 2546 926 2610 ἑνεργεια,
952 2539 980 2593 id

133 2610 176 2662 est
199 2610 363 2677 operatione
387 2613 543 2663 monstrata
562 2613 614 2663 est.
637 2611 698 2663 Non
722 2625 789 2680 erge
809 2615 877 2664 tuno
896 2610 982 2680 caepit

133 2693 194 2732 esse
218 2679 335 2735 scientie
356 2681 428 2751 ejus,
452 2680 565 2750 quande
586 2680 670 2751 coepit
691 2680 814 2751 operari,
839 2682 889 2734 sed
916 2697 981 2735 cum

133 2748 194 2820 ipso
205 2749 295 2804 scibili
305 2757 367 2806 orta
381 2757 433 2816 est,
444 2751 570 2822 operatio
581 2757 679 2822 postea
690 2757 733 2805 est
746 2757 907 2805 consecuta.
921 2752 981 2806 Dis-

133 2835 249 2874 cernere
273 2822 350 2877 cnim
380 2839 431 2877 nos
460 2826 571 2892 eportet
603 2822 778 2892 operationis
805 2822 979 2877 exordium:

132 2894 200 2945 tunc
220 2891 297 2947 enim
317 2909 470 2965 pessumus
487 2893 632 2947 advertere
648 2892 794 2947 scientiam
810 2909 875 2946 cum
890 2893 980 2947 scibili

133 2976 192 3016 esse
216 2969 406 3033 procreatam,
429 2963 626 3034 operationem
650 2980 714 3017 vere
739 2964 799 3034 ejus
815 2964 981 3034 apparuisse

111 3030 120 3039 '
132 3036 232 3103 postea
242 3034 424 3107 indagatione
438 3033 632 3106 prudentium.
645 3034 754 3098 Quibus
764 3034 898 3105 depulsis,
911 3035 982 3105 opti·

133 3117 179 3157 ma
194 3103 323 3160 delinitio
341 3112 383 3159 est
397 3106 432 3160 ad
445 3105 553 3176 aliquid
577 3106 741 3173 relatorum,
762 3121 874 3176 semper
893 3121 926 3159 ea
943 3106 980 3159 si·

132 3174 193 3228 mul
209 3176 251 3229 vel
268 3175 420 3246 exstingui,
438 3176 481 3230 vel
495 3175 580 3229 nasci.
595 3176 666 3230 lllud
682 3193 749 3230 sane
766 3176 903 3230 debemus
918 3192 978 3230 me·

132 3244 223 3298 moria
243 3246 386 3301 continere
407 3263 463 3300 uon
485 3245 581 3299 emnia
604 3246 637 3299 ad
659 3247 768 3318 aliquid
788 3247 862 3300 dicta
880 3246 982 3301 iisdem

132 3314 243 3369 casibus
257 3316 357 3371 reterri
372 3318 405 3372 ad
423 3333 455 3370 aa
468 3317 571 3387 quibus
581 3317 757 3387 junguntur;
773 3317 820 3371 sed
837 3318 892 3370 alia
905 3318 983 3388 geni-

131 3385 188 3440 tivo
204 3387 291 3455 casui,
311 3387 364 3442 alia
381 3388 484 3455 dative,
506 3388 586 3456 plera
608 3403 644 3441 ue
659 3387 781 3442 ablativo
797 3389 932 3459 copulari.
951 3390 983 3443 Et

131 3456 258 3526 genitivo
280 3459 407 3530 quidem,
424 3463 456 3512 ut
470 3474 566 3512 servus
588 3404 710 3526 sdemini,
733 3459 851 3530 duplum
868 3459 977 3529 simpli.

132 3528 242 3598 Dativo,
259 3530 352 3584 simile
370 3529 466 3598 simili,
483 3546 535 3600 par
549 3528 619 3600 pari.
643 3529 772 3584 Ablative
793 3546 870 3599 aere,
889 3531 982 3584 sensi·

62 3611 67 3617 ·
130 3598 188 3655 bilo
206 3615 290 3654 sensu
305 3601 449 3669 sensibile,
467 3601 565 3655 scibile
581 3600 699 3654 scientia
716 3600 821 3669 scibile,
839 3607 866 3655 et
880 3606 983 3657 caetera

129 3668 305 3740 hujusmodi,
328 3689 392 3744 quae
411 3671 496 3725 uariis
518 3670 629 3726 casibus
649 3671 767 3726 alterius
782 3672 915 3727 societate
932 3688 981 3727 ne·

128 3743 256 3795 ciuntur.
272 3743 348 3797 lnest
361 3747 459 3797 autem
481 3742 546 3797 huic
562 3744 712 3813 categoriae
727 3746 754 3796 et
774 3743 826 3797 seli
848 3747 876 3798 et
890 3743 980 3810 emni,

130 3810 245 3866 utinter
255 3813 405 3884 conjuncta
415 3814 481 3882 due,
494 3829 559 3884 quoe
569 3829 601 3867 ex
613 3830 641 3867 se
651 3813 806 3884 pendeant,
819 3813 854 3868 sit
873 3813 982 3869 alterna

130 3881 286 3949 conversio,
308 3898 372 3952 quae
392 3900 483 3954 graece
504 3883 606 3937 dicitur
625 3890 782 3955 ἀναστροφή.
805 3885 840 3938 Ut
861 3884 981 3956 duplum

129 3949 227 4019 simpli
237 3950 352 4033 dicitur,
369 3958 397 4007 et
410 3953 545 4023 simplum
560 3953 650 4078 dupli,
665 3958 694 4007 et
705 3969 802 4007 servus
816 3953 935 4023 demini,
953 3961 981 4011 et

129 4020 263 4075 deminus
278 4037 360 4077 servi.
378 4025 503 4094 Apparet
517 4039 586 4094 erge
622 4039 661 4077 aec
681 4023 812 4094 copulata
831 4024 935 4079 vicaria
950 4026 981 4081 in

129 4096 218 4146 semet
232 4093 417 4163 replicatione
431 4094 565 4162 converti,
583 4094 606 4148 si
622 4099 718 4149 tamen
733 4094 854 4149 scienter
870 4101 899 4151 et
912 4113 980 4168 pru-

128 4162 228 4218 denter
242 4163 296 4219 ista
310 4165 358 4220 fiat
373 4165 529 4221 cenversio.
546 4166 617 4220 Nam
632 4165 656 4219 si
670 4165 802 4236 imperite
817 4167 878 4222 haec
898 4184 980 4223 veca-

128 4234 196 4289 bula
211 4241 423 4305 convertantur,
441 4236 533 4291 oritur
548 4253 652 4308 magna
666 4237 813 4291 conlusio:
831 4242 862 4292 ut
878 4238 979 4310 siquis

128 4303 261 4376 imperite
285 4307 399 4377 dixerit,
420 4308 479 4362 avis
497 4323 633 4378 pennam,
653 4309 738 4362 stulta
758 4309 904 4362 cenversio
927 4315 978 4365 est.

127 4375 191 4431 Non
206 4377 281 4432 enim
293 4394 388 4449 penna
401 4379 496 4434 emnis
511 4379 568 4434 aris
583 4383 625 4432 est
636 4395 642 4433 :
655 4379 679 4432 si
691 4379 807 4460 quidem
823 4384 889 4434 snnt
903 4397 981 4451 quae·

126 4446 193 4501 dum
202 4464 314 4520 pennas,
323 4466 387 4522 quae
396 4467 454 4505 non
466 4455 531 4505 sunt
540 4450 644 4518 avium,
653 4450 861 4519 utcreadarum,
870 4466 981 4506 musca·

127 4532 203 4584 rum,
214 4524 443 4593 ceterorumque
458 4521 637 4587 animalium,
652 4537 716 4591 quae
728 4521 861 4574 similiter
875 4527 979 4577 natura

126 4586 265 4669 formavit.
276 4590 356 4654 Quod
367 4592 390 4645 si
403 4592 598 4673 quispcnnam
607 4592 722 4717 pennati
733 4607 855 4662 pennam
863 4592 977 4661 dixerit,

167 4674 208 4712 asi
222 4665 284 4713 rata
298 4677 444 4716 conversio
463 4667 513 4717 est.
531 4665 587 4718 lloc
616 4680 666 4717 oce
683 4662 795 4717 libitum
817 4666 869 4728 est,
893 4679 976 4734 quas-

145 4745 191 4782 am
206 4731 348 4800 tenebras,
365 4749 430 4804 quea
445 4749 591 4802 emergere
603 4750 635 4788 cx
648 4734 861 4805 categoriarum
874 4733 977 4789 simili·

124 4799 224 4854 tudine
241 4802 373 4857 assolent.
389 4804 511 4874 aperire.
528 4803 675 4876 Siquidem
690 4821 756 4860 cum
769 4804 891 4860 dicimus
905 4821 977 4876 pen·

125 4886 193 4951 nam
207 4873 334 4943 pennati,
351 4878 380 4927 et
393 4880 479 4946 caput
496 4891 527 4930 ca
550 4875 621 4944 itati,
643 4876 774 4931 ridemur
792 4875 860 4930 usiae
882 4883 977 4947 partes

124 4957 154 4996 rn
170 4943 364 4997 accidentibus
380 4961 498 5015 ponere.
522 4892 619 5001 lycous
641 4946 717 5000 enim
732 4947 792 5002 sine
808 4946 895 5002 dubio
910 4964 976 5018 pars

123 5014 193 5069 usiae
208 5020 259 5077 est,
276 5015 320 5069 vel
337 5021 422 5086 caput
435 5017 478 5071 vel
493 5033 604 5086 manus,
620 5033 684 5143 quae
701 5017 724 5070 si
734 5019 768 5072 ad
780 5019 889 5090 aliquid
904 5020 976 5074 rete·

123 5091 232 5154 rantur,
250 5086 325 5140 inter
343 5085 418 5141 usias
435 5091 462 5141 et
482 5088 516 5142 ad
531 5088 619 5159 aliqui
659 5089 801 5143 videbitur
818 5090 898 5143 nulla
913 5105 974 5145 esso

122 5153 263 5211 discretio.
282 5158 318 5212 Ut
331 5157 421 5228 igitur
434 5164 600 5213 amoveatur
620 5159 752 5214 universa
768 5160 906 5228 conlusio,
923 5161 973 5216 ad-

1030 485 1190 552 descendit;
1211 498 1305 554 nequo
1335 495 1430 551 penna
1454 495 1488 534 ex
1506 483 1648 550 pennato
1663 482 1794 530 constat.
1808 476 1888 532 Simili

1030 559 1129 628 terque
1143 554 1299 626 capitatum
1315 568 1372 606 nen
1385 556 1497 605 constat
1516 566 1554 604 ex
1578 547 1694 620 capite,
1711 563 1810 617 neque
1825 557 1889 619 capu

1031 644 1063 681 ex
1085 627 1209 697 capitale
1231 624 1343 678 videtur
1364 621 1529 677 consistere.
1549 624 1592 674 At
1616 618 1703 691 quod
1726 633 1793 672 rere
1807 619 1840 672 ad
1855 621 1890 673 ali

1052 698 1098 752 uid
1124 697 1227 752 dicitur
1251 693 1377 750 converti
1398 709 1450 764 per
1473 692 1553 746 sices
1578 695 1698 762 potest,
1724 695 1759 743 nt
1782 693 1889 760 superius

1030 715 1164 834 diximus,
1186 767 1319 822 dominns
1340 765 1411 819 servi
1435 764 1591 825 dominus,
1616 766 1648 816 et
1673 776 1781 814 servus
1802 761 1888 816 demini

1031 855 1150 894 servus:
1169 843 1197 892 et
1220 853 1317 892 rursus
1337 836 1480 890 subtracto
1503 848 1596 888 servo
1618 832 1767 887 dominus
1785 847 1838 885 non
1850 838 1888 895 est,

1032 915 1141 965 remoto
1161 909 1279 963 domino
1299 923 1351 962 nec
1370 922 1467 961 servus
1486 908 1629 976 apparet.
1654 904 1824 958 Pennatum
1839 920 1888 957 aero

1032 997 1091 1036 esse
1106 997 1124 1051 p
1138 980 1222 1044 eterit,
1238 979 1324 1033 etiam
1336 993 1432 1048 penna
1445 980 1611 1048 pereunte;
1623 978 1656 1028 ct
1668 989 1791 1027 rursum
1805 990 1887 1044 penna,

1032 1056 1169 1123 pereunte
1184 1056 1319 1121 pennato,
1335 1053 1428 1120 potest
1442 1064 1514 1103 esse.
1534 1045 1742 1101 Considerata
1759 1061 1825 1115 erge
1838 1046 1888 1100 ded-

1032 1123 1141 1178 nitiene
1157 1123 1241 1192 buJ'us
1256 1120 1416 1191 categoriae,
1433 1119 1544 1189 poterit
1565 1117 1666 1171 etiam
1683 1116 1887 1170 confusionisex

1033 1193 1220 1248 similitudine
1245 1197 1348 1246 exertae
1368 1189 1500 1245 discretio
1526 1188 1680 1259 reperiri.
1702 1187 1812 1241 Eodem
1827 1193 1888 1257 pacto

1032 1280 1185 1337 possumus
1200 1263 1272 1317 hanc
1287 1261 1459 1333 categoriam
1474 1265 1503 1314 et
1523 1259 1564 1313 ab
1580 1257 1798 1330 oppositorum
1810 1258 1888 1313 simili-

1032 1335 1132 1390 tudine
1146 1350 1288 1404 separare.
1300 1335 1369 1388 Nam
1384 1337 1413 1386 et
1426 1331 1566 1403 opposita
1583 1337 1758 1400 decempes:
1777 1331 1888 1384 tristes

1033 1407 1074 1461 les
1096 1410 1187 1471 vocat,
1208 1405 1359 1477 quamdam
1385 1403 1471 1474 hujus
1493 1402 1667 1472 categoriae
1694 1401 1889 1455 similitudinem

1034 1477 1179 1531 reddunt:
1195 1476 1336 1547 siquidem
1351 1475 1475 1554 calidum
1490 1477 1521 1526 et
1535 1473 1694 1543 trigidum
1711 1472 1840 1552 videntur
1851 1472 1889 1525 sibi

1033 1548 1558 1689 tltltlt’lattitulati?
1572 1543 1889 1695 ..titillari

1031 1689 1141 1761 justum
1166 1704 1224 1742 non
1244 1688 1342 1757 injusti
1368 1687 1522 1751 'ustum‚s
1589 1690 1712 1755 injusto
1738 1695 1889 1739 contrarium

1034 1759 1225 1815 nominemus.
1240 1704 1547 1828 Aristoteiesquidem
1561 1761 1597 1810 nt
1613 1757 1651 1810 in
1667 1755 1817 1827 principio
1827 1757 1889 1826 hujus

1034 1831 1185 1901 categoria
1199 1830 1333 1890 diximus,
1350 1829 1438 1883 multa
1459 1828 1602 1897 exempla
1619 1828 1782 1898 proponit,
1797 1827 1889 1899 quati

1035 1902 1107 1956 hanc
1123 1917 1180 1956 non
1195 1901 1248 1955 sub
1262 1906 1338 1954 certa
1353 1901 1444 1955 terma
1459 1898 1615 1970 pertinere
1634 1899 1806 1962 videantur,
1816 1900 1889 1952 rolens

1035 1973 1069 2027 de
1084 1972 1324 2044 consequentibns
1338 1970 1552 2041 reprehendere
1567 1969 1647 2023 vitia
1660 1981 1843 2035 caeterorum,
1854 1970 1889 2039 qni

1034 2043 1109 2098 hanc
1132 2058 1212 2097 secus
1234 2042 1353 2096 definire
1376 2040 1541 2095 voluerunt.
1561 2041 1709 2122 Denique
1730 2046 1760 2095 et
1778 2043 1889 2094 sinuum

1034 2113 1150 2168 malitiae
1166 2118 1194 2168 et
1206 2112 1331 2167 scientim
1346 2110 1554 2183 ignorantiam,
1571 2127 1667 2182 quasa
1684 2111 1721 2166 ad
1735 2111 1841 2183 aliquid
1851 2127 1889 2181 pe

1035 2185 1100 2251 suit,
1116 2200 1207 2256 eaque
1223 2184 1292 2238 dirit
1306 2199 1389 2254 posse
1408 2182 1541 2252 recipcre
1556 2183 1765 2248 contrarium,
1781 2198 1836 2236 nen
1848 2197 1888 2253 que

1034 2254 1074 2309 ita
1088 2271 1132 2309 res
1145 2256 1279 2327 postulet,
1291 2253 1340 2309 sed
1351 2259 1380 2308 ut
1391 2252 1505 2308 indocte
1522 2252 1748 2308 disserentium
1765 2254 1832 2309 vitia
1842 2269 1889 2324 pos

1035 2330 1077 2380 set
1087 2326 1247 2381 ostendere.
1264 2327 1328 2380 Hac
1341 2340 1474 2395 numque,
1486 2328 1520 2376 ut
1536 2323 1688 2392 superius
1698 2325 1888 2396 explicavimus

1096 2396 1273 2467 esitapotius
1286 2412 1372 2477 qnam
1385 2395 1419 2449 ad
1433 2394 1545 2466 aliquid
1559 2395 1646 2450 dicta
1658 2396 1819 2466 judicanda
1832 2402 1888 2449 sunt

1017 2523 1018 2526 ,
1035 2414 1103 2524 iiiiii
1120 2483 1195 2531 vcro,
1211 2471 1243 2522 nt
1258 2472 1285 2521 et
1300 2466 1355 2539 ipsi
1369 2465 1513 2520 Aristoteli
1528 2466 1646 2546 placet,
1664 2468 1765 2539 magis
1779 2467 1888 2521 etmiuus

1035 2539 1097 2593 hec
1119 2537 1272 2609 categoria,
1287 2554 1345 2592 nen
1368 2535 1463 2592 omnis
1482 2536 1626 2607 quidem,
1646 2553 1704 2592 nec
1724 2539 1786 2592 sola
1802 2537 1890 2591 ridetur

1035 2626 1119 2682 pesse
1131 2609 1284 2678 susscipere.
1301 2607 1398 2663 Simile
1412 2607 1488 2662 enim
1505 2607 1649 2673 cuilibet,
1664 2614 1695 2663 et
1705 2609 1799 2679 magis
1807 2608 1888 2671 simile,

1036 2685 1064 2735 et
1084 2680 1180 2735 minus
1201 2680 1294 2734 simile
1318 2694 1470 2751 possumus
1490 2678 1605 2732 dicere.
1634 2681 1697 2734 Sed
1721 2681 1777 2734 hoc
1799 2695 1850 2733 nun
1868 2680 1888 2731 in

1036 2751 1180 2813 omnibus,
1196 2755 1226 2805 ut
1244 2749 1312 2820 dixi,
1331 2766 1396 2823 quae
1417 2748 1540 2803 suntad
1560 2750 1688 2820 aliquid
1708 2751 1814 2823 poterit
1827 2751 1888 2804 inse-

1036 2822 1101 2876 niri.
1116 2823 1243 2893 Namque
1258 2836 1310 2876 nec
1326 2821 1418 2892 magis
1429 2824 1524 2890 pater,
1535 2836 1593 2874 nec
1609 2822 1719 2876 minus
1730 2825 1888 2893 paterpetest

1036 2892 1108 2959 dici3
1124 2909 1177 2946 nec
1200 2892 1295 2946 minus
1318 2892 1403 2954 tilius,
1422 2895 1471 2944 aut
1494 2891 1595 2962 magis
1618 2891 1726 2960 titius;
1743 2909 1795 2948 nee
1814 2891 1887 2946 minse

1036 2963 1166 3035 duplum,
1182 2970 1231 3017 aut
1245 2962 1337 3033 magis
1350 2963 1478 3034 duplum.
1494 2962 1558 3015 Non
1575 2977 1638 3017 nos
1653 2969 1759 3019 autem
1775 2964 1887 3030 tulleta

1034 3040 1168 3105 putemus
1189 3033 1226 3088 ad
1248 3033 1357 3105 aliquid
1378 3049 1439 3088 esse
1459 3032 1588 3104 quoties,
1607 3034 1696 3089 verbi
1718 3032 1885 3107 gratiadici·

1034 3121 1110 3171 mus,
1120 3106 1201 3176 cujus
1216 3119 1316 3176 equus,
1330 3105 1374 3158 sel
1386 3104 1466 3229 copus
1476 3104 1610 3183 lignum,
1624 3107 1673 3159 vel
1689 3106 1885 3177 cujnsinudus:

1035 3176 1097 3230 baec
1111 3177 1188 3230 enim
1208 3175 1367 3243 dominum,
1384 3190 1417 3229 ve
1464 3175 1630 3228 ossidentis
1646 3193 1808 3246 personam
1830 3190 1886 3231 mou

1036 3246 1165 3311 sinantia,
1181 3262 1241 3301 non
1257 3247 1290 3301 ad
1306 3246 1414 3318 aliquid
1434 3191 1508 3299 dicta
1522 3253 1681 3301 censenda
1697 3254 1781 3302 saint.
1801 3250 1836 3302 lle
1847 3261 1888 3317 qua

1036 3318 1179 3388 categoria
1202 3322 1343 3389 quantum
1367 3316 1526 3389 potuimus,
1550 3318 1818 3387 explanavimus:
1841 3319 1887 3371 licet

1035 3393 1115 3469 tanta
1136 3388 1202 3443 huic
1224 3404 1289 3443 cum
1311 3389 1421 3442 caeteris
1442 3385 1577 3468 videatur
1602 3404 1671 3443 esse
1692 3390 1853 3462 permixtio,
1866 3394 1888 3439 ut

1035 3456 1889 3601 tltilllis.lilii?bslllbttztlttttdtlll.

1036 3601 1171 3656 indecens
1185 3601 1359 3656 retractatio.

1035 3672 1149 3727 CAPUT
1165 3673 1220 3726 llll.
1234 3701 1268 3713 -
1279 3675 1316 3727 De
1325 3672 1466 3743 qualitate.
1481 3672 1595 3742 Species
1610 3676 1772 3743 qualitatis
1785 3680 1888 3745 quales.

1055 3743 1197 3820 babitus.
1214 3744 1337 3813 Affectio.
1358 3745 1479 3799 Potentia
1493 3746 1656 3800 naturalis.
1674 3748 1802 3802 Possisae
1819 3745 1886 3816 qulb-

1072 3818 1152 3868 tetes.
1423 3831 1427 3843 ·

1071 3885 1152 3939 Nunc
1177 3883 1212 3938 de
1231 3884 1367 3957 qualitate
1389 3887 1555 3952 tractemus,
1575 3888 1755 3944 secundnm
1779 3901 1891 3961 qrramer

1036 3959 1192 4026 quaeunt,
1208 3955 1305 4027 qualia
1318 3960 1531 4026 nuncupantur.
1548 3956 1642 4014 Multi
1656 3966 1765 4015 antem
1782 3964 1891 4032 querunt

1036 4025 1108 4097 quid
1125 4025 1162 4079 sit
1182 4027 1315 4097 qualitas,
1338 4026 1456 4099 etquid
1479 4027 1579 4098 quale,
1603 4046 1744 4102 quornm
1764 4031 1847 4087 facilis
1861 4043 1891 4081 se

1035 4096 1146 4168 paralio
1174 4102 1226 4151 est.
1257 4097 1426 4161 Qualitatem
1455 4113 1587 4169 namque
1620 4102 1759 4157 dicimus
1786 4099 1890 4158 dulcedi·

1036 4183 1113 4235 nem,
1141 4168 1346 4236 austeritatem,
1375 4168 1549 4236 albedinem,
1584 4169 1798 4243 nigredinem.
1822 4171 1892 4238 enee

1035 4255 1101 4293 vero
1116 4237 1297 4311 intelligitur,
1314 4239 1427 4311 quoties
1440 4240 1537 4294 album
1555 4241 1692 4314 aliquid,
1704 4247 1753 4299 vel
1767 4243 1892 4309 dulcem

1035 4316 1188 4370 austerum,
1204 4312 1247 4364 vel
1271 4310 1388 4381 nigrum
1408 4309 1543 4367 dicimus.
1567 4312 1655 4369 Licet
1671 4316 1842 4371 Aristoteles
1857 4314 1892 4368 in·

1034 4380 1200 4434 differenter
1214 4385 1242 4435 et
1253 4397 1305 4452 pre
1321 4380 1456 4453 qualitate
1472 4381 1558 4453 quale
1575 4388 1735 4457 posuerit,
1751 4393 1781 4442 et
1795 4385 1892 4458 qualia

1034 4455 1155 4574 tempto
1168 4452 1256 4523 quali,
1268 4457 1475 4524 proptereaque
1485 4453 1576 4508 etiam
1589 4472 1648 4510 nos
1664 4459 1810 4514 eumdem
1822 4456 1893 4512 sectili

1034 4522 1099 4575 simi
1112 4522 1139 4575 ia
1150 4523 1333 4579 senserimus.
1349 4525 1425 4578 lianc
1439 4528 1536 4578 autem
1548 4529 1746 4598 categoriam
1759 4536 1893 4601 propterea

1033 4593 1144 4646 caeteris
1165 4593 1355 4649 difficiliorem
1374 4594 1481 4661 volunt,
1504 4594 1576 4665 quia
1593 4598 1720 4654 facilius
1745 4617 1833 4673 quam
1851 4615 1892 4653 ce·

1032 4667 1100 4718 terae
1112 4664 1141 4717 in
1152 4678 1252 4718 emncs
1265 4665 1376 4720 ridetur
1386 4665 1531 4720 incurrere
1543 4692 1550 4719 ι
1564 4674 1601 4722 ut
1614 4675 1697 4742 puta
1708 4672 1741 4726 in
1757 4673 1821 4727 usia
1831 4672 1892 4725 inre

1032 4734 1121 4800 nitur,
1137 4750 1202 4788 cum
1222 4736 1353 4802 dicimus,
1369 4737 1467 4801 bomo,
1483 4740 1724 4810 grammaticum
1740 4743 1773 4799 in
1790 4747 1891 4816 manto

1023 4805 1096 4859 'alba
1105 4806 1147 4859 vel
1159 4805 1242 4875 nigra
1254 4807 1422 4877 epiphania3
1435 4808 1464 4863 in
1478 4808 1511 4862 ad
1524 4808 1656 4882 aliquid,
1669 4815 1891 4887 prudenspater.

1031 4876 1157 4946 optimus
1172 4875 1262 4943 filius;
1274 4877 1304 4931 in
1320 4879 1420 4946 lacere,
1437 4879 1507 4932 darre
1523 4880 1631 4950 saltat;
1643 4884 1678 4939 iu
1694 4887 1771 4957 pati,
1789 4885 1892 4943 fertior

1030 4947 1098 5002 titer
1121 4947 1254 5014 vulnera;
1276 4949 1306 5002 in
1329 4950 1402 5016 loco,
1424 4949 1564 5003 obscurus
1585 4953 1689 5022 locns;
1709 4958 1742 5011 in
1764 4965 1890 5029 tempore.

1030 5018 1137 5072 calidus
1152 5019 1268 5087 mensis,
1282 5018 1476 5091 antfrigidns;
1491 5019 1647 5092 injecere,
1663 5043 1784 5096 pronus
1799 5033 1848 5083 ant
1859 5042 1892 5080 sa

1028 5089 1114 5160 pinus
1127 5090 1219 5160 Jacet;
1236 5089 1266 5144 in
1281 5090 1397 5158 habere,
1412 5090 1546 5145 decenter
1561 5101 1714 5153 minatus.
1743 5100 1805 5154 Erit
1820 5099 1892 5170 igitur

1029 5175 1087 5214 non
1103 5176 1197 5231 parvae
1218 5160 1387 5231 prudentia,
1403 5161 1572 5233 qualitatem
1597 5181 1670 5222 curn
1696 5172 1816 5225 cacteris
1833 5182 1893 5241 pene

121 5231 231 5283 vertere
250 5245 301 5283 nos
319 5234 433 5311 eportet
453 5245 511 5301 quo
531 5235 622 5300 pacto,
638 5236 667 5285 ct
685 5247 750 5286 rere
766 5237 793 5285 et
808 5231 922 5303 proprie
938 5233 973 5288 ad
1018 5233 1184 5293 confersam,
1212 5233 1315 5287 mentis
1340 5232 1489 5287 vivacitate
1513 5249 1686 5293 secernere.
1719 5242 1814 5313 Hujus
1839 5243 1893 5293 suut

121 5298 159 5353 eli
201 5299 230 5354 id
255 5300 406 5356 definitum
420 5301 465 5355 sit.
480 5302 520 5355 lta
532 5301 609 5355 enim
624 5302 685 5372 ejus
696 5303 824 5357 delinitio
835 5320 865 5357 se
876 5303 971 5373 habet,
1028 5303 1134 5374 species
1149 5319 1270 5357 numere
1287 5309 1417 5373 quatuor,
1433 5319 1504 5375 quas
1518 5305 1699 5363 Aristoteles
1716 5327 1773 5382 pro
1788 5309 1891 5385 geneti-

121 5374 153 5424 ut
187 5371 279 5426 icatur
292 5371 326 5426 ad
341 5373 458 5444 aliquid,
476 5372 558 5443 cujus
571 5371 599 5425 id
615 5373 691 5442 quod
706 5378 748 5427 est
761 5376 867 5445 pendet
881 5390 914 5428 ex
930 5376 971 5429 al·
1026 5373 1080 5427 bus
1103 5375 1209 5444 posuit,
1226 5374 1333 5430 scilicet
1353 5381 1506 5447 prepterea
1527 5376 1601 5447 quia
1622 5384 1655 5434 ct
1681 5381 1757 5452 ipsae
1781 5382 1892 5450 singule

119 5443 191 5522 tere,
208 5442 312 5514 cuique
327 5460 440 5498 necesse
455 5444 491 5498 sit
506 5444 700 5515 singulariter,
714 5444 741 5498 id
758 5452 799 5499 est
811 5452 970 5515 estimes,
1026 5444 1133 5499 babent
1147 5447 1253 5516 species
1268 5462 1341 5501 suas.
1359 5446 1388 5502 ld
1400 5462 1466 5501 vero
1481 5462 1547 5501 cum
1560 5449 1719 5520 acciderit,
1736 5455 1892 5510 subaltema

119 5513 268 5567 vicamain
283 5519 373 5569 semet
390 5516 550 5571 mutatione
568 5519 705 5570 conuerti.
728 5515 785 5568 lloc
798 5516 862 5584 quis
875 5516 969 5570 consi·
1025 5516 1221 5581 nominantur,
1243 5533 1308 5588 quae
1336 5518 1426 5574 Graeci
1449 5524 1587 5585 ὑπάλληλα
1607 5532 1808 5581 vocaverunt.
1831 5527 1893 5596 urge

120 5578 229 5651 derato,
253 5583 386 5654 reperiet,
404 5602 458 5641 nec
480 5587 599 5712 pennati
622 5600 759 5657 pennum,
785 5601 836 5640 nec
854 5586 971 5655 capituti
1024 5586 1150 5657 primum
1166 5603 1258 5658 genus
1272 5592 1316 5643 est
1328 5589 1443 5644 babitus
1456 5594 1485 5644 et
1500 5589 1639 5647 allectio:
1658 5599 1893 5668 secundumpe

20 5674 23 5681 ·
119 5657 205 5723 caput
221 5658 296 5709 recte
310 5671 395 5726 posse
415 5657 573 5730 adaiqnid
594 5655 757 5712 nominari:
773 5671 832 5711 non
847 5658 923 5711 enim
938 5660 971 5711 nt
1024 5656 1113 5712 tentia
1126 5658 1282 5714 naturalis:
1301 5659 1428 5728 tertium,
1444 5660 1564 5732 passivae
1577 5664 1746 5734 qualitates
1760 5668 1824 5725 sire
1837 5682 1892 5741 pas

112 5723 235 5794 pennati
247 5741 376 5798 pennam
390 5728 521 5799 dicimus,
538 5730 576 5784 sic
590 5743 742 5800 possumus
756 5727 851 5784 dicere
864 5743 969 5799 penne
1024 5728 1119 5784 sioues
1135 5744 1142 5783 τ
1163 5734 1307 5802 quartum,
1323 5730 1433 5798 formae,
1458 5747 1491 5788 ae
1505 5732 1620 5805 figurae.
1639 5736 1714 5794 flac
1729 5740 1890 5798 Aristotelea
