3884 6112
68 254 71 266 .
92 212 145 265 667

86 332 194 404 aliquid
218 333 382 400 movebant,
405 332 537 389 videbam
561 338 589 389 et
612 334 746 390 tenebam
771 334 824 389 boc
839 334 875 388 ab
900 334 940 388 eis

84 421 179 478 vocari
193 438 255 477 rem
277 423 366 491 illem,
388 423 466 494 quod
489 423 639 486 sonabant,
661 440 727 478 curn
751 439 815 478 eam
830 422 939 478 vellent

87 512 244 567 ostendere.
262 514 319 568 lloc
329 517 425 568 autem
440 529 488 567 eos
503 514 576 567 vella
591 529 624 567 ex
640 516 719 567 motu
732 511 860 583 corporis
873 527 941 582 ape-

86 601 223 667 riebatur,
248 605 386 674 tanquam
407 601 500 656 verbis
520 601 698 656 naturalibus
715 601 846 655 omnium
870 616 940 671 gen-

85 691 167 758 tium,
184 706 249 762 quae
264 689 338 745 liunt
353 693 432 745 vultu
448 695 476 745 et
489 696 562 745 natu
576 690 736 756 oculorum,
752 694 938 745 caeterorum-

87 796 142 852 que
154 779 351 834 membrorum
365 786 440 847 actu,
461 783 489 835 et
506 779 602 834 sonitu
615 779 690 833 vocis
710 778 853 834 indicante
871 779 942 833 alie·

86 869 208 924 ctionem
224 868 324 936 animi,
340 869 370 923 in
383 869 525 939 petendis,
545 868 693 932 habendis,
710 868 883 940 rejiciendis,
899 868 942 922 lu·

87 957 232 1029 giendisve
252 958 345 1012 rebus.
374 959 416 1012 lta
430 959 518 1013 verba
537 957 568 1012 in
582 958 667 1012 variis
688 957 848 1026 sententiis,
874 957 943 1011 locis

87 1047 146 1101 suis
166 1047 269 1118 posita,
294 1051 323 1102 et
348 1048 446 1102 crebro
468 1047 576 1116 audita,
600 1063 724 1119 querum
743 1062 839 1101 rerum
861 1046 942 1117 signa

87 1139 192 1204 essent,
207 1136 346 1207 paulatim
362 1137 544 1208 colligebam,
559 1152 696 1207 measque
707 1136 768 1207 jam
782 1137 942 1189 voluntates

87 1224 212 1279 edomito
227 1225 257 1278 in
271 1225 312 1280 eis
336 1225 425 1296 signis
440 1240 499 1291 ore,
526 1240 578 1296 per
592 1225 653 1278 hac
676 1223 870 1278 enuntiabam.
894 1223 939 1278 Sic

87 1330 154 1368 cum
167 1313 213 1369 his
224 1313 299 1367 inter
313 1330 386 1383 quos
401 1329 489 1379 eram,
506 1313 686 1367 voluntatum
702 1312 942 1367 enuntiandarum

86 1400 169 1470 signa
183 1401 402 1470 communicavi,
413 1406 442 1455 et
456 1400 521 1456 vitae
535 1400 672 1455 humanae
691 1400 880 1471 procellosam
895 1416 941 1454 so·

88 1488 220 1542 cietatem
236 1489 320 1543 altius
332 1489 479 1560 ingressus
499 1505 574 1556 snm,
592 1489 722 1560 pendens
736 1505 770 1545 ex
790 1493 941 1561 parentum

86 1577 265 1646 anctoritate,
275 1581 406 1649 nutuque
419 1579 560 1648 majorum
574 1578 735 1633 bominum.

427 1668 540 1722 CAPUT
560 1668 603 1722 1x.

89 1754 190 1812 Odium
209 1755 373 1821 litterarum,
393 1772 469 1810 amor
488 1758 576 1818 lusus.
597 1759 622 1810 et
641 1755 795 1825 vapulandi
815 1758 895 1811 timor
912 1758 941 1812 ia

458 1847 565 1916 pueris.

125 1934 167 1988 ll.
189 1933 273 2001 lleus,
297 1934 372 1988 Deus
391 1950 481 1999 meus,
507 1933 636 2006 quesibi
656 1932 786 1989 miserias
809 1939 942 2004 expertus

87 2037 151 2077 sum
167 2026 195 2077 et
214 2022 436 2080 ludificationesl
453 2023 687 2095 quandoquidem
706 2027 781 2078 recte
804 2022 876 2077 mihi
898 2022 940 2078 vi·

86 2127 152 2166 vere
170 2127 260 2182 puero
280 2111 309 2167 id
328 2112 553 2182 proponebatur,
578 2111 776 2182 obtemperare
797 2111 942 2167 monenti·

86 2198 151 2266 bns,
167 2203 200 2254 ut
211 2199 240 2253 in
255 2200 309 2254 hoc
323 2199 426 2254 saecnlo
446 2200 588 2269 llorerem,
601 2205 629 2254 et
643 2201 808 2256 excellerem
829 2200 940 2269 linguo-

88 2287 127 2342 sis
143 2287 260 2354 artibus,
277 2287 313 2343 ed
336 2290 478 2342 honorem
500 2288 651 2343 hominum
675 2293 703 2343 et
718 2290 802 2343 lalsas
829 2288 941 2344 divitias

88 2375 305 2432 famulantibus.
323 2376 390 2430 lude
404 2377 435 2430 in
452 2376 579 2431 scholam
595 2377 678 2433 datus
688 2393 750 2431 sum
760 2377 940 2433 uidiscerem

92 2464 210 2528 litteras,
222 2463 252 2518 in
268 2464 371 2535 quibus
386 2463 455 2536 quid
468 2464 601 2519 utilitatis
615 2471 689 2520 esset
702 2465 871 2536 ignorabam
887 2466 940 2521 mi·

87 2569 143 2621 ser,
160 2558 189 2609 et
203 2559 300 2608 tamen
308 2552 331 2607 si
347 2553 441 2625 segnis
451 2553 480 2608 in
497 2554 630 2608 discendo
646 2570 747 2621 essem,
759 2554 938 2626 vapulabam.

89 2642 268 2698 Laudabetur
283 2641 362 2696 enim
377 2642 431 2696 boc
446 2657 463 2696 a
476 2642 646 2713 majoribus,
662 2641 786 2696 etmulti
808 2647 874 2698 anta
890 2659 940 2697 nos

86 2731 176 2786 vitam
190 2730 274 2786 istam
285 2737 411 2803 agentes,
431 2735 658 2802 praestruxerant
681 2747 857 2786 aerumnosas
869 2732 939 2800 vias,

85 2837 139 2893 per
158 2836 229 2893 quas
247 2820 367 2875 transire
386 2818 570 2891 cogebamur,
591 2819 779 2891 multiplicato
797 2820 894 2876 labore
913 2824 942 2875 et

88 2909 185 2966 dolore
200 2909 267 2965 filiis
278 2909 380 2965 Adam.
394 2909 557 2964 Invenimus
571 2915 679 2976 autem,
700 2911 831 2978 bomine,
847 2910 940 2965 homi·

87 3015 139 3054 nes
152 3003 285 3069 rogantes
299 3003 343 3066 te3
358 3002 387 3053 et
400 2997 552 3052 didicimus
567 2998 602 3053 eb
615 2998 666 3062 eis,
678 2998 831 3054 sentientes
851 3003 889 3063 te,
898 3003 941 3054 ‘ut

87 3092 262 3160 poteramus,
278 3104 339 3143 esse
355 3104 494 3159 magnum
509 3087 645 3159 aliquem,
663 3088 713 3159 qul
727 3104 835 3159 posses,
853 3088 941 3143 etlam

86 3192 146 3231 non
161 3192 302 3247 apparens
323 3176 453 3230 sensibus
472 3176 584 3242 nostris,
604 3175 737 3230 exaudire
752 3192 808 3247 ,nos
828 3182 855 3231 et
874 3177 940 3232 sub·

87 3264 184 3319 venire
199 3263 291 3319 nobis.
309 3265 379 3318 Nam
392 3280 464 3335 puer
482 3263 555 3334 caepi
569 3280 671 3335 rogare
688 3269 726 3330 te,
748 3264 888 3320 auxilium
912 3269 941 3320 et
980 3303 988 3317 .

87 3353 231 3424 refugiam
246 3368 360 3414 menm;
374 3355 403 3406 et
416 3351 536 3407 intuam
551 3353 760 3407 invocationem
770 3354 940 3425 rumpebam

86 3443 176 3497 nodos
192 3430 303 3512 linguae
314 3457 403 3509 meam
418 3445 446 3495 et
457 3441 595 3512 rogabam
610 3446 638 3495 ta
651 3458 763 3512 parvus,
780 3458 841 3496 non
852 3459 940 3513 parvo

87 3532 199 3597 affectu,
229 3547 265 3586 ne
286 3531 317 3585 in
345 3531 441 3586 schola
466 3533 643 3603 vapularem.
674 3533 706 3585 Et
734 3548 799 3589 cum
820 3549 865 3587 me
882 3549 940 3587 non

88 3621 270 3688 exaudiebas,
304 3621 380 3692 quod
408 3636 467 3675 non
493 3624 554 3675 erat
582 3621 618 3675 ad
645 3619 841 3691 insipientiam
869 3620 941 3676 mihi

88 3711 169 3780 (Psat.
199 3726 256 3778 aar,
286 3710 327 3780 3),
357 3708 525 3763 ridebantur
544 3725 561 3763 a
582 3709 737 3779 majoribus
764 3709 939 3778 bominibus,

88 3811 179 3867 usqae
195 3798 230 3851 ab
243 3797 312 3867 ipsis
327 3797 505 3868 parentibus,
520 3797 571 3869 qui
581 3797 653 3853 mibi
667 3797 795 3852 accidere
810 3798 879 3852 mali
893 3797 940 3852 ni·

86 3882 129 3938 bil
142 3885 283 3949 volebant,
299 3886 392 3956 plagae
407 3901 489 3952 meae,
506 3901 643 3956 magnum
658 3890 726 3939 tunc
740 3890 767 3940 et
779 3901 864 3956 grave
878 3902 939 3940 ma·

88 3972 149 4026 lum
159 3988 266 4027 meum.

124 4066 166 4117 le.
189 4062 273 4116 Estne
289 4060 452 4133 quisquam,
464 4060 595 4128 Domine,
604 4064 665 4116 tam
679 4077 800 4133 magnus
814 4062 939 4132 animus,

86 4148 251 4222 praegrandi
265 4148 367 4203 affectu
379 4147 602 4203 tibicobaerens?
612 4152 701 4214 estne,
717 4149 846 4221 inquam,
861 4150 940 4222 quis·

87 4240 196 4311 quam?
207 4238 275 4293 facit
298 4238 376 4292 enim
390 4236 444 4292 boc
459 4237 591 4307 quaedam
618 4237 705 4292 etiam
729 4237 883 4294 stoliditas:
897 4244 940 4295 est

86 4343 164 4399 ergo,
176 4326 226 4398 qui
242 4325 293 4381 tibi
305 4326 351 4398 pie
366 4326 535 4381 cohaerendo
547 4327 587 4381 ita
603 4326 639 4381 sit
654 4325 770 4382 allectus
782 4327 938 4397 granditer,

85 4420 119 4471 ut
132 4416 270 4488 equuleos
284 4421 313 4471 et
326 4416 457 4488 ungulas,
475 4419 561 4486 atque
575 4416 774 4486 hujuscemodi
786 4416 865 4472 varia
880 4423 938 4474 tor·

86 4509 193 4571 mente,
209 4521 261 4576 pro
277 4504 382 4576 quibus
402 4504 573 4576 effugiendis
588 4503 640 4558 tibi
657 4520 710 4575 per
720 4504 866 4560 universas
877 4509 939 4561 ter·

87 4607 133 4646 ras
143 4608 208 4646 cum
222 4593 324 4648 timore
336 4609 441 4664 magno
456 4592 642 4664 supplicatur,
658 4592 698 4646 ita
712 4593 792 4664 parvi
806 4594 938 4666 aestimet,

88 4679 221 4735 deridens
231 4681 241 4717 ¹
252 4697 300 4735 eos
316 4683 365 4754 qui
381 4683 442 4737 haec
458 4681 639 4736 acerbissime
653 4680 820 4752 formidant,
835 4700 939 4755 quem·

88 4768 243 4824 admodum
263 4776 396 4841 parentes
420 4770 512 4826 nostri
532 4770 666 4825 ridebant
679 4774 823 4825 tormenta
837 4773 940 4845 quibus

87 4855 172 4930 pueri
186 4856 358 4927 amagistris
378 4857 596 4930 affligebamur?
616 4858 679 4912 Non
693 4857 771 4911 enim
784 4863 832 4912 aut
845 4859 941 4915 minus

88 4962 121 5000 ea
133 4944 344 5015 metuebamus,
358 4946 515 5000 autminus
530 4951 557 5001 te
569 4946 603 5001 de
615 4945 662 5000 his
676 4945 828 5001 evadendis
843 4948 940 5021 depre-

87 5034 240 5090 cabamur:
266 5037 294 5087 et
319 5034 506 5104 peccabamus
538 5039 635 5089 tamen
655 5035 751 5089 minas
779 5037 939 5106 scribendo,

88 5128 137 5179 aut
150 5122 282 5194 legendo,
299 5125 348 5176 aut
361 5119 512 5192 cogitando
528 5123 563 5177 de
577 5122 687 5187 litteris,
711 5140 798 5196 quam
811 5124 942 5197 exigeba-

86 5217 134 5268 tur
148 5229 165 5268 a
178 5211 271 5267 nobis.
289 5211 350 5266 Non
371 5208 449 5264 enim
462 5210 569 5278 deerat,
586 5211 716 5280 Domine,
738 5207 877 5268 memoria
897 5215 940 5269 vel

85 5301 245 5374 ingenium,
261 5317 326 5373 quae
341 5315 393 5354 nos
405 5298 511 5354 habere
530 5299 644 5356 voluisti
663 5317 717 5372 pro
732 5301 782 5357 illa
798 5306 881 5357 aetate
896 5319 940 5357 sa·

118 5445 126 5478 ¹
143 5443 291 5494 Nonnullie
301 5444 377 5492 bles:
392 5442 508 5503 lliltqeus
518 5454 567 5491 eos.
579 5443 660 5492 Paulo
671 5446 731 5507 post
739 5458 800 5493 vero
810 5443 873 5493 aaa.
882 5443 939 5493 Ain.

89 5509 116 5553 et
127 5506 183 5552 Ea:
200 5507 375 5556 acerbissime
387 5504 520 5568 intinguat.

684 208 954 267 conrassrouuu
979 208 1006 264 a.
1032 168 1240 268 'sarcasmus
1800 219 1842 271 aa

995 334 1049 402 tis3
1063 334 1111 388 sed
1130 334 1290 390 delectabat
1304 335 1419 391 ludere:
1439 340 1468 392 et
1486 336 1688 393 vindicabatur
1702 337 1733 393 in
1752 352 1803 392 nos
1813 340 1841 394 ab

996 423 1036 478 eis
1050 424 1101 494 qui
1116 423 1183 478 talia
1194 425 1293 497 ntique
1303 425 1437 495 agebant.
1448 425 1503 482 Sed
1514 426 1662 497 majorum
1671 442 1760 499 nugae
1770 443 1843 500 nege

995 512 1036 568 tie
1049 516 1201 581 vocantem
1214 529 1371 584 puerorum
1381 517 1478 570 entem
1488 515 1557 570 talia
1569 530 1635 570 cnm
1644 515 1713 584 sint,
1724 516 1843 587 puniun-

995 607 1043 658 tur
1056 618 1073 656 a
1088 601 1264 673 majoribus:
1280 606 1308 657 et
1322 617 1409 658 nemo
1420 602 1574 659 miserum
1587 619 1704 675 pueros,
1719 604 1765 660 vel
1779 605 1844 678 illos,

995 690 1038 744 vel
1050 694 1194 762 utrosque.
1212 690 1270 746 Nisi
1284 707 1351 746 vero
1365 691 1525 765 approbet¹
1539 692 1696 765 quisquam
1705 694 1845 751 bonusre

995 795 1060 833 rum
1070 779 1177 834 arbiter
1189 780 1336 851 vapulasse
1351 796 1406 845 me,
1420 781 1489 852 quia
1501 781 1641 837 ludebam
1653 782 1715 853 pila
1728 797 1810 853 puer,
1821 791 1845 841 et

995 885 1028 923 eo
1041 869 1108 924 ludo
1123 868 1301 939 impediebar
1322 870 1479 941 quominus
1490 870 1625 925 celeriter
1646 870 1787 925 discerm
1804 871 1844 926 lit-

995 962 1081 1025 teras,
1098 957 1203 1029 quibus
1219 957 1310 1028 major
1334 958 1492 1014 deformius
1516 958 1664 1014 luderem:
1690 955 1765 1012 eut¹
1778 959 1844 1015 aliod

994 1047 1114 1102 iaciebat
1129 1046 1205 1100 idem
1216 1045 1278 1116 ipse
1293 1062 1309 1100 a
1323 1063 1380 1117 quo
1396 1047 1583 1118 vapulabam3
1605 1046 1655 1118 qui
1669 1046 1740 1101 siin
1757 1047 1844 1119 aliqua

995 1131 1204 1202 quaestiuncula
1225 1149 1242 1187 a
1265 1135 1433 1190 condoctore
1454 1152 1506 1191 suo
1528 1136 1621 1190 victas
1651 1139 1737 1203 esset,
1762 1136 1844 1207 magis

995 1219 1053 1275 bile
1067 1224 1153 1293 atque
1166 1220 1273 1277 invidie
1287 1226 1481 1294 torqueretur,
1497 1239 1585 1296 qnam
1598 1240 1652 1296 ego
1668 1240 1737 1280 eum
1750 1224 1781 1280 in
1792 1241 1842 1281 cer·

995 1308 1104 1364 tamine
1117 1310 1184 1382 pilae
1197 1327 1215 1366 a
1229 1311 1368 1366 collusore
1382 1327 1447 1367 meo
1462 1314 1628 1383 superabar.

1343 1401 1457 1456 CAPUT
1475 1402 1506 1458 X.

1030 1488 1218 1561 Amorejlusus
1232 1495 1257 1544 et
1264 1492 1476 1560 spectaculorum
1486 1497 1645 1548 evocatura
1658 1493 1815 1548 litterarum

1369 1580 1473 1635 studio.

1033 1669 1075 1722 la.
1098 1668 1132 1722 Et
1152 1671 1249 1723 tamen
1268 1669 1431 1739 peccabam,
1454 1668 1574 1725 Domine
1597 1670 1684 1738 Dens,
1707 1668 1843 1725 ordinator

996 1759 1024 1810 et
1053 1761 1163 1812 creator
1183 1756 1312 1812 omnium
1337 1773 1437 1813 rerum
1460 1757 1648 1826 naturalium,
1672 1764 1842 1831 peccatorum

995 1848 1092 1900 autem
1113 1849 1227 1901 tantm
1250 1845 1434 1901 ordinator¹:
1453 1846 1572 1902 llomine
1596 1847 1672 1901 licus
1684 1863 1842 1919 menapen-

995 1933 1095 1988 cabam
1114 1933 1244 1989 iaciendo
1264 1938 1365 1989 contra
1385 1940 1529 2006 praecepta
1545 1940 1703 2006 parentum
1721 1940 1750 1991 et
1763 1937 1843 2007 magi·

996 2026 1121 2077 atrorum
1135 2022 1261 2078 illorum.
1275 2024 1407 2078 Poteram
1423 2023 1501 2078 enim
1516 2027 1618 2095 postea
1632 2023 1709 2079 bene
1722 2023 1768 2079 uti
1778 2024 1842 2079 litte

995 2110 1045 2181 ris,
1062 2127 1133 2182 ques
1145 2111 1278 2166 volebant
1288 2117 1321 2167 at
1335 2112 1474 2167 discerem
1493 2128 1680 2184 quocumque
1700 2112 1796 2167 animo
1807 2111 1842 2167 illi

995 2200 1064 2255 mei.
1077 2201 1140 2255 Non
1157 2201 1236 2255 enim
1251 2200 1369 2256 meliore
1383 2201 1503 2272 eligens,
1515 2201 1688 2257 inobediens
1701 2217 1791 2269 erem,
1803 2201 1842 2256 sed

996 2304 1093 2342 amore
1117 2288 1245 2356 ludendi,
1265 2305 1365 2344 amans
1378 2289 1409 2344 in
1428 2289 1634 2345 certaminibus
1653 2289 1792 2361 superbas
1808 2291 1841 2344 vi·

995 2376 1108 2444 ctoriae,
1124 2381 1152 2431 et
1165 2377 1254 2448 scalpi
1273 2394 1355 2432 aures
1375 2393 1452 2433 meas
1477 2378 1554 2433 falsis
1574 2377 1702 2445 fabellis,
1715 2395 1773 2450 quo
1784 2394 1841 2450 prn-

996 2466 1087 2521 rirent
1105 2466 1259 2534 ardentius,
1280 2467 1382 2522 eadem
1403 2466 1566 2522 curiositate
1588 2466 1684 2538 magis
1705 2466 1841 2540 mammae

994 2572 1047 2627 per
1070 2556 1166 2610 oculos
1185 2555 1325 2610 emicante
1344 2554 1375 2609 in
1395 2557 1577 2627 spectacula‘
1598 2556 1744 2628 ludosque
1766 2557 1842 2628 maja

994 2658 1076 2711 rum;
1092 2659 1165 2714 quos
1178 2647 1275 2698 tamen
1292 2643 1342 2715 qui
1356 2644 1456 2711 edunt,
1475 2660 1508 2699 ea
1520 2644 1664 2716 dignitate
1680 2644 1794 2716 praediti
1805 2660 1840 2699 es·

994 2730 1110 2798 cellant,
1134 2736 1167 2786 ut
1188 2731 1243 2786 boc
1265 2748 1338 2803 pene
1366 2749 1466 2789 omnes
1491 2738 1594 2804 optent
1619 2734 1750 2806 parvulis
1776 2734 1839 2789 sub:

995 2835 1066 2890 quos
1080 2823 1177 2874 teman
1192 2820 1262 2876 credi
1276 2820 1399 2876 libenter
1412 2821 1575 2893 patiuntur,
1593 2822 1618 2878 si
1631 2822 1801 2895 spectaculis
1811 2827 1840 2878 la·

994 2908 1070 2964 libas
1082 2909 1276 2982 impediantur
1290 2927 1307 2966 a
1321 2912 1426 2981 studio,
1446 2929 1520 2985 quos
1543 2928 1591 2967 eos
1606 2913 1643 2968 ad
1659 2912 1733 2969 talia
1745 2912 1839 2969 edenda

994 2997 1114 3069 cupiunt
1126 2999 1286 3069 pervenire.
1300 2999 1370 3055 Vide
1381 3001 1446 3068 ista,
1464 3001 1598 3066 bomine,
1615 3001 1836 3065 misericorditer.

995 3092 1024 3142 et
1034 3086 1124 3142 libera
1137 3104 1189 3143 nos
1200 3088 1262 3159 jam
1275 3087 1441 3144 invocantes
1459 3093 1504 3157 te,
1522 3090 1615 3145 libera
1639 3090 1731 3146 etiam
1743 3088 1838 3163 eosqui

995 3175 1124 3231 nondum
1137 3180 1166 3232 te
1187 3177 1330 3244 invocant,
1346 3183 1379 3233 ut
1401 3177 1536 3233 invocent
1561 3182 1600 3247 te,
1616 3183 1647 3234 et
1667 3179 1775 3235 liberes
1793 3195 1836 3234 eos

1337 3266 1450 3323 CAPUT
1468 3268 1511 3322 lll.

1030 3351 1122 3407 Morbo
1128 3367 1241 3423 pressus
1250 3355 1422 3424 baptismum
1435 3357 1543 3424 {sopitat
1552 3371 1632 3424 quem
1647 3360 1737 3412 mater
1750 3360 1812 3413 certa

1305 3446 1414 3499 covasilio
1433 3444 1536 3514 differt.

1033 3533 1075 3585 ll.
1096 3529 1250 3585 Audieram
1265 3531 1343 3586 enim
1359 3548 1413 3604 ego
1427 3532 1520 3588 adhuc
1535 3548 1609 3603 puer
1622 3532 1660 3588 de
1675 3533 1734 3588 vita
1748 3537 1837 3588 aterna

994 3618 1079 3674 nobis
1090 3618 1230 3690 promissa
1244 3636 1296 3692 per
1305 3621 1497 3677 bumilitatem
1510 3620 1624 3676 bomini
1636 3621 1689 3677 uei
1705 3620 1792 3677 nostri
1802 3619 1837 3675 de

994 3706 1155 3762 scandentis
1175 3707 1210 3762 ad
1236 3709 1401 3780 superbiam
1426 3715 1572 3776 nostram;
1595 3715 1623 3765 et
1648 3709 1784 3780 signabar
1790 3709 1837 3779 jan

995 3797 1078 3867 signo
1094 3794 1185 3850 crucis
1200 3795 1272 3866 ejus,
1287 3801 1315 3851 et
1329 3797 1487 3853 condiebar
1499 3798 1561 3869 ejus
1575 3797 1634 3852 sele
1651 3797 1702 3868 (a),
1713 3797 1775 3869 jam
1787 3794 1837 3851 inde

1025 3895 1079 3943 ¹ln
1096 3893 1135 3952 b,
1151 3893 1297 3957 approbata
1314 3897 1341 3942 et
1352 3893 1397 3943 Er.
1419 3894 1483 3957 Lug.
1502 3894 1568 3943 Ven.
1582 3893 1645 3944 Lov.
1664 3893 1766 3943 Sonam.
1779 3891 1834 3942 bob.

994 3956 1070 4005 blart.
1084 3954 1152 4003 alar,
1164 3960 1190 4004 et
1203 3955 1291 4004 Rond.
1306 3969 1366 4004 cnm
1382 3959 1396 4005 2
1411 3957 1473 4005 blas.
1489 3955 1589 4021 legunt,
1605 3955 1745 4019 approbet.
1758 3955 1789 4004 u.

1026 4015 1123 4080 ¹Apud
1138 4015 1200 4065 Bad.
1213 4017 1274 4068 Am.
1291 4018 1335 4066 Er.
1351 4022 1377 4067 et
1389 4019 1467 4078 boa,
1480 4017 1562 4067 haud.

1026 4075 1837 4140 ⁸laeditionibusamdtretbov.legebatnataratumrrouord'v

993 4143 1084 4193 actor.
1095 4141 1230 4191 limatum:
1243 4141 1313 4205 quod
1324 4142 1469 4192 emendant
1478 4138 1546 4191 Edd.
1564 4141 1628 4191 Bad.
1638 4146 1666 4192 et
1677 4143 1743 4192 llrn.
1752 4145 1777 4192 et
1788 4141 1836 4191 Has.

994 4203 1085 4267 plures
1093 4216 1123 4252 ac
1131 4202 1257 4275 potiores,
1267 4218 1282 4252 a
1292 4204 1388 4267 quibus
1398 4205 1471 4254 abest
1479 4204 1596 4267 negatio.
1607 4203 1751 4254 Enimvero
1761 4206 1837 4253 nomn

993 4264 1075 4329 volgo
1085 4270 1125 4315 est
1137 4265 1163 4314 vd
1174 4266 1224 4315 aS.
1235 4267 1383 4329 augustino
1391 4267 1488 4338 passim
1499 4265 1661 4338 confirmari.
1674 4267 1756 4316 Deum
1765 4264 1837 4338 'mba-

994 4328 1091 4377 simum
1101 4341 1158 4377 esse
1166 4332 1333 4391 peccatorum
1344 4328 1532 4378 ordinatorem.
1545 4328 1588 4377 Sic
1598 4326 1645 4378 lib.
1660 4332 1686 4378 ll
1696 4328 1731 4379 de
1765 4330 1838 4377 lutare

994 4388 1116 4453 Dei,cep.
1131 4392 1174 4439 tl:
1186 4390 1284 4447 «Deus,
1297 4390 1392 4453 inquit,
1403 4391 1472 4440 sicut
1483 4394 1641 4439 naturarum
1649 4387 1839 4454 bonarumjopti·

993 4465 1077 4500 «mus
1089 4454 1191 4501 creator
1202 4457 1251 4513 ast,
1262 4452 1299 4502 ita
1313 4453 1443 4502 malarum
1459 4452 1631 4501 voluntatum
1639 4451 1839 4514 justisslmnsor

994 4514 1107 4564 dinetor.
1123 4530 1137 4560 a
1153 4514 1217 4562 ltem
1229 4514 1257 4562 in
1273 4515 1379 4565 Psall:
1397 4515 1493 4563 «alim
1507 4514 1605 4564 lecitet
1621 4514 1772 4576 ordinavit,
1783 4512 1839 4563 alius

995 4593 1009 4623 a
1019 4581 1107 4624 autem
1117 4588 1172 4625 non
1185 4575 1254 4634 lecit,
1268 4577 1313 4626 sed
1328 4581 1416 4626 tamen
1429 4576 1507 4626 etiam
1523 4575 1574 4625 hoc
1584 4575 1752 4626 ordinavit.»
1768 4575 1840 4635 Quam

994 4638 1142 4688 doctrinam
1157 4637 1299 4688 illustrabit
1313 4637 1436 4687 nonnlbil
1453 4637 1521 4686 alius
1532 4637 1663 4687 locusllb.
1681 4636 1716 4688 de
1729 4636 1839 4688 raedas

994 4701 1161 4751 Sanctorum.
1171 4714 1226 4764 cap.
1241 4702 1281 4760 le,
1292 4701 1358 4750 ubll
1393 4701 1460 4749 itur:
1471 4717 1483 4744 s
1493 4700 1539 4750 Est
1549 4700 1718 4749 inmalornm
1727 4702 1841 4764 paraus

994 4779 1008 4811 a
1019 4761 1372 4827 peccare.Utautempeccan
1392 4761 1465 4812 oliuo
1472 4762 1514 4811 vel
1523 4761 1574 4811 hoc
1583 4761 1629 4810 ille
1637 4760 1741 4812 malitia
1747 4761 1842 4817 iaciant

995 4837 1076 4936 »cop
1084 4823 1163 4935 estnitp
1172 4837 1263 4873 eorum
1274 4827 1411 4889 potestate,
1422 4823 1468 4873 sed
1482 4825 1527 4873 Dei
1540 4823 1684 4873 dividentis
1695 4824 1844 4875 tenebrasset

994 4900 1052 4936 sor
1070 4900 1115 4935 rna
1146 4900 1262 4936 aseae.»

1027 4949 1120 5010 stoa,
1134 4949 1282 5011 peracutas
1291 4948 1450 5013 periculoso
1465 4951 1582 4999 maante
1592 4944 1844 5013 respueremus

995 5010 1070 5122 Cddt'
1080 5011 1228 5122 pprLoculpp
1237 5011 1459 5061 emicante-Er.
1472 5010 1557 5075 Lugd.
1572 5009 1639 5060 Van.
1655 5013 1682 5060 et
1693 5010 1793 5061 Somm.
1804 5009 1845 5060 le-

1015 5087 1050 5122 un
1077 5087 1095 5121 u
1141 5087 1183 5122 ov.
1228 5109 1234 5119 .

996 5087 1012 5138 g
1027 5135 1062 5207 (a)
1075 5134 1243 5206 significatae
1250 5133 1501 5185 catechumenorum
1511 5131 1846 5198 sacramentojemaprimis

995 5211 1073 5246 annis
1084 5197 1228 5246 initiatum:
1238 5197 1264 5246 id
1279 5197 1349 5260 quod
1360 5211 1465 5247 rursum
1475 5196 1647 5260 bocinopere
1655 5195 1755 5247 clarius
1766 5193 1848 5261 prodit

994 5259 1041 5309 lib.
1053 5261 1078 5319 6,
1087 5273 1111 5308 c.
1127 5261 1170 5309 le:
1185 5259 1304 5323 «algam,
1317 5259 1411 5322 inquit,
1423 5259 1502 5323 pedes
1509 5259 1536 5308 in
1547 5272 1578 5308 eo
1587 5257 1682 5322 gradu,
1692 5258 1721 5308 in
1730 5272 1783 5332 qno
1790 5269 1848 5323 puer

995 5320 1850 5447 :tietantluadilitttapartibusaustriae&

995 5445 1038 5493 nis
1048 5444 1216 5495 concedendo
1227 5448 1313 5494 exstet
1324 5445 1402 5508 primi
1416 5445 1522 5495 concilii
1532 5444 1656 5508 Cartbag.
1666 5457 1728 5499 can.
1738 5447 1767 5495 5:
1784 5443 1849 5508 ejas·

995 5507 1294 5570 queritusmentionem
1313 5505 1376 5555 iacit
1385 5520 1439 5555 non
1449 5507 1531 5555 semel
1544 5506 1569 5556 S.
1586 5507 1664 5568 breg,
1682 5505 1851 5555 disertissime
