3884 6112
48 226 99 280 217
784 232 891 291 LIBER
916 231 1096 302 QUARTUS.

1734 244 1745 267 ⁸
1771 249 1823 304 tte

54 363 122 405 rore
146 353 312 422 cantantur,
327 349 539 424 aliquantulum
553 353 760 427 acquiescebat,
773 373 831 411 non
849 356 914 428 qui·
972 358 1099 416 natione.
1120 359 1192 415 lium
1212 375 1325 432 qnoque
1344 358 1422 415 domi
1443 361 1589 420 sedentem
1604 364 1697 422 stellio
1711 382 1824 425 muscas

53 439 118 495 dem
133 445 169 495 ut
183 439 319 510 hereret,
335 441 384 497 scd
399 443 431 496 ut
445 457 511 497 cum
524 443 609 499 rellel
628 449 765 517 surgeret.
782 448 916 501 Attamen
971 452 1096 519 captans,
1113 449 1158 504 rel
1177 464 1281 504 aranea
1301 447 1408 504 retibus
1427 449 1485 505 suis
1503 450 1646 508 irruentes
1659 453 1820 526 implicans,

52 526 214 601 aliqnando
226 529 359 601 plussibi
371 529 520 587 ridebatur
533 531 695 588 honorisiis
708 533 785 589 sonis
806 534 913 589 tribue·
969 536 1112 592 intentum
1131 536 1261 593 iaciebat.
1286 539 1427 610 Pcrgebat
1449 539 1566 612 quidem
1590 541 1626 599 ad
1646 542 1823 602 laudandum

52 633 91 685 rc,
107 633 202 691 quam
216 618 346 686 decerct;
364 618 433 675 dum
447 619 517 692 ipsis
532 621 636 677 sanctis
651 622 734 678 dictis
754 622 914 695 religiosius
971 626 1071 690 ileum,
1114 629 1270 681 creatorem
1308 626 1461 682 mirificum
1503 632 1590 701 atque
1630 630 1823 689 ordinatorem

51 710 79 761 ιι
101 706 257 763 ardentius
280 708 402 764 sentiret
428 709 537 765 moveri
559 710 690 766 animum
712 712 743 766 iu
766 711 913 767 flammam
969 714 1110 782 omnium,
1133 716 1261 771 sednon
1284 715 1351 771 inde
1375 715 1503 772 intentus
1518 734 1578 774 esse
1600 718 1765 792 incipiebat.
1790 723 1824 779 iit

51 793 181 868 pehtis,
202 813 268 852 cum
287 797 326 853 ita
350 802 615 872 cantantur,quam
637 800 735 857 sinon
758 801 797 856 ite
820 807 914 857 caute·
967 803 1071 859 talibus
1100 803 1157 858 rita
1191 803 1253 874 ejus
1280 804 1366 875 plena
1394 810 1464 871 erat,
1500 811 1528 862 et
1559 824 1617 863 una
1645 824 1709 881 spes
1746 809 1819 882 ejus,

49 888 156 940 matur
193 885 314 955 (ibidem,
344 902 405 957 cop.
434 889 479 956 33,
507 905 535 944 ιι.
568 888 624 960 49).
655 891 727 945 Nam
762 888 913 946 delectatio
968 910 1071 966 magua
1092 893 1174 949 valde
1201 893 1396 949 misericordia
1420 895 1469 950 uei
1497 895 1592 968 (leid,
1621 914 1652 954 ιι.
1686 898 1742 966 st).
1772 901 1821 956 Sa·

50 972 150 1028 caruis
174 990 253 1047 saepe
280 991 348 1030 eum
379 975 505 1045 fallebat,
534 977 603 1033 dum
627 977 768 1034 rationem
796 982 913 1052 propter
968 986 1084 1038 nacerat
1118 982 1251 1055 primitus
1286 998 1351 1038 eum
1378 984 1453 1039 Deus
1480 1000 1498 1039 a
1524 985 1643 1043 libidine
1673 987 1821 1045 vindicen-

50 1077 143 1135 quem
158 1068 306 1119 meruerat
323 1064 549 1135 admitti,eliarn
566 1083 743 1140 praecurrere
758 1084 791 1123 ac
809 1069 912 1125 ducere
967 1071 1019 1127 di:
1046 1087 1103 1142 quo
1133 1071 1275 1143 propitius
1311 1071 1394 1127 lieret
1421 1072 1508 1128 etiem
1545 1075 1653 1131 caeteris
1687 1078 1823 1135 omnibus

48 1155 218 1207 conantur.
235 1153 279 1208 lta
290 1151 321 1208 iu
336 1153 381 1208 bis
392 1154 528 1226 peccabat
542 1171 600 1211 nou
615 1157 750 1223 sentiens,
767 1157 817 1213 sed
831 1160 911 1229 post·
967 1155 1028 1227 ejus
1043 1155 1255 1228 iniquitatibus.
1275 1155 1488 1228 Compressaral
1502 1173 1519 1212 a
1532 1157 1636 1215 timore
1650 1176 1702 1217 suo
1721 1176 1821 1234 super-

50 1255 85 1295 ea
98 1239 254 1296 sentiebat.
269 1241 431 1315 Aliquando
449 1242 524 1299 banc
537 1243 630 1316 ipsam
644 1245 786 1303 lallaciem
799 1261 909 1314 cereus,
966 1243 1043 1299 biam
1059 1244 1130 1317 ojus,
1147 1250 1174 1301 et
1188 1245 1413 1301 mansuefaceret
1424 1245 1495 1318 jugo
1510 1263 1561 1303 sno
1580 1248 1719 1307 cervicem
1742 1251 1821 1323 ejus;

50 1327 169 1385 errabat
183 1327 276 1385 uirnia
290 1331 450 1399 seueritate,
465 1347 498 1387 ac
511 1332 592 1389 valde
608 1332 764 1402 interdum,
781 1339 812 1389 ut
824 1335 913 1390 melos
966 1330 1005 1387 ita
1016 1333 1112 1405 utjem
1123 1333 1195 1390 illud
1206 1334 1332 1407 pomeuti
1341 1335 1486 1391 leueesset
1496 1336 1590 1408 (itia,
1600 1353 1661 1408 cap.
1674 1341 1718 1406 aa,
1728 1355 1757 1395 ιι.
1766 1339 1821 1411 58).

51 1432 140 1472 omne
152 1416 366 1474 cantilenarum
380 1417 522 1488 suarium,
539 1420 643 1493 quihus
658 1421 822 1479 Daridicum
834 1423 912 1496 psal·
967 1422 1022 1478 Sed
1046 1422 1138 1478 leudis
1157 1424 1292 1480 humana
1316 1423 1474 1481 tentatione
1494 1424 1624 1497 quotidie
1646 1426 1820 1496 tentabatur,

50 1503 159 1561 tatium
173 1504 387 1578 frequentatur,
405 1507 440 1563 ab
456 1507 574 1564 auribus
588 1509 647 1564 suis
661 1510 803 1566 remoueri
815 1511 911 1580 uellet,

51 1598 141 1668 etque
159 1593 252 1666 ipsius
268 1595 416 1665 Ecclesiee3
433 1596 580 1671 tutiusque
596 1597 651 1654 sibi
666 1598 812 1655 rideretur
834 1599 913 1674 qnod

52 1682 86 1740 da
99 1683 299 1740 Alexandrino
319 1684 453 1758 episcopo
471 1687 627 1742 Athanasio
646 1704 722 1760 sape
736 1688 790 1744 sibi
804 1688 913 1745 dictum

51 1772 382 1846 montemacutum
405 1775 518 1831 modico
539 1775 615 1832 flexu
636 1776 710 1833 vocis
730 1777 853 1834 iaciebat
867 1789 912 1834 so-

53 1862 276 1919 analectorum
291 1862 405 1935 psalmi,
420 1868 452 1919 ut
468 1865 667 1936 pronuntianti
687 1865 808 1922 vicinior
828 1872 912 1935 esset,

54 1966 144 2023 aetam
157 1950 283 2006 canenti.
300 1952 502 2007 Verumtamen
525 1969 591 2008 cum
612 1953 851 2011 reminiscebatur
872 1957 912 2011 la·

51 2056 167 2113 crymm
184 2042 257 2112 ques
269 2039 382 2096 fuderat
394 2040 430 2097 ed
443 2045 545 2097 cautus
559 2042 688 2099 Ecclesiae
703 2042 734 2099 in
747 2043 913 2116 primordiis

53 2133 234 2203 recuperatae
249 2128 317 2184 lldei
328 2146 397 2198 sure,
410 2135 610 2204 quantumque
623 2132 806 2203 postmodum
818 2149 914 2188 move·

52 2222 144 2286 retur,
160 2233 221 2274 uon
243 2222 338 2289 cautu,
354 2220 403 2275 sed
423 2221 593 2293 rebusque
616 2225 776 2291 cantarum,
793 2237 858 2277 cnm
879 2221 912 2276 li·

36 2334 39 2339 ·
54 2307 223 2380 puderoce
233 2307 539 2365 etcoureuientissima
549 2309 742 2366 modulatione
752 2313 912 2378 cantantur,

55 2411 193 2469 magm
206 2395 333 2452 instituti
347 2397 433 2470 hujus
447 2397 603 2454 utilitatem
617 2415 715 2455 rursus
730 2399 911 2472 agnoscebat.

56 2486 127 2542 lium
140 2489 242 2542 autem
252 2484 307 2542 sihi
318 2485 467 2556 accideret,
479 2491 511 2542 nt
522 2486 617 2559 ipsum
628 2488 693 2560 plus
702 2494 811 2557 cautus,
826 2504 913 2562 quem

967 1510 1029 1568 sine
1041 1511 1198 1569 cessatione
1213 1513 1385 1570 tentabatur.
1404 1517 1444 1570 Tu
1456 1517 1539 1576 nosti,
1555 1513 1649 1587 inquit
1669 1515 1706 1571 ad
1719 1517 1822 1588 ileum,

968 1599 1001 1654 de
1010 1601 1060 1657 loc
1074 1617 1104 1657 re
1119 1602 1157 1657 cd
1170 1605 1196 1657 te
1209 1604 1338 1672 pemitum
1351 1602 1440 1659 cordis
1454 1606 1508 1660 mei
1521 1607 1546 1659 el
1559 1605 1674 1674 {lumina
1688 1605 1824 1661 omrhrum

968 1705 1095 1746 meorum.
1111 1691 1202 1760 Neque
1222 1693 1292 1746 euim
1316 1692 1400 1758 focile
1421 1692 1527 1761 colliso,
1548 1707 1630 1762 quom
1644 1695 1695 1748 sim
1719 1693 1754 1749 ab
1768 1695 1824 1750 isto

966 1783 1040 1849 peste
1054 1779 1226 1847 mundatior3
1240 1784 1265 1835 et
1277 1781 1391 1836 multum
1407 1783 1486 1836 timeo
1501 1783 1605 1836 occulta
1617 1797 1687 1849 mea,
1703 1798 1763 1853 paee
1774 1798 1823 1838 ιιι-

967 1871 1032 1922 recol
1042 1867 1113 1923 oculi
1125 1869 1175 1935 tui,
1189 1869 1242 1923 mei
1250 1873 1339 1924 autem
1350 1884 1414 1924 ooo.
1426 1869 1577 1926 contristor
1592 1870 1743 1940 aliquando
1762 1872 1822 1926 lou-

968 1957 1048 2011 ditus
1062 1959 1139 2026 meis,
1154 1972 1215 2012 cum
1226 1957 1269 2011 uel
1288 1973 1320 2012 ea
1340 1957 1490 2013 laudantur
1507 1961 1536 2012 ιἰι
1550 1974 1591 2013 me
1608 1960 1638 2013 in
1653 1959 1751 2029 quidus
1765 1962 1824 2029 ipse

967 2046 1037 2101 mibi
1054 2045 1200 2117 displice03
1215 2046 1257 2101 oet
1276 2048 1358 2101 etiam
1382 2047 1451 2102 ιιιιι
1464 2049 1571 2103 minora
1592 2051 1619 2103 et
1638 2048 1710 2103 leuia
1728 2048 1819 2118 pluris

967 2136 1148 2202 estimantur,
1159 2150 1241 2206 quam
1254 2135 1416 2190 aestimanda
1430 2140 1503 2191 sunt.
1519 2136 1572 2193 Sed
1581 2151 1676 2192 rursus
1688 2137 1823 2193 ιιιιιιιιιιι

968 2238 1004 2278 aa
1016 2226 1163 2293 propterea
1176 2221 1215 2278 sic
1230 2223 1348 2292 attimar,
1359 2224 1426 2294 quia
1439 2224 1500 2278 nolo
1515 2223 1548 2278 de
1562 2225 1670 2294 meipso
1684 2238 1755 2281 ame
1768 2223 1824 2280 dte

968 2313 1068 2367 sentire
1081 2310 1250 2367 laudatorem
1269 2326 1371 2377 meum;
1387 2326 1440 2366 noo
1460 2313 1526 2380 quia
1540 2312 1614 2367 illius
1634 2312 1753 2368 utildate
1767 2328 1824 2367 mo·

968 2415 1039 2465 reor,
1054 2399 1103 2455 sed
1116 2401 1184 2472 quio
1197 2398 1290 2455 eadem
1305 2399 1374 2454 torto
1389 2414 1448 2470 qua
1462 2401 1532 2454 milti
1541 2401 1571 2455 ia
1589 2415 1630 2455 me
1642 2401 1761 2470 placeat,
1772 2401 1821 2471 ju-

968 2487 1104 2546 cundiora
1117 2489 1185 2543 mibi
1199 2492 1263 2543 suot
1276 2503 1337 2544 rum
1350 2492 1377 2544 ιι
1388 2490 1469 2545 alteri
1477 2489 1608 2560 placcat?
1621 2489 1705 2546 Video
1718 2505 1771 2545 ιιιι
1781 2505 1823 2547 ms

58 2591 100 2631 ree
114 2589 184 2649 quae
198 2575 312 2631 canitur
326 2580 468 2645 moreret3
484 2576 637 2649 poenaliter
650 2594 680 2632 sa
696 2593 813 2650 peccare
826 2594 914 2649 agno·
968 2577 1096 2634 laudibus
1105 2580 1171 2633 meis
1182 2582 1352 2649 propterme,
1367 2578 1664 2650 sedpropterproaimi
1675 2580 1824 2636 utilitatem

56 2663 163 2734 scebat,
176 2667 206 2720 et
220 2668 290 2719 tunc
301 2663 467 2720 malletnou
483 2665 581 2722 audhe
596 2669 767 2722 cenantem.
785 2669 852 2723 Ecce
867 2667 915 2721 uti
968 2669 1069 2722 moueri
1085 2670 1220 2738 oportere.
1245 2669 1282 2722 lit
1299 2671 1391 2722 utrum
1412 2669 1453 2723 tta
1475 2669 1537 2735 soit,
1551 2670 1648 2724 ιιιιιο.
1665 2669 1758 2725 Sermo
1775 2683 1824 2724 ore

56 2769 123 2821 rura,
141 2752 204 2810 ait:
219 2756 280 2823 flete
293 2768 404 2822 merum,
420 2759 446 2810 et
457 2770 509 2825 pro
528 2770 569 2811 me
581 2755 652 2820 dete,
667 2757 717 2827 qui
729 2756 837 2827 aliquid
852 2757 914 2812 boui
966 2755 1120 2827 procederes,
1133 2759 1160 2810 et
1177 2756 1254 2823 (recta
1274 2769 1334 2825 qua
1354 2757 1523 2812 innotescunt
1542 2757 1703 2827 bominibus,
1725 2756 1824 2813 babeat

56 2842 192 2900 mismo
212 2843 288 2898 tatus
311 2845 395 2910 oritis
413 2843 486 2898 uude
504 2845 582 2912 sacto
601 2844 760 2916 procedunt.
777 2847 848 2904 Nom
866 2847 916 2917 qui
969 2847 1141 2900 tentationem
1156 2845 1414 2915 periculosissimam
1434 2845 1469 2901 ad
1488 2860 1577 2901 amore
1596 2845 1696 2914 laudis,
1717 2848 1768 2918 qui
1785 2847 1824 2902 od

58 2947 107 2987 ιιι
125 2933 227 3002 coitis,
249 2946 304 2987 uon
325 2946 381 2988 uos«
396 2932 450 2988 lter
469 2936 574 2988 mouent
597 2932 696 3003 (laid,
723 2949 750 2990 ιι.
777 2933 832 3006 50).
858 2934 913 2990 ιιι·
965 2935 1106 3004 priuatam
1125 2933 1275 3003 quomdam
1295 2935 1480 2989 excellentiam
1501 2936 1638 2990 contraiit
1655 2934 1822 2991 emendicata

56 3019 173 3077 erubet
194 3035 314 3093 quoque
336 3020 549 3077 seductionibus
577 3021 738 3090 oculorum,
766 3026 795 3078 ιι
819 3022 913 3094 arige-
968 3023 1120 3092 sattrapim
1137 3025 1224 3077 tertiat
1238 3025 1263 3077 el
1278 3037 1338 3077 cum
1360 3037 1378 3077 o
1399 3038 1441 3078 me
1462 3025 1743 3093 ennoematicae
1761 3023 1821 3093 ipso

56 3107 101 3165 bat
114 3108 153 3165 ad
178 3110 273 3166 Deum
296 3108 455 3166 invisibiles
477 3110 584 3167 oculos.
608 3113 642 3167 Et
660 3111 776 3185 quidem
794 3112 914 3185 pulchre
968 3126 1021 3181 quo
1039 3112 1184 3180 arguitur3
1204 3113 1230 3165 et
1249 3125 1319 3181 saepe
1340 3111 1417 3167 tomo
1432 3110 1465 3167 de
1478 3113 1538 3182 ipso
1556 3126 1634 3167 caua
1648 3112 1741 3180 picria
1759 3126 1821 3167 cou-

57 3199 174 3272 lrujecte
186 3214 242 3272 per
262 3198 373 3255 animas
395 3198 426 3255 iu
442 3215 544 3256 manus
562 3199 729 3257 artificiosas
743 3204 860 3257 noverat
877 3201 913 3257 ab
968 3204 1071 3270 tempta
1084 3200 1182 3255 vocius
1193 3200 1329 3268 periatur
1344 3199 1437 3270 (ibid,
1452 3215 1512 3272 cop.
1526 3203 1572 3268 37,
1585 3217 1614 3256 ιι.
1627 3200 1734 3271 ιιι-63).
1748 3199 1824 3256 alibi

58 3284 101 3343 illa
118 3286 343 3361 pulchritudine
362 3286 552 3362 venaeque
571 3305 657 3363 saper
670 3289 781 3345 enimes
800 3293 852 3357 est,
867 3289 913 3345 cui
968 3288 1056 3344 etiam
1078 3287 1147 3361 quid
1168 3288 1205 3344 ab
1223 3288 1351 3344 hnmana
1364 3289 1448 3345 laude
1466 3288 1576 3358 timeat,
1591 3304 1642 3345 cur
1659 3305 1723 3345 eam
1736 3289 1822 3362 plane

61 3375 225 3450 suspirabat
238 3376 337 3432 anime
356 3377 418 3449 ejus
432 3377 478 3434 die
500 3393 532 3433 ac
553 3382 646 3435 nocte.
663 3378 755 3435 Etiam
772 3377 835 3434 istis
849 3378 913 3451 pul·

60 3464 129 3522 chris
143 3480 280 3538 gmssum
300 3464 471 3532 innectebat,
489 3482 577 3533 ouem
596 3468 672 3523 Deus
685 3467 844 3523 evellebat:
865 3483 912 3521 ce·

59 3551 190 3624 piabatur
203 3551 419 3622 miserabiliter,
433 3557 462 3608 et
476 3554 550 3610 liena
563 3555 703 3612 evellebat
721 3554 913 3611 misericordi-

59 3644 110 3711 ter;
125 3640 287 3715 aliquando
305 3657 365 3698 non
383 3641 564 3712 sentientem,
580 3643 649 3716 quie
662 3644 828 3716 suspensius
840 3643 912 3699 iuci-

61 3729 150 3799 derat;
173 3729 334 3803 aliquando
359 3746 425 3786 cum
450 3732 561 3802 dolore,
586 3732 736 3804 quiajam
759 3733 914 3789 inheserat

60 3818 151 3891 libid,
166 3834 233 3891 cap.
246 3820 291 3887 as,
306 3834 353 3875 aa.
365 3823 410 3890 bt,
425 3819 481 3891 53).
491 3822 555 3876 lam
566 3819 590 3875 si
605 3821 640 3877 de
654 3821 824 3879 curiositatis
836 3838 913 3877 mor·

60 3905 86 3964 bo
101 3907 214 3983 egitur,
229 3906 321 3962 multe
335 3907 506 3980 presideret
520 3914 549 3965 el
563 3926 579 3965 a
593 3926 645 3966 suo
660 3910 744 3966 cordo
757 3911 913 3983 dispulerat

59 3997 256 4072 lugustiuus:
279 4012 338 4053 uon
357 4001 456 4054 temen
473 3999 597 4055 audebat
619 3999 723 4068 dicere,
739 4000 819 4056 nulla
837 4016 868 4054 re
884 4016 913 4055 ee

58 4085 201 4143 utentum
219 4084 285 4142 lieri
307 4086 342 4142 ad
360 4086 546 4159 spectandum
568 4092 596 4143 et
611 4103 684 4143 rane
707 4104 776 4143 cure
796 4089 913 4160 capien-

58 4174 133 4232 dum.
156 4176 232 4232 Eum
244 4173 307 4247 jem
328 4175 441 4232 theatra
463 4192 523 4232 uon
547 4176 708 4249 rapiebant,
724 4194 777 4233 nec
795 4178 914 4234 curabat

58 4278 139 4321 umes
166 4262 310 4320 transitus
333 4263 475 4334 siderum
500 4281 553 4322 uec
578 4264 674 4322 anime
696 4266 757 4338 ejus
785 4283 913 4340 uuquam

57 4368 196 4426 responsa
209 4351 343 4425 questui
355 4354 539 4424 umbrarum
556 4354 655 4411 omnia
669 4354 807 4427 sacnlega
820 4371 912 4410 secra-

56 4446 155 4499 maute
168 4440 376 4500 detestabatur.
397 4443 508 4517 Agebat
526 4448 624 4500 eutem
638 4443 783 4511 iuimicus,
799 4444 913 4517 quantis

57 4536 170 4604 poterat
184 4531 404 4605 suggestionum
424 4532 694 4602 machinationibus,
709 4549 775 4590 cum
790 4549 836 4602 eo,
851 4537 914 4589 uta

58 4619 114 4676 lieo
128 4619 249 4693 siguum
262 4618 380 4693 aliquod
394 4625 527 4693 peteret:
545 4621 593 4678 sed
608 4638 624 4677 a
637 4624 734 4677 sancto
746 4622 813 4677 Viro
827 4621 913 4695 louge

57 4712 118 4764 erat
130 4707 189 4764 iste
208 4708 358 4765 consensio
379 4709 471 4782 (ibid,
488 4725 548 4782 cap.
570 4712 614 4778 ³5,
634 4725 663 4765 ιι.
685 4711 740 4781 tt).
763 4711 912 4766 Verumta-

58 4814 124 4854 meu
137 4797 170 4853 iu
182 4796 282 4853 multis
293 4797 495 4856 minutissimis
506 4799 593 4855 rebus
607 4798 757 4854 annositas
768 4799 830 4871 ejus
845 4816 914 4873 quo·

57 4886 127 4943 lidia
139 4885 317 4955 tentabatur,
332 4890 362 4944 el
375 4903 452 4961 saepe
466 4887 625 4944 labebatur.
640 4887 750 4960 Saepius
764 4892 913 4943 narrantes

57 4975 155 5033 menie
169 4974 266 5048 primo
278 4975 362 5049 quasi
374 4977 526 5045 tolerabat,
542 4991 579 5033 ua
595 4976 753 5033 olienderet
765 4975 912 5048 infirmos,

968 3394 1026 3434 non
1042 3377 1160 3445 abnuat,
1177 3381 1227 3432 ent
1246 3392 1303 3449 que
1320 3376 1433 3432 ratione
1447 3376 1514 3433 inda
1530 3377 1680 3445 alliciatur,
1699 3378 1824 3434 declarat

967 3467 998 3521 iu
1019 3466 1096 3521 huuc
1120 3466 1262 3521 modurn:
1286 3467 1439 3521 Periculum
1462 3481 1550 3520 meum
1572 3472 1621 3535 est,
1637 3467 1663 3522 si
1683 3466 1823 3522 attendam

968 3555 1098 3626 quomodo
1119 3555 1250 3621 laudatis,
1263 3557 1289 3608 el
1303 3554 1470 3610 dissimulem
1493 3554 1623 3622 quomodo
1641 3556 1750 3610 viratu.
1775 3554 1824 3609 ille

968 3648 1057 3698 autem
1078 3645 1163 3708 novit,
1190 3641 1239 3696 sub
1258 3642 1335 3711 cujus
1358 3642 1442 3696 oculis
1469 3642 1572 3711 loono,
1594 3643 1648 3697 imo
1671 3641 1720 3697 sub
1744 3643 1822 3712 cujus

968 3733 1051 3787 oeulis
1061 3733 1155 3799 capilo,
1168 3746 1221 3786 nou
1230 3745 1272 3786 me
1284 3734 1340 3786 tam
1354 3730 1483 3786 delectmi
1491 3729 1619 3786 laudibus
1631 3731 1821 3800 popularibus,

968 3835 1050 3890 parom
1065 3821 1206 3876 tumulari
1217 3823 1243 3875 et
1256 3821 1323 3887 oapi
1337 3819 1468 3889 quomodo
1477 3820 1572 3874 uiuant
1586 3821 1636 3891 qui
1643 3835 1683 3875 me
1696 3820 1820 3876 laudam.

966 3909 1093 3965 Laudari
1105 3914 1196 3965 eutem
1215 3924 1233 3964 o
1252 3909 1322 3964 male
1339 3909 1492 3965 uirentibus
1505 3909 1575 3973 uolo,
1592 3909 1733 3978 abhorreo,
1749 3909 1821 3965 dete·

967 4002 1040 4054 ator:
1060 3998 1149 4054 dolori
1166 3998 1367 4064 mistretam
1387 3998 1533 4069 voluptati.
1556 3996 1681 4054 Madaro*
1699 4001 1788 4053 autem
1805 4013 1824 4051 o

968 4087 1031 4143 bene
1042 4088 1204 4156 uiuentibus,
1222 4089 1248 4142 st
1267 4087 1357 4143 dicam
1373 4088 1444 4155 noio,
1459 4089 1590 4153 mentior;
1605 4089 1631 4142 si
1645 4087 1735 4142 dicam
1752 4087 1821 4152 volo,

968 4178 1045 4232 timeo
1054 4191 1088 4231 ue
1097 4178 1149 4232 sim
1160 4175 1308 4232 inanitatis
1318 4178 1498 4246 appetentior,
1509 4191 1592 4245 quom
1601 4174 1758 4231 soliditatis.
1771 4176 1824 4230 Er·

967 4280 1001 4335 po
1024 4264 1091 4336 quid
1113 4264 1226 4322 dicam?
1245 4266 1298 4321 Nec
1315 4266 1392 4335 pleae
1411 4265 1480 4328 uolo,
1502 4279 1549 4320 aec
1571 4264 1648 4333 pleae
1668 4263 1738 4318 uolo.
1762 4264 1822 4321 Nou

966 4353 1044 4424 pleae
1060 4354 1130 4418 uolo,
1150 4368 1183 4408 ιιι
1202 4355 1231 4408 io
1255 4353 1336 4410 laude
1358 4355 1478 4409 tamone
1495 4353 1649 4424 periclitor
1673 4366 1727 4407 ιιι
1742 4351 1823 4422 plere

966 4442 1037 4509 uolo,
1052 4457 1085 4497 ιιι
1099 4443 1206 4512 irrorati
1218 4444 1274 4498 sint
1295 4441 1393 4512 quibus
1411 4441 1531 4513 predico
1546 4439 1642 4511 (Serra.
1659 4443 1722 4508 339,
1738 4455 1764 4495 ιι.
1783 4440 1820 4512 l).

968 4532 1126 4599 Postremo,
1140 4531 1217 4602 quod
1227 4529 1264 4586 ed
1278 4529 1350 4586 illud
1361 4530 1438 4585 aliud
1452 4528 1616 4585 tentationis
1630 4529 1749 4598 melum,
1764 4544 1822 4602 quo

968 4620 1137 4676 inanescunt
1150 4619 1201 4693 qui
1224 4621 1338 4693 placent
1352 4618 1408 4674 sibi
1427 4617 1462 4673 de
1483 4634 1525 4689 se,
1545 4620 1594 4673 aut
1614 4617 1649 4674 de
1674 4617 1725 4673 liei
1738 4616 1823 4673 bonis

967 4709 1050 4782 qnasi
1063 4709 1133 4777 sais,
1146 4712 1197 4766 eut
1206 4713 1345 4781 tanquam
1357 4723 1391 4762 ex
1404 4705 1515 4763 meritis
1526 4707 1595 4776 suis,
1609 4707 1745 4762 antrclut
1758 4704 1823 4762 aliis

968 4798 1126 4854 invidentes
1139 4813 1183 4867 aa,
1199 4796 1377 4854 alliciebatur
1390 4796 1451 4868 ipse
1464 4801 1591 4853 tremore
1606 4795 1708 4862 cordis,
1721 4798 1750 4851 et
1765 4795 1823 4851 ral-

967 4903 1037 4943 uera
1051 4903 1102 4944 sua
1115 4887 1208 4960 magis
1223 4885 1343 4943 subinde
1362 4886 1452 4941 alteo
1467 4885 1573 4954 sanari,
1590 4901 1677 4958 quem
1692 4882 1748 4941 sibi
1762 4899 1822 4939 uon

966 4975 1061 5048 intligi
1076 4975 1217 5031 sentiebat
1232 4974 1448 5046 (confusionum
1459 4975 1507 5031 lib.
1526 4977 1569 5042 ιιι,
1583 4990 1645 5045 cap.
1661 4976 1706 5042 39,
1718 4989 1748 5029 ι.
1763 4972 1820 5042 aa.)

58 5064 162 5122 &iuda
172 5064 314 5138 paulatim
333 5065 454 5122 libenter
471 5066 645 5123 advertebat.
668 5067 775 5122 Caum
795 5081 912 5122 curreu-
1001 5067 1029 5121 ι.
1051 5063 1104 5120 Ubi
1118 5081 1148 5118 se
1164 5062 1280 5136 agnovit
1294 5062 1496 5135 contessusque
1511 5066 1556 5119 est
1575 5065 1689 5117 sanctus
1703 5060 1820 5131 Episco-

58 5157 116 5209 tsm
129 5157 198 5227 post
210 5153 340 5226 leporem
350 5154 413 5228 jam
427 5170 486 5211 nou
500 5155 645 5228 spectabat
655 5171 720 5211 cum
733 5153 765 5210 iu
774 5153 849 5211 circo
861 5153 912 5210 iis-
967 5169 1021 5225 pus
1040 5151 1085 5208 bis
1103 5152 1197 5207 omnis
1218 5150 1331 5223 generis
1348 5149 1469 5224 peccatis
1493 5149 1660 5216 obnoxium,
1681 5145 1821 5219 quidquid

58 5246 120 5299 ret:
137 5246 169 5299 at
180 5257 251 5299 raro
263 5242 296 5298 in
309 5258 391 5316 agro,
406 5243 431 5299 si
444 5259 511 5300 casu
524 5243 671 5312 transiret,
687 5244 832 5300 auertebat
845 5259 912 5300 eum
968 5242 1083 5299 tandem
1097 5240 1146 5296 alii
1160 5242 1195 5297 de
1208 5241 1270 5313 ejus
1284 5240 1426 5314 probitate
1442 5256 1474 5295 ac
1484 5238 1587 5295 mento
1601 5235 1733 5302 sentiant,
1748 5233 1820 5290 adeo

57 5330 188 5387 iortamis
202 5335 233 5388 at
245 5331 282 5388 ab
298 5332 396 5406 aliqua
414 5330 522 5406 magna
531 5332 715 5406 cogitatione,
732 5336 817 5406 atque
832 5332 869 5388 ed
883 5349 912 5388 sa
968 5348 1027 5387 non
1047 5330 1255 5386 contemnenda
1274 5320 1474 5395 illa‘ducebal,
1497 5334 1532 5385 ut
1544 5325 1640 5399 potius
1658 5326 1777 5380 testetur
1789 5339 1820 5380 sa

59 5420 248 5478 convertebat
260 5419 311 5477 illa
324 5421 451 5493 venetio,
465 5438 525 5478 non
539 5421 656 5495 quidem
676 5420 788 5476 deviare
807 5437 912 5493 cogens
968 5423 1049 5477 tento
1071 5419 1175 5475 timore
1198 5434 1368 5477 concussam
1391 5418 1489 5486 luisse,
1508 5420 1542 5471 ut
1560 5415 1596 5471 de
1610 5411 1774 5484 arripienda
1789 5411 1820 5468 iu

56 5524 176 5582 corpore
187 5508 312 5582 jumenti
333 5509 380 5566 cui
399 5509 472 5568 torte
489 5508 637 5578 insideret,
653 5509 702 5566 sed
716 5508 809 5567 cordis
829 5509 898 5568 iucli
970 5507 1155 5569 solitudinem
1173 5507 1241 5580 luga
1260 5506 1401 5590 cogitarit.
1421 5506 1588 5568 Gmterrilus
1612 5503 1728 5572 peccatis
1745 5503 1813 5571 meis
