3884 6112
94 275 147 330 les
284 218 287 225 ¹
720 265 806 324 VITA
826 263 854 320 S.
875 262 1069 322 Alruusriui
1089 260 1259 319 Episcopi.
1795 262 1845 316 iso

87 409 136 450 nec
155 392 239 450 oculis
254 393 400 448 cumeisin
420 393 473 447 ista
487 392 541 451 sole
560 388 761 461 quaerebantur.
790 388 939 446 Osiuide·
994 387 1089 443 minus
1113 385 1239 442 mirabili
1264 383 1407 440 celeritate
1431 383 1598 440 sublevavit.
1622 385 1688 442 cum
1703 384 1791 454 dabir,
1808 385 1848 440 in·

88 486 149 538 rent
170 484 307 538 internum
329 485 468 548 aternum,
494 480 567 551 quod
590 495 636 548 eqo
664 482 730 549 quia
757 485 940 549 quslaoerarn,
995 477 1069 548 quit,
1090 479 1121 531 in
1146 480 1251 531 tantum
1273 477 1480 544 inpruuesceret,
1495 479 1526 529 ut
1552 489 1605 529 non
1631 475 1749 530 valerem
1773 475 1849 545 loqui

87 570 258 640 frendebam,
280 572 409 639 quoniam
431 584 485 625 non
507 572 546 624 eis
568 574 693 640 poteram
715 568 874 623 ostendere!
900 567 942 623 ibi
994 566 1211 622 ascmditincor
1224 579 1311 620 meum
1326 563 1708 633 admonereomnesmeosqui
1722 562 1848 632 aderarm

88 662 170 721 cuim,
191 659 240 715 ubi
257 660 327 715 mibi
348 649 437 715 iratus
456 673 529 713 eram
544 660 617 713 intus
637 659 667 712 in
690 657 781 726 cubili,
797 656 845 710 ubi
867 671 941 711 com·
994 659 1025 709 ut
1048 655 1259 724 deprecarentur
1274 658 1298 708 te
1310 669 1361 723 pro
1382 667 1432 720 me,
1454 655 1538 707 ileum
1558 653 1656 708 salutis
1680 653 1848 708 omnimoda.

86 753 203 820 punctus
226 763 310 809 eram,
335 748 383 802 ubi
405 749 623 817 sacrificaveram
641 750 763 803 mactans
782 748 941 799 uetustatem
995 747 1030 799 Et
1048 745 1147 814 scripse
1168 744 1217 798 boc
1231 744 1261 797 in
1279 757 1350 811 cera,
1370 746 1396 796 et
1410 740 1474 796 dedi
1487 745 1517 796 ut
1532 743 1570 796 eis
1584 742 1724 810 teperetur.
1741 743 1806 797 iloa
1820 746 1851 798 ut

88 854 185 902 meam,
198 842 224 892 et
238 837 363 892 incbaata
376 836 547 891 meditatione
560 836 741 891 rmooationis
754 850 817 889 mea
828 849 941 905 sperans
993 848 1082 901 pertua
1096 833 1216 903 supplici
1229 831 1328 901 affectu
1342 830 1467 902 fluimus,
1481 832 1556 898 sapit
1566 830 1706 886 doioriiie.
1722 830 1778 887 Sed
1789 833 1850 900 quis

88 929 118 982 in
146 930 182 994 tc,
202 925 243 980 ibi
268 925 338 980 milri
363 925 512 979 dulcescere
531 938 659 993 capenas,
681 927 706 978 et
730 922 844 978 dederas
870 923 941 978 lali·
995 922 1092 977 dolor?
1115 926 1163 976 out
1181 920 1312 990 quomoda
1330 919 1425 988 rupit?
1452 921 1573 989 Eapaui,
1597 922 1709 988 faleor,
1739 922 1851 993 Domine

88 1017 157 1071 tiam
170 1015 200 1069 in
213 1011 292 1069 corde
302 1027 368 1067 meo.
385 1014 421 1067 Et
444 1012 629 1067 exclamabam
649 1012 737 1082 tepens
757 1013 900 1079 bassaris,
916 1015 942 1066 ct
994 1025 1077 1078 meus,
1093 1013 1162 1065 Deus
1175 1025 1263 1076 meus;
1280 1010 1350 1064 nibil
1364 1011 1435 1064 enim
1457 1010 1511 1063 tuie
1529 1008 1563 1063 ab
1585 1010 1693 1063 ineunte
1704 1012 1786 1064 atate
1800 1025 1848 1063 ea·

88 1117 234 1172 aquescens
248 1104 337 1168 latter
361 1116 408 1156 nec
422 1102 542 1156 uolebam
566 1102 747 1172 ncultiplicari
765 1103 877 1156 terrenis
893 1100 941 1155 bo·
991 1103 1087 1170 pertus
1097 1101 1215 1167 buram.
1230 1102 1266 1154 Et
1280 1100 1415 1154 insinuati
1428 1099 1570 1152 suratmitii
1584 1097 1851 1167 inprosundanutus

88 1194 146 1258 nis,
169 1190 301 1245 devorans
318 1195 449 1260 tempora,
465 1194 490 1244 et
511 1191 655 1245 devoratus
679 1190 858 1260 temporibus3
881 1204 941 1243 cum
995 1192 1036 1244 tui
1046 1208 1053 1256 ;
1075 1193 1100 1244 ct
1118 1189 1239 1256 qaudcns
1254 1191 1284 1243 in
1305 1189 1359 1258 (lde
1375 1187 1489 1242 laudaut
1505 1202 1599 1242 namen
1619 1191 1704 1241 tuum.
1720 1189 1756 1242 iit
1770 1203 1802 1242 eo
1816 1190 1847 1257 t·

90 1280 215 1336 baberem
237 1281 267 1335 in
284 1282 385 1334 aeterna
405 1279 580 1348 simplicitate
593 1277 672 1332 atiud
682 1280 849 1345 (iumentum
863 1282 888 1331 et
899 1279 941 1332 ui·
995 1278 1041 1333 des
1054 1293 1096 1333 me
1113 1293 1236 1333 securum
1251 1293 1307 1332 esse
1325 1293 1379 1332 nari
1399 1277 1504 1332 sinebat
1521 1275 1554 1330 de
1570 1277 1717 1346 praeteritis
1729 1278 1850 1346 peccatis

89 1385 154 1425 num
173 1373 198 1424 et
220 1369 315 1424 oleum.
341 1371 376 1423 Et
399 1368 549 1422 clamabam
560 1369 590 1421 in
604 1368 775 1436 consequenti
791 1380 871 1421 uersu
882 1366 941 1422 cla·
997 1369 1074 1434 mcis,
1097 1382 1157 1435 qua·
1178 1363 1246 1421 miti
1263 1381 1313 1436 per
1325 1367 1496 1435 baptismum
1511 1368 1587 1419 tuum
1599 1366 1715 1420 remissa
1729 1364 1851 1421 nondam

89 1473 163 1513 more
177 1456 232 1512 olto
242 1455 331 1511 cordis
341 1457 393 1510 mei
402 1474 411 1509 ε
429 1456 518 1510 «Oia
531 1456 613 1524 pace!
626 1453 820 1524 otnidipsum!
832 1453 942 1522 »cquid
995 1460 1074 1511 erard
1089 1455 1221 1525 (consess.
1235 1454 1281 1509 tib.
1297 1457 1364 1522 9,n.
1390 1455 1444 1524 li).

90 1546 174 1617 dimit,
191 1567 201 1595 ι
219 1545 393 1602 obdormiam
403 1548 427 1599 ct
438 1558 558 1598 somnum
572 1545 696 1613 capiam!
711 1543 866 1609 »Quoniam
880 1546 942 1612 quis
1030 1547 1055 1599 5.
1072 1545 1125 1598 Per
1136 1542 1163 1599 id
1176 1544 1312 1615 temporis
1323 1543 1389 1615 pius
1403 1543 1451 1597 iiie
1466 1542 1692 1599 catechumenus
1707 1558 1776 1596 suos
1790 1541 1849 1597 edi·

90 1639 196 1693 resistet
206 1633 365 1705 nobis,[cum
374 1635 421 1703 (let
432 1648 517 1688 sermo
532 1634 581 1703 qui
593 1635 711 1702 scriptus
719 1636 767 1700 est,
782 1633 942 1702 «absorpta
996 1632 1038 1688 dit
1052 1632 1278 1705 Saiiloquiorum
1291 1632 1388 1700 libros,
1409 1632 1558 1710 inquibus
1577 1631 1746 1686 interiorem
1761 1631 1850 1685 animi

91 1729 131 1783 est
143 1739 213 1780 mors
225 1725 255 1778 in
269 1725 411 1778 uictoriam
422 1744 436 1772 a
452 1722 478 1793 (i
490 1723 549 1779 Cor.
562 1737 609 1791 xv,
621 1723 675 1788 si).
688 1724 724 1777 Et
738 1726 768 1776 tu
782 1737 809 1777 es
822 1721 942 1792 idipsum
996 1722 1040 1777 sui
1055 1725 1160 1776 statum
1183 1721 1353 1776 mirabiliter
1374 1721 1517 1792 exprimit.
1539 1721 1693 1776 Protitetur
1705 1720 1737 1775 in
1749 1720 1851 1793 primis

90 1813 228 1882 valdequi
238 1826 291 1866 non
302 1811 435 1877 mutaris;
451 1814 476 1865 et
491 1811 520 1863 in
535 1813 559 1864 te
574 1812 679 1878 requies
694 1810 852 1866 obliviscens
867 1811 941 1866 labo·
995 1827 1025 1866 se
1038 1811 1129 1866 teneri
1142 1810 1302 1866 incredibili
1321 1810 1444 1883 quadam
1469 1809 1609 1865 desiderio
1635 1811 1729 1865 Deum
1741 1825 1849 1880 cogno·

91 1918 153 1958 rum
166 1903 296 1970 mnium,
316 1901 444 1970 quoniam
458 1899 549 1954 nultus
571 1900 643 1954 alius
664 1902 758 1967 mcum,
777 1915 824 1955 neo
837 1900 942 1955 adalia
996 1899 1109 1967 scendi;
1126 1916 1219 1971 neque
1238 1899 1310 1954 scire
1331 1916 1361 1954 se
1375 1898 1495 1971 aliquid,
1511 1899 1656 1970 quomado
1672 1899 1745 1954 scire
1761 1900 1849 1954 Deum

90 1992 178 2047 multu
196 1989 374 2059 adipiscenda
388 2003 447 2058 quae
458 2003 511 2042 non
525 1988 671 2057 suntquod
686 1993 729 2057 tu;
745 1989 817 2043 seda
831 1992 871 2055 tu,
886 1991 942 2043 iio-
996 1989 1074 2062 eupit
1098 1989 1218 2060 (soliloq.
1239 1989 1288 2044 lib.
1312 1991 1337 2057 l,
1352 2004 1380 2044 n.
1404 1988 1431 2060 7)
1449 2005 1456 2044 :
1473 2005 1532 2043 non
1548 1987 1625 2043 enim
1650 1987 1705 2043 sibi
1721 1992 1766 2043 sat
1780 2003 1848 2055 esse,

90 2082 173 2146 mine,
196 2079 375 2147 sinqutariter
399 2081 429 2132 in
448 2092 495 2147 spe
510 2079 676 2132 constituisti
694 2094 775 2133 me.»
800 2075 940 2144 Leqebam,
996 2078 1131 2133 silicum
1154 2079 1193 2134 sic
1216 2082 1325 2149 noscat,
1346 2079 1489 2150 quomoda
1514 2093 1599 2132 suum
1622 2077 1704 2152 pavit
1717 2077 1850 2149 Alypium

92 2173 118 2223 et
131 2166 278 2233 ardebam;
293 2182 339 2220 nec
362 2167 531 2221 inveniebam
554 2166 623 2237 quid
635 2168 754 2234 saonem
765 2166 857 2222 surdis
872 2182 941 2222 mor·
997 2167 1096 2239 (ibid,
1115 2184 1144 2223 n.
1171 2168 1210 2239 8),
1228 2171 1288 2222 ‘aut
1312 2166 1433 2222 certiora
1460 2166 1670 2222 mathematicae
1696 2165 1849 2238 principia,

92 2259 156 2324 luia
171 2271 205 2310 ea
219 2255 317 2324 quibus
328 2257 436 2322 fueram
450 2258 545 2325 pestis,
567 2257 683 2310 latrator
696 2271 807 2311 amarus
821 2260 846 2311 et
858 2271 942 2312 cacus
996 2272 1060 2328 quea
1075 2273 1134 2328 pree
1145 2256 1195 2311 liei
1206 2273 1304 2312 amore
1318 2273 1351 2312 ex
1364 2256 1441 2311 iliius
1452 2272 1525 2328 pene
1536 2255 1676 2312 memoria
1686 2241 1850 2311 exciderant

91 2346 222 2402 adamus
235 2347 340 2401 litteras
353 2345 387 2400 de
400 2345 476 2400 melle
489 2346 548 2400 cati
567 2346 681 2414 melleas,
697 2349 723 2400 et
736 2346 770 2401 dc
784 2348 883 2401 iumine
897 2352 941 2402 tuo
995 2345 1089 2416 (ibid,
1110 2361 1156 2400 nn.
1175 2347 1217 2413 lb,
1240 2346 1294 2418 il).
1310 2346 1381 2401 Cum
1400 2345 1491 2418 ipsea
1512 2362 1542 2400 se
1557 2344 1671 2417 querit,
1686 2361 1725 2400 au
1738 2344 1847 2416 aliquid

92 2435 239 2490 luminosas
258 2453 267 2489 ε
291 2437 316 2489 et
333 2448 415 2504 super
432 2436 550 2489 inimicis
564 2434 712 2504 Scriptura
731 2436 813 2505 bujus
828 2435 942 2490 tabesoe·
995 2439 1100 2507 praeter
1114 2434 1165 2490 Dei
1179 2435 1281 2507 suique
1296 2434 1429 2490 notitiam
1443 2439 1520 2490 amet
1539 2451 1546 2490 ε
1564 2437 1669 2490 Possem
1678 2434 1848 2506 respondero,

93 2524 164 2592 bam,
181 2523 289 2593 quando
304 2522 470 2580 recordabar
483 2525 574 2578 omnia
587 2522 693 2579 dierum
704 2525 813 2580 illorum
826 2526 940 2591 feriato·
995 2522 1099 2594 inquit,
1118 2523 1189 2577 nibil
1208 2539 1250 2578 me
1264 2537 1356 2578 amare
1370 2525 1497 2593 amptius,
1513 2538 1563 2594 pro
1576 2538 1605 2578 eo
1620 2538 1701 2578 sensu
1715 2525 1766 2592 qui
1779 2524 1845 2579 mibi

92 2627 154 2667 rum
173 2611 304 2683 (confess.
318 2611 366 2667 lib.
383 2614 411 2679 9,
425 2627 485 2681 cap.
499 2613 526 2678 l,
541 2628 569 2668 n.
585 2613 674 2684 bii).
685 2632 698 2649 ·
994 2627 1065 2666 nunc
1079 2616 1132 2680 est3
1158 2611 1206 2667 scd
1221 2614 1304 2667 tulius
1324 2612 1483 2683 respondeo,
1506 2615 1607 2668 nescire
1625 2628 1676 2668 me.
1697 2614 1768 2670 Nam
1781 2627 1847 2683 sape

127 2704 153 2756 3.
173 2700 231 2755 Sub
243 2699 272 2754 id
285 2703 408 2771 tempus,
423 2703 455 2754 ut
468 2699 591 2764 videtur,
606 2699 734 2755 inolitam
746 2701 864 2772 jurandi
873 2717 940 2756 con·
995 2702 1064 2755 mibi
1076 2704 1222 2767 usuvenit,
1243 2705 1274 2755 ut
1291 2718 1352 2757 cum
1372 2702 1429 2756 aliu
1442 2702 1519 2756 nulla
1532 2717 1561 2756 re
1575 2717 1615 2756 me
1629 2701 1767 2757 crederem
1780 2717 1847 2757 oam-

92 2789 284 2855 suetudinem‚
300 2805 387 2861 quam
399 2793 586 2857 contraxerat,
597 2790 770 2854 emendavit.
784 2793 941 2845 iuravimus
994 2792 1104 2857 moueri,
1117 2792 1220 2845 ueniret
1230 2795 1319 2845 tamen
1333 2790 1441 2860 aliquid
1451 2793 1480 2844 in
1494 2795 1618 2858 mentem,
1630 2790 1704 2861 quod
1713 2807 1755 2846 me
1769 2791 1847 2846 mutto

91 2880 116 2931 et
130 2892 177 2933 nos
188 2877 301 2948 passim,
322 2877 362 2932 ait
381 2877 442 2949 ipse
464 2878 499 2933 ud
523 2878 662 2949 populum
676 2894 771 2946 suum,
796 2879 941 2935 babuimus
994 2880 1075 2934 aliter
1085 2882 1167 2949 utque
1177 2893 1403 2949 praesumpseram
1415 2882 1555 2950 punqeret.
1573 2881 1639 2934 item
1652 2893 1734 2950 sape,
1749 2895 1844 2951 quam·

91 2967 173 3021 utam
197 2969 363 3022 teterrimam
387 2967 604 3023 consuetudinem
627 2972 653 3023 et
673 2970 852 3036 mortiferam.
877 2972 942 3025 iiico
994 2969 1078 3023 eisin
1093 2969 1281 3036 capitationem
1299 2982 1342 3022 res
1361 2967 1456 3036 aliqua
1471 2967 1656 3023 iriciderrsnon
1668 2968 1847 3038 maperuelie·

91 3053 229 3109 Gbaritati
241 3059 350 3122 uestrae3
366 3070 400 3109 ea
420 3071 472 3126 quo
486 3059 537 3111 ileo
553 3059 653 3111 seruire
667 3059 804 3126 capimus,
819 3063 845 3113 et
857 3075 943 3129 quan·
995 3060 1043 3125 rit,
1051 3072 1145 3111 reuera
1153 3060 1242 3111 tamen
1251 3059 1358 3112 unricus
1365 3055 1536 3127 perturbavit
1540 3057 1605 3127 plus
1615 3073 1697 3126 quam
1706 3057 1845 3128 putabam

91 3145 149 3197 tum
163 3143 265 3197 malum
283 3146 321 3197 sit
334 3145 363 3197 in
376 3145 498 3214 perjurio
507 3145 637 3206 vidimus,
649 3147 789 3202 timuimus
803 3148 941 3204 veliemen-
995 3146 1043 3201 scd
1056 3145 1134 3200 modo
1146 3145 1240 3201 uideor
1252 3146 1322 3201 milri
1337 3145 1423 3201 tribus
1432 3149 1537 3201 tantum
1551 3146 1629 3200 rebus
1642 3161 1722 3216 posse
1736 3161 1845 3202 commo·

92 3235 142 3297 ter,
154 3235 179 3284 et
188 3232 431 3287 veternosissimam
440 3233 657 3288 consuetudinem
672 3237 942 3304 timoresrenaoimus
994 3237 1053 3290 ucri
1070 3251 1077 3290 :
1099 3238 1172 3289 metu
1185 3236 1339 3290 amissionis
1354 3250 1444 3289 eorum
1461 3250 1526 3304 quos
1541 3235 1635 3303 ditiqo,
1651 3240 1723 3290 metu
1738 3235 1845 3303 doloris,

93 3318 193 3390 (Serm.
212 3321 272 3386 180,
287 3335 317 3374 n.
332 3320 384 3390 ro.)
399 3321 529 3376 iactatus
543 3336 603 3376 sum
617 3325 711 3376 contra
724 3324 942 3381 consuetudinem
995 3327 1066 3379 metu
1085 3325 1179 3378 mortis
1195 3322 1288 3393 (ibid,
1302 3340 1329 3378 n.
1347 3324 1402 3394 lb).
1416 3323 1583 3379 Divinarum
1599 3324 1786 3380 albanorum
1800 3340 1846 3378 cu-

89 3423 186 3475 meam,
201 3410 231 3462 in
248 3411 310 3479 ipsa
324 3408 468 3465 luctatione
482 3411 606 3466 inuocaui
623 3413 766 3467 mminum
777 3412 940 3482 adjutorem.
998 3412 1103 3483 piditas
1118 3412 1154 3466 ab
1170 3411 1232 3483 ejus
1246 3412 1344 3467 animo
1358 3413 1513 3469 exsulabat.
1531 3413 1700 3468 Nuliatenus
1713 3428 1782 3468 eum
1794 3410 1845 3467 iiii·

90 3497 221 3552 Praestitit
233 3498 302 3553 mibi
315 3500 445 3554 Dominis
469 3499 638 3570 adjutorium
654 3516 708 3556 non
716 3502 845 3572 jurandi.
864 3505 943 3562 iiiiiit
995 3501 1088 3556 ciebat
1106 3500 1235 3556 ciborum
1247 3501 1412 3572 jucunditas
1434 3501 1464 3556 in
1488 3501 1533 3570 iis,
1547 3518 1563 3556 a
1585 3500 1692 3573 quibus
1707 3501 1847 3556 abstinere

89 3586 280 3653 mibisaciiius
294 3592 343 3655 est,
359 3603 441 3657 quom
459 3603 513 3643 non
532 3589 630 3659 jurare
650 3589 746 3660 (Serm.
773 3593 835 3661 307,
855 3609 882 3647 n.
904 3593 940 3663 5).
996 3593 1144 3645 statuerat.
1163 3588 1234 3645 Aliis
1257 3589 1374 3662 quidem
1397 3606 1456 3645 non
1477 3591 1538 3645 sine
1552 3589 1650 3663 aliqua
1663 3589 1847 3646 delectatione

88 3676 206 3730 Frenata
217 3675 291 3748 (hoec
305 3677 492 3749 consuetudo)
505 3681 690 3748 restrinpitur,
701 3682 828 3736 restricta
834 3682 943 3750 lanque-
995 3679 1139 3747 utebatur,
1155 3678 1195 3734 iia
1210 3683 1305 3734 umen
1316 3683 1349 3734 ui
1358 3679 1414 3734 illis
1424 3679 1506 3735 iaciie
1520 3683 1693 3751 temperaret
1707 3695 1714 3734 :
1733 3695 1785 3736 nee
1799 3695 1849 3735 uu·

88 3765 150 3826 scit,
163 3763 335 3831 tanquescens
344 3768 483 3833 emoritur,
494 3768 942 3826 elmaiaaonsuetudinibanasuc-
996 3784 1085 3840 quam
1101 3784 1167 3823 eum
1186 3767 1318 3824 ciborum
1340 3768 1477 3840 appetitio
1493 3769 1527 3825 ab
1543 3769 1578 3825 iis
1594 3770 1688 3833 rebus,
1705 3786 1778 3842 quas
1792 3785 1849 3824 me·

89 3849 160 3906 aedit
173 3850 378 3920 (Serm.l80,n.
395 3854 492 3923 lotrix
501 3870 535 3909 ea
547 3857 678 3926 tempore
694 3857 786 3912 adhuc
797 3856 942 3913 interdum
995 3856 1082 3913 ditari
1101 3858 1196 3927 veliet,
1218 3857 1362 3913 avocabat.
1383 3857 1511 3929 Denique
1534 3875 1568 3914 ex
1592 3859 1665 3927 cibo,
1690 3863 1775 3929 patu,
1791 3859 1847 3914 bal·

85 3939 212 4011 jurabat,
226 3939 276 3994 sed
290 3956 396 4012 magna
409 3941 579 3997 necessitate
597 3944 771 4015 compulsus.
788 3946 860 4001 Num
876 3963 941 4010 cum
996 3944 1069 4012 nais,
1090 3944 1258 4017 eaeterisque
1272 3945 1303 4000 id
1318 3962 1407 4017 genus
1422 3962 1487 4018 quoe
1503 3947 1539 4002 ad
1565 3962 1668 4019 eorpus
1692 3947 1848 4019 pertinent,

90 4026 205 4082 videbat
217 4027 270 4082 sibi
295 4044 354 4083 nou
373 4029 451 4085 credi
463 4029 519 4085 nisi
531 4030 651 4102 J'uraret,
668 4036 694 4087 et
709 4032 736 4087 ci
751 4033 800 4106 qui
814 4034 868 4090 sibi
883 4051 941 4090 uon
995 4034 1023 4090 id
1038 4038 1152 4090 tantum
1163 4035 1337 4106 capessebat,
1353 4035 1432 4106 quod
1447 4052 1516 4091 cura
1528 4036 1701 4092 valetudinis
1713 4036 1846 4109 exigeret

88 4116 233 4181 credebat,
249 4132 307 4172 non
325 4117 459 4190 expedire
481 4120 558 4191 quod
578 4136 635 4175 nan
653 4121 796 4191 crederet3
808 4123 861 4178 hec
875 4140 940 4194 per·
995 4122 1076 4188 Quod
1087 4123 1123 4177 ad
1138 4123 1370 4179 uxorisumorem
1389 4124 1514 4196 pertinet
1530 4142 1537 4181 ε
1554 4126 1758 4192 Quantumlibet
1771 4127 1846 4189 uelis,

88 4220 178 4276 pensa
188 4205 300 4261 ratione
322 4210 350 4261 et
375 4206 599 4264 consideratione
614 4209 728 4279 librata,
748 4227 813 4266 cum
834 4228 940 4284 magna
996 4211 1045 4277 ait,
1067 4227 1127 4266 eam
1145 4215 1258 4282 piabere
1278 4217 1365 4284 atque
1384 4215 1521 4269 cumulare
1534 4214 1609 4269 bonis
1624 4215 1757 4284 omnibus,
1780 4213 1849 4270 nibil

88 4292 193 4348 timore
215 4294 327 4350 dicebat
340 4293 434 4349 verbis
460 4297 549 4351 Paulo
568 4298 755 4369 solemnibus,
771 4301 866 4358 Caram
889 4304 941 4357 ileo
993 4300 1063 4354 milii
1076 4303 1131 4354 tam
1150 4300 1325 4369 sapiendum,
1349 4317 1431 4371 quom
1454 4303 1624 4359 concubitum
1650 4319 1707 4359 esse
1720 4303 1826 4359 deornm
1838 4318 1845 4357 :

87 4379 193 4452 (Galat.
220 4398 230 4436 r
252 4383 313 4453 20);
336 4387 398 4450 aut,
424 4385 509 4440 Testis
532 4391 570 4441 est
592 4389 662 4442 aaa
677 4386 762 4458 (bom.
785 4405 804 4456 1,
821 4391 864 4461 9);
880 4394 939 4459 aut,
992 4391 1065 4445 uticii
1088 4405 1144 4446 esse
1166 4392 1262 4461 sentio,
1288 4392 1361 4461 quod
1374 4395 1462 4463 maqis
1479 4409 1514 4448 ea
1526 4409 1587 4449 arce
1600 4393 1715 4463 dejiciat
1728 4397 1847 4449 animun

86 4468 144 4524 Scit
165 4469 290 4525 cbristus
312 4472 352 4526 sic
366 4486 422 4527 esse
436 4474 465 4527 in
486 4475 577 4530 animo
598 4490 654 4530 meo
675 4477 711 4546 (ii
730 4477 790 4547 Gor,
814 4493 852 4546 xi,
870 4478 912 4549 31)
931 4495 938 4533 :
993 4480 1111 4548 uirilem,
1133 4495 1216 4551 quam
1238 4481 1423 4536 blandimenta
1445 4484 1574 4551 feminea,
1594 4498 1790 4554 corporumque
1803 4483 1847 4538 itte

87 4556 251 4629 cujusmodi
271 4559 428 4630 juramenti
442 4563 574 4634 exempla
594 4563 626 4618 in
653 4564 714 4636 ejus
741 4565 853 4638 scriptis
867 4567 940 4622 torte
992 4572 1210 4640 beataemariae
1222 4586 1274 4640 quo
1287 4586 1358 4625 uuor
1372 4571 1467 4626 baberi
1480 4588 1533 4627 non
1543 4577 1645 4643 potest.
1664 4575 1760 4643 itaque
1774 4575 1801 4628 si
1811 4572 1847 4628 ud

86 4646 229 4702 nonnulla
250 4648 356 4705 rideas.
374 4651 457 4705 Extra
478 4651 553 4706 banc
566 4652 762 4708 necessitatem
775 4655 872 4710 nullus
887 4672 939 4710 un·
992 4657 1114 4728 officium
1132 4661 1252 4730 pertinet
1272 4661 1403 4730 sapientis
1418 4661 1491 4730 quod
1504 4662 1623 4717 nondum
1636 4664 1765 4733 comperi,
1782 4661 1848 4717 dare

41 4810 45 4815 Ι
85 4749 174 4807 quam
188 4751 256 4792 eum
266 4737 414 4809 jurantem
429 4739 548 4795 audivit.
992 4748 1846 4820 operamliberis,quisquisreibup'ustantumqratiaconcumbit,

120 4826 148 4881 i.
166 4826 240 4882 Dum
263 4830 377 4882 sanctus
402 4827 450 4885 Vir
476 4829 506 4884 in
531 4845 583 4884 suo
605 4845 716 4886 secessu
729 4831 857 4905 degeret,
873 4851 939 4891 eum
991 4837 1136 4892 mirandus
1150 4839 1220 4892 mibi
1240 4839 1330 4893 uideri
1343 4843 1443 4910 potest,
1466 4844 1495 4894 at
1513 4856 1575 4895 uero
1595 4841 1758 4908 imitandus,
1774 4840 1849 4896 nulla

87 4914 162 4970 Deus
176 4917 235 4969 tam
251 4919 335 4971 acuto
351 4916 480 4972 dentium
501 4918 600 4975 dolore
614 4920 741 4992 torqueri
753 4922 893 4994 permisit,
910 4928 941 4980 ut
992 4925 1070 4981 modo
1084 4943 1091 4981 :
1107 4942 1172 4981 nam
1187 4931 1290 4982 tentare
1302 4928 1350 4983 boo
1360 4929 1539 4999 periculosius
1553 4933 1687 5000 est,quam
1695 4929 1850 4999 passeseli·

87 5019 187 5076 parem
203 5020 353 5077 nunquam
368 5010 442 5062 esset
461 5012 604 5080 expertus.
630 5010 766 5067 Animum
781 5012 817 5067 ad
832 5012 940 5086 aliquid
993 5015 1756 5089 cius.Quamobremsatis,oredo,jusleatqueutiliterpro
1769 5018 1851 5073 liber-

86 5091 122 5148 de
141 5109 214 5149 navo
239 5093 406 5150 discendum
428 5094 577 5153 intendere
591 5114 650 5153 non
667 5103 789 5171 poterat,
805 5105 833 5156 et
846 5101 892 5156 vix
906 5118 941 5157 ea
993 5106 1048 5158 tate
1069 5107 1166 5161 anima
1179 5122 1244 5162 mea
1258 5108 1326 5162 mibi
1344 5108 1490 5178 imperavi,
1510 5122 1563 5161 non
1584 5122 1692 5178 cupere,
1707 5121 1762 5161 non
1774 5121 1849 5176 qua-

86 5194 152 5250 quee
167 5181 229 5252 jam
254 5179 327 5236 farte
348 5180 496 5250 didicerat,
523 5199 620 5239 secum
645 5185 705 5256 ipse
726 5187 864 5243 volvebat.
880 5187 940 5244 Sibi
992 5207 1060 5259 rere,
1076 5209 1129 5247 non
1143 5193 1238 5251 ducere
1253 5211 1374 5252 umorem.
1392 5197 1506 5253 Prorsus
1518 5196 1589 5251 uticii
1604 5195 1762 5266 hujusmodi
1776 5210 1846 5265 qua

58 5300 61 5307 ·
86 5269 184 5323 tamen
205 5269 365 5339 videbatur,
381 5269 406 5325 si
426 5271 552 5327 veritatis
567 5275 704 5344 splendor
717 5276 808 5332 menti
826 5293 886 5333 suae
901 5278 940 5334 ela
992 5295 1034 5348 ro,
1050 5281 1120 5336 nibil
1131 5282 1263 5353 desidero,
1276 5287 1359 5341 etiam
1373 5286 1551 5340 cumborrorc
1564 5288 1646 5355 atque
1658 5287 1851 5355 aspematione

86 5353 222 5426 fulgeret,
238 5364 289 5415 aut
310 5376 339 5414 se
354 5375 413 5414 non
434 5375 585 5416 sensurum
601 5361 687 5418 luisse
701 5362 782 5420 illurn
799 5366 939 5439 dolorem,
994 5370 1062 5423 talia
1073 5370 1207 5427 recordor.
1224 5373 1349 5439 Ouidius
1363 5374 1500 5443 amplius?
1513 5375 1549 5429 Et
1563 5373 1612 5429 boc
1625 5373 1694 5428 mibi
1707 5373 1805 5427 bonum
1818 5374 1850 5426 iu

87 5447 138 5498 aut
155 5451 230 5501 certe
253 5448 365 5504 facilius
383 5449 573 5505 toleraturum
591 5451 711 5522 (soliloq.
725 5454 772 5510 tib.
789 5458 813 5522 i,
836 5471 865 5511 n.
880 5458 937 5527 tl).
993 5457 1050 5514 dies
1065 5463 1159 5516 crescit
1174 5475 1256 5516 :nam
1265 5467 1367 5532 quanto
1376 5467 1492 5532 auqctur
1501 5476 1561 5533 spes
1571 5461 1695 5517 ridenda
1705 5461 1782 5517 illius
1792 5475 1850 5531 qua

86 5533 124 5589 lit
138 5533 222 5604 Deus,
237 5536 288 5608 qui
302 5553 370 5596 eum
392 5542 451 5596 mm
472 5538 563 5613 rigide
585 5539 747 5613 castigarat,
770 5543 854 5600 illurn
878 5561 939 5602 non
992 5547 1160 5607 uehementer
1184 5555 1272 5624 ‚astuo
1287 5552 1515 5623 pulchritudinis,
1536 5555 1611 5629 tanto
1625 5551 1663 5607 ad
1682 5551 1761 5607 ittam
1776 5554 1850 5608 ans
