3884 6112
760 420 1227 549 MONITUM

463 672 516 740 ba
539 670 621 738 HAG
644 670 920 739 BENEDICTINAE
943 671 1141 741 boltronis
1164 673 1274 744 ttova
1297 675 1531 745 RECUSIONE.

160 1016 386 1084 immortalem
401 1014 538 1081 Patrum
553 1014 849 1079 Benedictinorum
864 1013 1009 1094 gloriam
1027 1016 1248 1080 temerarium
1262 1019 1413 1100 proiecto
1436 1022 1522 1086 ieret
1542 1025 1751 1105 praetendere
1764 1048 1771 1101 ;
1802 1028 1864 1090 mi·

110 1119 204 1178 nime
227 1133 309 1178 vero
333 1112 546 1197 impossibile
573 1115 626 1175 est
657 1110 910 1174 lucubrationes
937 1129 1057 1176 eorum
1085 1112 1277 1192 meliorare,
1311 1116 1512 1182 introductis
1538 1122 1785 1188 mutationibus
1810 1124 1865 1188 ali·

108 1211 281 1294 quantulis
297 1229 385 1293 quas
412 1209 562 1293 ipsimet,
589 1208 619 1270 si
646 1211 765 1271 nostra
783 1207 937 1271 viverent
956 1211 1067 1286 aetate,
1090 1209 1305 1291 judicassent
1324 1215 1552 1278 necessarias.
1580 1214 1744 1281 Caeterum
1762 1219 1864 1286 bodie

85 1334 89 1397 q
107 1308 268 1372 convenit
283 1306 373 1388 apud
392 1305 642 1370 eruditissimos
667 1304 773 1383 viros,
800 1305 968 1386 imprimis
991 1308 1086 1368 extra
1111 1305 1262 1386 Galliam,
1288 1307 1543 1375 benedictinam
1563 1314 1760 1394 editionem,
1781 1318 1861 1382 licat

85 1405 200 1493 pomni
231 1403 372 1482 dignam
404 1400 642 1479 aestimatione,
683 1400 882 1483 caeterisque
911 1401 1189 1466 antecedentibus
1217 1404 1324 1468 multo
1358 1410 1641 1489 praestantiorem,
1679 1416 1860 1483 nonnullas

84 1554 87 1581 ,
108 1506 221 1563 tamen
236 1496 459 1577 negligentia
474 1499 575 1560 notas
592 1512 662 1579 pras
687 1514 724 1560 se
740 1497 840 1574 ferre,
858 1497 931 1561 sive
956 1496 1047 1578 quod
1070 1497 1219 1562 editores
1243 1499 1395 1564 laborem
1410 1520 1472 1584 per
1490 1504 1613 1584 viginti
1630 1506 1785 1588 integros
1802 1532 1864 1578 an-

110 1612 172 1657 nos
187 1595 398 1674 protractum
415 1590 563 1671 impares
578 1590 705 1655 luerint
716 1590 891 1654 indefessa
905 1590 1091 1654 attentione
1112 1593 1315 1671 sustinendi,
1333 1595 1406 1659 sive
1425 1598 1517 1679 quod
1529 1617 1676 1681 pensum
1691 1610 1742 1670 tot
1760 1609 1863 1674 colla·

109 1687 321 1753 boratoribus
347 1685 545 1750 devolutum
570 1686 737 1750 unitatem
755 1705 825 1750 non
849 1686 1053 1750 admitteret.
1072 1686 1127 1752 Sic
1142 1688 1312 1753 interdum
1328 1691 1484 1757 videntur
1497 1700 1652 1762 veterum
1675 1702 1864 1773 editionum

111 1785 323 1850 collationem
343 1781 558 1862 neglexisse;
577 1783 625 1846 sio
644 1782 761 1861 etiam,
778 1782 882 1847 variis
897 1782 1100 1847 lectionibus
1116 1802 1207 1848 nunc
1227 1786 1262 1849 in
1278 1791 1421 1870 utraque
1440 1794 1598 1872 margine
1615 1798 1748 1880 positis,
1771 1822 1863 1871 nunc

114 1883 154 1945 ad
166 1882 288 1944 calcem
299 1879 384 1944 tomi
399 1880 547 1961 rejectis,
565 1883 755 1942 accuratam
768 1883 924 1943 textuum
938 1880 1188 1958 recensionem,
1201 1882 1341 1945 unitatis
1353 1885 1569 1968 detrimento,
1588 1904 1860 1979 prosequentum
1927 1929 1939 1945 .

83 2036 85 2041 .
112 1980 160 2041 sic
180 1978 337 2060 denique,
353 1982 392 2041 ut
407 1977 537 2040 omissa
550 1980 759 2059 repararent,
777 1980 836 2040 aut
848 1974 1012 2041 lectiones
1028 1976 1250 2041 citationesve
1266 1980 1449 2045 mendosas
1466 1987 1657 2068 complures
1669 1992 1862 2075 impruden·

82 2092 86 2137 a
111 2081 159 2138 ter
174 2076 384 2138 introductas
411 2091 628 2156 quocumque
656 2072 758 2137 modo
783 2071 1017 2152 emendarent,
1045 2067 1205 2137 addendis
1233 2079 1267 2138 et
1293 2073 1494 2164 corripendis
1523 2083 1660 2164 singula
1686 2090 1862 2164 volumina

83 2188 86 2223 τ
111 2188 354 2235 exoneravere.

155 2267 294 2330 Duobus
323 2267 425 2345 igitur
450 2264 669 2348 potissimum
693 2264 961 2345 invigilavimus,
984 2264 1112 2329 scilicet
1138 2268 1288 2349 nequid
1320 2275 1420 2335 antea
1443 2274 1621 2355 vulgatum
1647 2282 1682 2346 in
1710 2286 1859 2355 editione

110 2369 226 2429 nostra
241 2363 465 2440 omitteretur,
490 2365 595 2443 utque
611 2361 937 2425 convenientissimo
954 2358 1072 2425 ordine
1102 2381 1157 2426 res
1186 2365 1344 2447 quaelibet
1370 2367 1616 2439 institueretur.
1645 2379 1769 2447 Praeter
1787 2403 1860 2450 ma·

110 2461 302 2541 nusrriptos
331 2459 477 2536 codices,
513 2457 681 2521 editiones
712 2456 904 2540 plerasque,
936 2461 1009 2520 tum
1039 2462 1186 2537 veteres,
1221 2464 1295 2524 tum
1323 2465 1530 2532 recentiores
1560 2475 1653 2538 tanta
1682 2478 1859 2561 diligentia

82 2580 86 2675 p
112 2556 394 2638 comparavimus,
412 2559 451 2619 ut
469 2559 587 2618 nostra
599 2553 801 2637 locupletior
823 2552 1018 2617 necessario
1034 2553 1189 2619 debuerit
1202 2574 1393 2638 emergere,
1412 2564 1558 2646 jureque
1574 2586 1770 2639 asseremus
1786 2594 1858 2641 om·

82 2680 85 2725 t
112 2654 192 2716 nino
219 2652 302 2715 nihil
328 2653 496 2716 hactenus
516 2651 696 2735 prodiisse,
728 2650 820 2733 qnod
849 2650 885 2714 in
913 2668 953 2714 ea
986 2669 1057 2715 non
1076 2652 1236 2718 abundet.
1260 2653 1419 2721 Attamen
1449 2664 1678 2748 nequicquam
1697 2679 1858 2755 suppete-

82 2784 85 2803 .
110 2755 157 2813 ret
176 2754 227 2813 tot
243 2750 402 2829 coegisse
415 2748 563 2826 divitias,
578 2747 645 2810 nisi
660 2752 750 2811 recte
770 2746 1024 2822 ordinarentur;
1046 2766 1158 2832 neque
1184 2769 1266 2815 vero
1289 2754 1388 2817 nobis
1412 2756 1548 2823 animus
1569 2767 1622 2826 est
1640 2767 1804 2850 quidquid
1824 2771 1859 2835 in

82 2844 85 2879 ³
110 2847 169 2911 boc
185 2846 446 2929 praestiterimus
462 2845 655 2908 minutatim
675 2843 880 2926 exponendi.
899 2840 1010 2908 Pauca
1023 2845 1135 2909 solum
1155 2847 1309 2930 exempla
1323 2850 1524 2917 referemus.

151 2950 184 3006 t⁰
206 2943 300 3006 Nihil
315 2943 414 3005 nobis
440 2941 613 3023 antiquius
629 2939 704 3018 luit,
726 2957 829 3022 quam
844 2943 882 3002 ut
897 2940 932 3002 in
956 2941 1040 3004 locis
1056 2960 1077 3003 a
1090 2943 1286 3007 reverendis
1310 2945 1394 3026 ipsis
1419 2945 1578 3015 Patribus
1600 2954 1755 3023 indicatis
1772 2979 1856 3028 suus

112 3042 214 3104 textui
231 3040 327 3101 nitor
341 3038 585 3101 restitueretur.
603 3035 742 3115 Quoties
759 3037 793 3100 in
809 3036 958 3118 aliquem
975 3054 1125 3101 errorem
1144 3039 1232 3103 ultro
1253 3040 1441 3123 impegisse
1466 3045 1530 3110 visi
1557 3057 1648 3131 snnt,
1673 3060 1774 3137 atquo
1802 3060 1857 3125 de-

110 3137 246 3200 fuerunt
266 3151 388 3199 eorum
408 3134 559 3214 consilia,
582 3133 770 3214 genuinam
784 3130 967 3196 lectionem
989 3134 1216 3198 stabilivimus
1236 3138 1310 3199 tum
1329 3140 1653 3226 manuscriptorum,
1676 3153 1749 3214 tum
1763 3151 1860 3222 libro·

108 3253 183 3297 mm
199 3231 414 3296 auctoritate.

152 3337 188 3393 2⁰
213 3328 336 3392 Praeter
358 3332 472 3391 textus
488 3327 631 3391 nitorem
646 3344 727 3410 quo,
743 3324 1000 3406 qualiscumque
1015 3325 1071 3403 sit,
1099 3326 1202 3391 editio
1226 3327 1444 3395 benedictina
1458 3338 1597 3402 caterae
1613 3357 1732 3408 omnes
1756 3346 1860 3430 longe

108 3431 265 3508 superat,
281 3425 342 3489 boc
356 3427 494 3506 praestat
507 3424 739 3506 potissimum,
765 3420 856 3504 quod
880 3421 1138 3503 prefationibus
1165 3423 1301 3488 eximiis
1329 3443 1525 3511 magnaque
1547 3434 1805 3507 adnotationum
1827 3450 1862 3511 et

108 3523 318 3587 variantium
340 3521 528 3589 lectionum
552 3521 649 3602 copia
674 3518 878 3600 locupletata
897 3518 952 3581 sit.
975 3516 1054 3595 Quae
1081 3520 1198 3583 omnia
1218 3521 1335 3585 sedulo
1356 3525 1581 3606 servavimus,
1604 3531 1672 3596 imo
1688 3538 1860 3606 variantes

107 3619 313 3685 adauximus
328 3617 507 3692 lectiones;
520 3636 591 3681 non
602 3634 722 3681 omncs
737 3633 819 3679 vero
833 3614 1035 3679 admisimus
1050 3633 1126 3698 quae
1142 3616 1241 3679 nobis
1257 3618 1484 3701 undequaque
1495 3629 1728 3695 occurrebant.
1743 3634 1861 3701 Liben-

107 3725 158 3783 ter
176 3716 371 3792 fatebimur,
393 3732 462 3777 non
482 3713 548 3778 isto
564 3713 777 3778 incendimur
796 3710 992 3793 philologiae
1008 3711 1120 3775 studio
1136 3712 1226 3794 quod
1238 3714 1397 3778 editionis
1419 3719 1654 3786 excellentiam
1674 3725 1881 3797 lectionum.

106 3814 316 3879 variantium
330 3828 473 3874 numero
493 3810 643 3874 metitur.
662 3809 830 3887 Econtra,
845 3807 955 3871 dubiae
974 3807 1174 3890 plerumque
1195 3815 1294 3872 crunt
1313 3811 1479 3892 utilitatis,
1502 3815 1530 3878 si
1546 3820 1739 3888 attendatur
1757 3844 1861 3909 quam

105 3911 223 3976 tenuis
240 3909 308 3971 sint
323 3907 500 3984 momenti,
513 3909 680 3988 quantum
695 3905 864 3969 sermonis
880 3905 1005 3969 seriem
1015 3904 1213 3986 impediant,
1225 3911 1461 3990 quantumque
1477 3912 1567 3993 apud
1580 3918 1707 3983 multos
1717 3920 1860 3988 lectores

107 4005 293 4072 auctoritas
316 4003 480 4066 librorum
495 4002 560 4065 illis
575 4002 812 4077 labefactatum
831 4001 1001 4084 duplicem
1024 4000 1117 4064 enim
1136 3998 1317 4065 lectionem
1332 4004 1546 4071 veritas''nou
1561 4014 1700 4093 patitur.
1719 4016 1861 4101 Expedit

107 4108 227 4189 igitur,
247 4105 364 4168 nostra
378 4103 559 4176 sententia,
577 4105 626 4164 tot
641 4101 730 4164 inter
748 4099 1059 4182 manuscriptorum
1074 4102 1108 4162 et
1129 4098 1293 4162 librorum
1307 4101 1503 4184 varietates,
1522 4125 1591 4172 non
1611 4113 1704 4177 molli
1721 4115 1878 4202 brachio,

109 4207 250 4269 cunctas
279 4201 450 4277 excutere,
482 4198 596 4278 sagaci
624 4195 837 4277 negligentia
860 4196 1027 4278 quasdam
1057 4197 1327 4277 pretermittere,
1361 4217 1489 4284 easque
1520 4207 1652 4270 tantum
1683 4209 1860 4278 admittere

112 4319 192 4384 quae
211 4300 252 4362 ad
264 4301 389 4362 rectam
404 4296 550 4361 auctoris
571 4294 833 4374 intelligentiam
852 4293 904 4359 vel
919 4293 1039 4358 leviter
1054 4292 1257 4357 inserviunt.

157 4395 251 4474 Quod
270 4395 309 4459 de
323 4394 509 4458 lectionum
525 4390 756 4467 varietatibus,
777 4390 811 4453 id
830 4389 871 4454 de
888 4389 1114 4471 supposititiis
1130 4390 1290 4471 operibus
1307 4391 1435 4456 dictum
1447 4398 1534 4458 esto.

154 4494 264 4573 Vulgo
279 4489 424 4570 contigit
436 4487 634 4552 clarissimis
653 4486 865 4568 antiquitatis
889 4486 1123 4568 scriptoribus,
1142 4492 1191 4563 ut,
1214 4492 1407 4569 temporum
1423 4492 1677 4574 obscuratione,
1695 4499 1860 4585 bibliopo-

106 4594 218 4655 larum
233 4587 386 4663 avaritia,
404 4584 545 4666 aliisque
566 4582 748 4660 decausis,
776 4584 876 4646 fretus
896 4599 1015 4645 eornm
1045 4583 1187 4662 genuini
1210 4583 1353 4663 indigna
1379 4587 1575 4668 spuriorum
1599 4596 1734 4660 caterva
1755 4598 1858 4681 stipa·

106 4692 238 4752 rentur.
269 4683 364 4748 llaud
395 4680 529 4744 diltlcile
559 4683 648 4744 carte
676 4676 1072 4758 luissetdugustinianae
1103 4678 1263 4742 editionis
1292 4681 1420 4744 molem
1448 4683 1619 4765 duplicare
1647 4689 1859 4772 triplicareve

110 4784 155 4845 ad
171 4783 315 4858 libitum,
351 4777 520 4861 adjunctis
551 4775 775 4858 supposititiis
804 4775 964 4857 operibus
988 4793 1064 4856 qnae
1089 4775 1153 4838 sub
1180 4776 1299 4856 magni
1330 4776 1479 4842 [lectoris
1512 4784 1652 4847 nomine
1681 4788 1859 4855 circumle-

108 4883 245 4944 runtur.
278 4877 374 4940 Nulla
397 4893 502 4957 prope
535 4878 588 4936 est
616 4873 819 4937 bibliotheca
840 4890 915 4954 qua
934 4888 1004 4934 non
1030 4870 1223 4935 istiusmodi
1250 4873 1420 4937 thesauris
1444 4894 1481 4940 se
1505 4879 1621 4958 jactet.
1651 4880 1736 4958 Quid
1754 4889 1861 4952 vero?

108 4993 228 5040 nonne
251 4974 354 5056 liquet
380 4972 508 5035 zizania
536 4969 702 5034 debilitari
733 4969 896 5046 triticum,
925 4985 1151 5050 verarumque
1184 4986 1400 5047 gemmarum
1432 4971 1630 5040 decrescere
1660 4980 1799 5061 tamam,
1831 4984 1861 5046 si

111 5091 189 5136 cum
205 5070 403 5134 adulterinis
423 5067 656 5132 misceantur?
678 5064 837 5130 Attamen
857 5083 901 5130 ne
923 5065 1004 5148 quid
1020 5065 1055 5128 in
1074 5065 1223 5130 editione
1246 5070 1365 5130 nostra
1381 5067 1643 5152 desideraretur,
1670 5077 1802 5140 nullum
1818 5097 1861 5143 ex

112 5169 237 5251 spuriis
258 5167 311 5231 vel
334 5166 445 5229 dubiis
474 5164 634 5246 operibus
663 5181 738 5244 quae
766 5161 827 5226 PP.
858 5161 1067 5230 Benedictini
1087 5162 1211 5243 publici
1226 5162 1315 5243 juris
1344 5164 1510 5244 iecerunt,
1529 5173 1861 5249 pretermittendum

111 5265 290 5339 duximus,
312 5261 500 5345 quinetiam
519 5277 639 5325 eorum
657 5258 848 5322 recensioni
877 5257 1041 5321 nonnulla
1066 5257 1256 5320 addidimus
1269 5268 1402 5323 ‘recens
1421 5260 1571 5341 inventa,
1594 5284 1670 5347 quae
1694 5269 1811 5332 omnia
1825 5271 1861 5336 in

110 5361 317 5426 Sermonum
332 5357 566 5422 collectionem
581 5355 745 5419 incidunt.
766 5353 893 5419 Verum
916 5354 979 5417 hac
995 5353 1145 5434 angendi
1173 5354 1309 5419 licentia
1335 5375 1434 5439 parco
1451 5359 1504 5423 usi
1526 5379 1659 5439 sumus,
1676 5382 1746 5428 non
1767 5362 1864 5432 obliti

110 5457 268 5523 Patribus
291 5453 533 5531 benedictinis,
554 5456 653 5535 prout
669 5449 821 5514 consiliis
848 5450 1039 5534 opibusque
1059 5457 1155 5514 erant
1173 5451 1381 5534 circumdati,
1408 5463 1617 5539 compertam
1642 5477 1724 5525 sane
1750 5463 1857 5529 tuisse

68 5618 78 5825 l
129 5691 263 5861 gisi
