3884 6112
1817 305 1870 358 itit

106 320 171 380 itti
865 312 1059 372 debuerint.

104 444 216 500 taceant
238 441 385 498 audientes
403 440 555 495 lectionem
573 452 580 496 :
601 438 625 492 si
644 441 741 493 autem
756 436 864 509 aliquid
881 454 953 510 opus
1007 437 1044 493 ad
1058 450 1145 508 opera
1159 451 1210 490 sua
1222 433 1359 490 sedeant:
1394 435 1438 486 ost
1454 429 1631 485 orationem
1648 427 1752 483 tertie
1768 429 1870 482 cantii

104 515 200 582 fuerit,
226 512 398 594 Praepositus
425 526 525 566 eorum
546 510 583 564 sit
605 508 753 564 sollicitus.
778 509 901 565 Sabbato
925 513 955 562 et
1007 509 1114 563 militer
1127 505 1163 560 ad
1183 521 1270 576 opera
1288 521 1349 559 sua.
1367 449 1429 558 §ou
1442 506 1559 583 stantes
1576 499 1701 580 tabulas
1716 503 1869 564 contexant,

104 584 262 654 Dominioa,
277 587 350 638 sicut
370 581 546 637 consuetudo
565 585 608 635 est
626 579 646 646 ¹,
662 579 712 652 qui
731 580 830 634 volunt
853 580 953 634 viuum
1007 578 1063 632 nisi
1077 579 1149 633 torte
1164 576 1274 647 aliquid
1290 575 1327 629 sit
1341 591 1392 646 pro
1407 573 1537 628 utilitate
1553 586 1696 625 anrmae:
1717 570 1770 624 sed
1783 571 1870 624 seden-

105 655 255 728 accipieut.
279 654 307 709 Si
336 669 407 735 opus
428 651 514 706 tuerit
546 650 581 705 ad
602 650 728 722 aliquam
754 651 953 705 necessitatem
1006 653 1049 704 tes
1063 649 1130 704 ado
1153 663 1201 701 era
1217 650 1337 712 taceant,
1354 644 1496 698 nisiforte
1514 643 1690 696 necessitas
1705 641 1804 722 operis
1818 657 1869 695 eie

104 724 271 781 monasterii
286 723 371 787 mitti,
384 722 441 777 duo
457 727 533 777 eant.
548 723 637 776 Neruo
652 726 731 776 extra
745 721 952 777 monasterium
1007 720 1082 791 gerit
1094 665 1350 789 utroquaturquis.
1361 716 1390 771 Si
1402 715 1467 786 quis
1478 719 1587 768 autem
1601 729 1666 767 uon
1675 728 1761 766 omni
1771 717 1869 774 virtute,

104 796 326 921 'ffgfflmsspm
341 793 494 874 manducet
508 808 601 864 neque
616 793 709 874 hibat;
727 808 783 846 non
806 793 883 846 enim
899 793 953 849 hoc
1007 791 1158 860 adiuvante
1169 787 1366 869 misericordia
1380 787 1441 852 Dei,
1454 785 1518 839 haec
1530 791 1668 865 conatus
1680 783 1774 838 tuerit
1787 783 1871 863 imple·

103 863 954 1018 li,little?ltllttllttttllilellltt‘tltls
1007 861 1288 996 lterldltlllt
1302 856 1872 1009 lllllltlltttiifttl‘dlllt

104 1007 172 1078 qnid
194 1008 298 1062 sacrant
319 1011 417 1061 contre
434 1010 621 1087 preceptum,
639 1005 761 1059 scientes
778 1005 847 1075 quia
861 1005 952 1059 Deum
1007 1018 1070 1057 cere
1089 1001 1247 1072 discipline
1269 999 1434 1054 monasterii
1458 997 1537 1052 sicut
1564 1001 1712 1068 oportet:
1739 1012 1764 1050 si
1786 1000 1867 1049 auten

103 1078 273 1133 exacerbant
288 1076 318 1132 in
332 1078 419 1132 servis
432 1077 539 1158 ipsius:
554 1076 613 1130 eive
626 1075 733 1146 aliquid
746 1079 842 1130 emant
856 1074 892 1129 ed
905 1090 954 1129 ne·
1007 1072 1072 1128 talis
1085 1072 1171 1127 suerit
1185 1077 1254 1126 aetas
1271 1072 1280 1125 i
1302 1071 1368 1135 sius,
1386 1069 1475 1124 etiam
1490 1069 1635 1139 vapulet.
1654 1068 1728 1122 liceo
1742 1071 1834 1121 autem
1845 1065 1868 1119 in

103 1148 263 1204 cessitatem
286 1148 466 1213 monasterii,
486 1147 606 1202 sollicite
628 1151 656 1200 et
678 1145 801 1201 fideliter
824 1149 856 1200 ut
879 1145 953 1200 servi
1008 1143 1125 1199 nomine
1138 1142 1242 1197 Christi
1252 1088 1374 1197 fidiliter
1384 1145 1413 1195 et
1423 1139 1473 1210 pie
1484 1139 1702 1201 observantes,
1719 1141 1749 1192 et
1761 1153 1808 1190 sos
1817 1153 1870 1208 pro·

104 1219 155 1275 uei
169 1223 268 1292 agant.
284 1220 412 1275 Otiosum
424 1218 544 1275 verbum
555 1217 631 1288 apud
645 1233 695 1273 eos
709 1233 767 1272 non
779 1216 856 1272 siin
869 1232 953 1271 inane
1007 1214 1118 1280 ficietis,
1135 1217 1164 1268 et
1175 1213 1258 1267 nobis
1268 1228 1326 1267 non
1336 1227 1421 1283 parra
1431 1211 1488 1265 erit
1499 1209 1613 1265 laetitia
1623 1210 1665 1264 de
1675 1212 1774 1263 restra
1784 1208 1869 1262 salute.

1007 1288 1109 1342 Amen.
1135 1285 1197 1338 llaec
1218 1288 1285 1338 sunt
1304 1299 1369 1355 quai
1391 1286 1422 1336 ut
1444 1281 1617 1337 observetis
1641 1279 1869 1352 praecipimusin

135 1369 210 1420 tbls.
229 1366 403 1426 corbeiensis,
421 1364 600 1416 constitutum
617 1365 661 1414 est.
1007 1355 1182 1411 monasterio
1197 1353 1353 1410 constituti.
1368 1353 1477 1409 Primo·
1495 1356 1559 1407 etc.

603 1551 860 1619 ADMONITIO
884 1554 941 1618 DE
964 1552 1190 1633 SEQUENTI
1213 1550 1359 1617 LIBRO.

138 1683 292 1767 Augustini
306 1699 365 1739 non
376 1699 443 1765 esse·
455 1683 531 1738 hune
550 1682 656 1738 librum
670 1698 736 1739 cum
751 1700 785 1739 ex
797 1684 860 1739 aliis
874 1684 974 1740 multis
987 1684 1175 1756 argumentis,
1199 1688 1261 1739 tum
1275 1698 1310 1738 ex
1334 1698 1368 1737 eo
1384 1680 1486 1754 liquet,
1513 1680 1602 1752 quod
1616 1681 1654 1736 B.
1673 1677 1818 1735 Benedicti
1834 1694 1869 1732 rs·

103 1757 172 1884 πῂ
185 1772 216 1811 in
230 1757 272 1823 li,
287 1759 315 1809 et
331 1758 363 1810 iu
381 1757 474 1825 capite
493 1753 638 1809 laudatur.
654 1755 718 1809 Esse
733 1756 764 1809 B.
778 1755 893 1811 Aelredi
907 1755 1113 1811 Rhiorallensis
1127 1756 1158 1811 in
1173 1755 1274 1825 llnglia
1288 1753 1408 1821 abbatis,
1424 1752 1475 1825 qui
1490 1752 1652 1807 nimirum
1669 1751 1771 1807 medio
1784 1752 1871 1803 seculi

143 1827 273 1884 odecimo
288 1825 437 1890 scrihebat,
453 1830 529 1906 certo
544 1842 574 1880 se
588 1826 659 1880 scire
675 1825 714 1880 ait
728 1828 817 1880 Lucas
834 1826 995 1882 llolstenius
1009 1826 1040 1881 iu
1054 1827 1150 1882 codice
1164 1827 1350 1897 Regularum,
1364 1829 1445 1896 parte
1460 1823 1612 1878 secunda.
1633 1824 1672 1877 Et
1688 1821 1825 1877 reversio
1836 1821 1869 1874 in-

104 1899 166 1954 dice
180 1913 301 1969 operum
314 1896 342 1952 S.
364 1895 489 1962 Aelredi,
512 1895 641 1950 centuria
654 1899 671 1950 i
685 1895 862 1968 Scriptorum
885 1897 1050 1962 Britanniae,
1066 1914 1095 1952 n.
1112 1901 1157 1967 99,
1178 1901 1341 1951 recensetur
1355 1895 1407 1949 suh
1429 1895 1483 1949 hoc
1500 1893 1598 1948 titulo
1615 1910 1623 1947 :
1652 1895 1696 1948 De
1717 1895 1871 1948 instinctione

102 1966 446 2025 metumientem
477 1967 674 2022 turibusaiirii's
689 1970 735 2022 eei
754 1971 877 2023 meme.
897 1969 988 2024 Habes
1007 1968 1197 2040 ejusdemmet
1212 1967 1280 2023 libri
1293 1970 1404 2038 partein
1418 1965 1541 2021 circiter
1561 1964 1696 2021 tertiam
1709 1963 1787 2019 inter
1801 1977 1871 2033 opera

102 2039 132 2097 S.
146 2039 274 2096 Anselmi
288 2037 406 2094 nomine
469 2043 546 2110 gata,
562 2037 670 2093 scilicet
683 1984 881 2094 haesitationes
895 2056 940 2107 xv,
952 2056 1009 2108 xvi,
1025 2043 1054 2094 et
1063 2055 1131 2094 xvii.

503 2255 619 2378 DE
660 2255 877 2380 VITA
923 2253 1461 2398 EREMITICA,

738 2441 796 2506 Ab
826 2441 1042 2511 sotteberi
1071 2445 1223 2511 LIBER.

138 2558 409 2616 Phoronea-iam
422 2557 554 2640 pluribus
565 2558 649 2614 annis
662 2559 848 2632 exigisame,
859 2579 948 2631 soror,
1008 2581 1124 2638 quoque
1145 2565 1305 2629 interserat,
1331 2562 1496 2634 puellarum
1519 2559 1698 2623 lasciviam.
1721 2558 1867 2620 viduarum,

103 2637 136 2686 ut
144 2630 299 2687 secundum
309 2629 427 2712 modum
437 2630 550 2685 vivendi
560 2646 647 2702 quem
655 2632 802 2703 arripuisti
812 2649 864 2704 pro
872 2635 951 2690 Chri·
1007 2636 1111 2718 quibus
1129 2636 1196 2690 licet
1214 2633 1353 2707 quidquid
1368 2633 1447 2699 libel,
1462 2632 1661 2694 libertatem,
1680 2630 1831 2700 conjugum
1843 2628 1865 2680 ia

103 2705 156 2764 sto,
173 2706 280 2784 certain
294 2700 346 2756 tibi
361 2700 696 2783 lormulemltredam,·ad
712 2719 800 2774 quarn
812 2709 841 2758 et
858 2720 951 2760 mores
1006 2707 1074 2762 viris
1088 2706 1219 2761 fallendis
1231 2704 1438 2777 explendisque
1451 2703 1671 2784 voluptatibus
1685 2704 1817 2756 astutiam
1826 2699 1864 2753 de·

103 2772 951 2854 tuosdrrigerc,etritamreligionis,etvitaereligiosaepossis
1004 2778 1119 2848 pingat.
1135 2779 1171 2832 0s
1189 2777 1298 2832 interea
1312 2777 1341 2830 in
1362 2774 1436 2829 risus
1453 2774 1691 2845 cachinnosque
1707 2771 1865 2834 dissolvitor,

103 2848 238 2925 exercitia
252 2843 393 2923 ordinare.
410 2843 523 2897 Utinam
538 2864 555 2896 a
568 2842 739 2914 sapientiore
753 2845 782 2900 id
797 2851 909 2917 peteres
923 2850 951 2902 et
1005 2853 1034 2903 et
1051 2864 1194 2903 venenum
1208 2864 1273 2902 cum
1288 2844 1426 2902 suavitate
1440 2844 1574 2899 bibitum
1591 2860 1650 2916 per
1665 2843 1779 2899 viscera
1792 2856 1864 2894 meur·

103 2919 356 3038 ¹¹¹¹Re⁰⁶lf⁰⁸iffi²i
381 2928 439 2968 uon
467 2914 631 3038 ccrffectura
658 2915 794 2985 qualibet,
823 2916 874 2971 sed
902 2934 952 2971 ex·
1005 2919 1114 2990 braque
1129 2918 1311 2973 diffunditur.

102 2990 245 3066 perrentia
272 2984 301 3039 di
321 2988 425 3064 icisset,
440 2999 508 3065 ¹quo
552 2984 621 3038 alios
644 2985 768 3040 doceret.
794 2987 851 3057 Ego
875 2993 951 3042 certe
1005 2989 1118 3045 CAPUT
1137 2990 1180 3045 lv.
1202 3018 1236 3030 -
1260 2991 1305 3043 En
1332 2985 1557 3053 coiitediitatione
1584 3001 1651 3040 oiim
1675 2986 1799 3040 externis
1816 2996 1861 3036 ns·

103 3070 154 3127 qui
168 3070 252 3109 carna
267 3058 295 3109 et
309 3058 412 3125 spiritu
427 3053 479 3135 tihi
491 3055 581 3109 frater
595 3071 670 3124 suin,
687 3056 825 3127 quoniam
846 3074 951 3130 negare
1262 3059 1372 3114 lienibus
1387 3073 1446 3128 qiiae
1458 3059 1619 3126 pernicies.

102 3141 161 3181 non
175 3140 306 3206 possum,
317 3123 456 3196 quidquid
469 3125 612 3206 iujungis3
627 3126 728 3207 faciam
740 3143 804 3199 quoe
814 3129 950 3197 hortaris,
1039 3130 1085 3186 Sic
1113 3145 1179 3186 eum
1202 3129 1348 3185 discedere
1374 3128 1564 3183 abinvicem
1589 3129 1671 3182 hora
1695 3123 1860 3197 computent,

103 3200 133 3251 et
152 3211 187 3251 ex
205 3195 322 3250 dirersis
342 3196 458 3274 lfatrum
477 3200 613 3251 institutis
637 3197 733 3268 aliqua
751 3214 816 3268 quie
836 3199 889 3254 tihi
908 3200 952 3254 vi·
1004 3200 1115 3256 incluse
1136 3200 1340 3271 voluptatibus,
1362 3214 1434 3254 anus
1455 3198 1580 3252 cibariis
1602 3203 1735 3253 onemta
1755 3195 1858 3252 recede

104 3266 209 3348 dentur
222 3280 380 3347 necessaria
393 3280 558 3336 excerpens,
574 3267 609 3347 ed
630 3269 859 3338 componendum
874 3273 950 3325 etie-
1005 3271 1123 3328 Reddita
1140 3272 1229 3343 quieti
1244 3272 1348 3326 misera
1362 3285 1409 3324 eas
1423 3284 1496 3340 quas
1515 3269 1645 3323 auditus
1664 3264 1859 3330 induxeratin

103 3352 187 3392 rioris
199 3337 441 3392 hominisstatum
454 3340 560 3391 certam
569 3337 621 3393 tibi
637 3339 765 3409 regulam
780 3341 889 3395 tradere
903 3357 952 3395 cu·
1003 3344 1089 3398 corde
1103 3347 1196 3397 versat
1214 3342 1373 3414 imagines:
1396 3344 1425 3394 et
1441 3340 1546 3409 ignem
1563 3340 1728 3410 praemissa
1742 3339 1858 3393 mutabu-

103 3408 185 3489 rabq,
195 3422 248 3479 pro
261 3408 361 3488 locoet
375 3408 650 3532 temporequedam
661 3409 813 3480 adjiciens;
828 3417 858 3466 ct
869 3411 950 3483 spiri·
1004 3413 1110 3469 latione
1126 3418 1295 3495 conceptum
1314 3411 1511 3467 vehemeniius
1535 3426 1593 3464 sue
1609 3410 1795 3483 cogitatione
1808 3422 1858 3461 soe

103 3479 192 3533 tueha
201 3478 434 3548 corporalibus,u
456 3480 546 3560 rutile
555 3494 646 3562 visum
658 3480 754 3547 fuerit,
766 3481 946 3537 interserens
1004 3484 1118 3552 cendit;
1139 3500 1221 3556 quasi
1239 3484 1336 3539 ebrius
1356 3483 1386 3536 in
1408 3481 1518 3553 psalmo
1547 3481 1679 3546 titubat,
1702 3481 1735 3536 in
1757 3479 1858 3536 lectione

104 3549 382 3631 clauserimus.
404 3578 438 3590 -
463 3551 497 3629 Ut
514 3553 642 3604 instituto
665 3556 704 3606 est
724 3555 861 3608 menime
880 3557 947 3608 vite.
1003 3555 1088 3624 cedit,
1108 3556 1208 3610 lluctat
1224 3550 1524 3610 morationeltelusa
1538 3553 1651 3607 muudi
1668 3552 1738 3607 luce
1754 3552 1859 3606 cinam

123 3622 393 3702 ¹l’rimumoportet
413 3623 539 3702 lascire,
556 3637 720 3702 quacausa,
735 3624 950 3695 quaveratione
1003 3626 1179 3681 mehercule
1203 3626 1338 3680 addentes
1365 3640 1437 3678 nova
1468 3623 1634 3690 veteribus,
1666 3639 1730 3678 non
1756 3625 1857 3681 want.

102 3694 160 3746 sita
182 3691 244 3771 hec
267 3689 447 3772 abantiquis
464 3691 509 3745 vel
530 3696 661 3746 instituta
680 3693 716 3748 sit
734 3695 777 3749 vel
797 3700 944 3766 usurpata.
1004 3697 1093 3752 donec
1107 3697 1247 3769 captivam
1260 3695 1376 3751 liberius
1387 3692 1573 3749 daemonibus
1584 3693 1780 3749 illudendam
1789 3706 1858 3762 expo

102 3760 174 3817 Sunt
188 3760 306 3833 quidam
321 3761 425 3842 quihus
439 3766 516 3816 inter
530 3762 637 3845 multos
648 3762 742 3845 rivere
756 3766 950 3836 perniciosum
1004 3773 1084 3825 nant.
1098 3770 1169 3824 llam
1178 3767 1355 3823 manifestior
1364 3780 1457 3820 sermo
1468 3779 1528 3818 uon
1540 3765 1608 3834 jam
1624 3766 1666 3820 de
1680 3762 1857 3823 emendenda

102 3835 156 3886 est.
171 3831 244 3912 Sunt
256 3835 285 3885 ct
298 3831 347 3910 alii
369 3831 473 3901 quihus
487 3836 539 3886 etsi
556 3849 748 3903 perniciosum
763 3841 887 3903 nonest,
904 3842 949 3892 te·
1004 3838 1053 3893 sed
1076 3839 1173 3911 potius
1193 3838 1229 3893 de
1249 3837 1379 3892 satianda
1401 3836 1550 3906 voluptate
1571 3837 1764 3907 procedens:
1778 3834 1858 3890 abiet

102 3916 170 3982 meu
196 3899 411 3980 dispendiosum
436 3905 492 3955 est.
511 3901 582 3955 Sunt
603 3906 631 3956 et
650 3905 781 3983 nonnulli
800 3907 904 3976 quibus
922 3912 950 3962 et
1003 3910 1119 3980 quando
1141 3915 1169 3965 ot
1191 3925 1240 3981 per
1254 3924 1340 3980 quem
1359 3905 1448 3979 possit
1462 3905 1584 3974 explere
1606 3909 1697 3978 quod
1714 3903 1858 3989 cogitatis

102 3970 175 4026 nibil
190 3970 295 4025 horum
306 3970 467 4025 timendum
477 3975 532 4038 est;
546 3971 596 4026 sed
609 3978 704 4043 potius
719 3975 848 4031 habitare
858 3978 949 4049 magis
1003 3995 1155 4036 commune
1178 3984 1334 4051 exponunt.
1357 3978 1434 4034 Cella
1453 3976 1582 4031 vertitur·
1603 3977 1640 4033 in
1667 3979 1858 4050 prostibulum,

102 4042 244 4098 aestimant
264 4040 451 4096 fructuosum.
469 4042 567 4114 ltaque
582 4044 693 4116 antiqui
712 4046 756 4100 vel
777 4051 809 4102 ut
829 4047 950 4104 vitarent

101 4112 272 4195 periculum,
283 4113 327 4193 rel
340 4128 376 4167 ne
389 4117 557 4183 paterentur
572 4113 766 4188 dispendium,
778 4119 823 4173 vel
835 4123 868 4174 ut
882 4120 949 4175 libe

102 4200 161 4239 rius
175 4184 211 4239 ad
226 4183 329 4238 Christi
343 4184 512 4238 anhelarent
529 4188 558 4239 et
580 4186 759 4256 suspirarent
772 4205 817 4244 ani
841 4191 946 4260 lexuin,

13 4326 17 4331 ν
101 4253 286 4326 singulariter
308 4254 403 4310 vivere
426 4254 582 4325 elegerunt
600 4257 669 4311 lliuc
690 4263 742 4328 est,
757 4276 796 4332 qu
851 4263 948 4332 plures

100 4325 132 4380 in
146 4340 242 4381 eremo
256 4324 309 4379 soli
324 4325 463 4380 sedebant
474 4325 562 4380 vitam
576 4342 715 4383 manuum
730 4346 847 4386 suarum
861 4348 948 4403 opero

101 4399 301 4450 sustentantes.
320 4395 364 4450 llli
379 4411 445 4450 vero
460 4395 511 4468 qui
526 4412 578 4450 nec
592 4398 645 4452 hoc
658 4415 789 4456 securum
805 4402 859 4456 sihi
873 4405 948 4458 inter

100 4465 263 4522 solitudinis
285 4465 456 4527 libertatem.
484 4470 513 4521 et
532 4468 652 4548 vagandi
673 4474 847 4540 potestatem
871 4473 947 4528 arbi-

98 4537 265 4617 trahantur..
274 4535 383 4591 includi
397 4536 503 4608 potius,
519 4542 547 4591 et
571 4546 647 4593 iutra
668 4541 800 4596 cellulam
816 4544 946 4600 obstruso

100 4611 178 4662 exitu
191 4605 330 4661 contineri
346 4607 435 4661 tutius
450 4606 639 4664 estimabant.

100 4677 213 4758 capiti
233 4677 272 4758 ll.¹
288 4708 322 4758 7-
346 4678 468 4733 llectiisio
487 4682 607 4748 corporis
628 4681 711 4737 sotius
732 4685 803 4738 nibil
825 4686 945 4754 prodest.

134 4747 207 4814 Quid
221 4747 275 4801 tihi
286 4763 379 4802 uisum
392 4748 457 4818 tuit,
474 4764 538 4803 curu
557 4755 584 4804 te
598 4751 665 4806 huic
679 4752 850 4809 institutioni
865 4773 947 4812 vore·

98 4819 241 4876 restNam
251 4818 336 4872 multi
347 4818 487 4874 rationein
498 4820 584 4890 hujus
596 4822 704 4878 ordinis
716 4825 759 4880 vel
770 4825 945 4907 ignorantes,

97 4891 142 4945 vel
155 4905 214 4945 uon
226 4894 371 4971 curantes,
385 4890 514 4946 membre
524 4896 636 4947 tantum
648 4892 723 4949 intra
733 4902 855 4967 parietes
869 4899 946 4953 cohi·

96 4959 249 5017 heresatrs
284 4964 538 5016 utautessezcum
553 4968 814 5022 meusnonsolum
851 4983 882 5024 er
897 4986 945 5025 se·

97 5031 244 5114 gationem
259 4976 439 5112 dissolvatur,
452 5033 526 5087 euris
536 5038 565 5088 et
575 5033 816 5094 sollicitudinibus
846 5040 945 5113 ‘ssipe·

95 5108 153 5168 tui,
173 5101 329 5158 iminundis
353 5106 440 5156 etiam
461 5107 490 5157 et
507 5103 613 5159 illicitis
637 5105 785 5163 desideriis
806 5111 944 5181 agitetur;

1003 4055 1032 4106 et
1044 4052 1165 4106 delicato
1179 4051 1307 4133 qualibet
1322 4054 1382 4104 arte
1395 4046 1552 4114 foramine,
1570 4053 1628 4103 aut
1643 4049 1702 4105 itta
1717 4048 1858 4122 egreditur,

1003 4127 1053 4177 aut
1066 4122 1179 4177 adulter
1192 4120 1367 4193 ingreditur.
1386 4118 1541 4173 lntelicitas
1562 4119 1646 4186 hacc,
1666 4128 1703 4176 ut
1718 4137 1793 4191 seips
1806 4132 1859 4190 pru·

1002 4192 1096 4257 betur,
1113 4192 1243 4266 pluribus
1253 4208 1337 4247 eausa
1352 4190 1419 4244 viris
1431 4189 1462 4244 in
1475 4190 1533 4243 hoc
1549 4196 1663 4247 nostro
1676 4196 1785 4248 saeculo
1796 4203 1861 4245 con·

1002 4264 1098 4318 munis
1113 4269 1165 4319 est.

1055 4334 1168 4390 CAPUT
1182 4336 1213 4389 V.
1229 4364 1264 4374 -
1279 4333 1453 4390 Reclusoriiin
1466 4332 1671 4401 quarumdem
1684 4336 1817 4390 monitio.

1037 4405 1111 4460 Sunt
1135 4405 1199 4460 aliae
1241 4421 1296 4471 uae,
1320 4404 1384 4457 licet
1405 4401 1501 4472 turpia
1526 4402 1704 4474 declinent,
1729 4407 1857 4476 loqnaoess·

1001 4479 1099 4530 umen
1112 4421 1280 4547 loquaciiius
1294 4474 1405 4529 assidue
1418 4471 1580 4541 sociantur,
1600 4475 1741 4531 nimium
1756 4471 1858 4530 curiosi·

1001 4546 1052 4601 tati
1067 4547 1196 4618 linguam
1210 4551 1239 4600 et
1251 4546 1339 4616 lauras
1353 4549 1415 4598 teta
1429 4542 1475 4598 dic
1491 4543 1555 4598 otio
1572 4547 1809 4617 rumoribusque
1820 4543 1858 4596 de

1001 4616 1109 4674 dentes.
1136 4618 1207 4672 Alite
1229 4632 1286 4672 nou
1309 4615 1433 4670 multum
1455 4613 1510 4667 ista
1534 4623 1684 4672 curantes
1699 4617 1793 4689 (quod
1811 4614 1857 4669 ieri

1000 4687 1102 4742 vitium
1124 4704 1176 4759 per
1198 4704 1297 4743 omues
1318 4686 1403 4757 hujus
1426 4685 1570 4754 temporis
1593 4688 1698 4758 serpit
1722 4684 1856 4750 inclusas),

1000 4759 1130 4884 paganitas
1149 4758 1359 4884 22:³⁰2}QOae
1378 4755 1429 4881 l{el
1447 4754 1694 4880 mflltiptillgandis
1715 4756 1856 4884 lpierioritgus

1000 4846 1166 4969 hnuffl'ffl
1179 4841 1763 4957 gasqriligtigffvoffigiliiihcalsufalissiilignaui
1773 4841 1853 4952 {iiii

1001 4978 1073 5040 mes,
1096 4988 1154 5027 nou
1175 4971 1370 5026 anachoretas.
1400 4969 1540 5033 Quaerunt
1568 4969 1729 5042 aliquibus
1754 4981 1853 5041 pascui,

1000 5049 1138 5124 pastores,
1149 5043 1370 5114 quiprocureut,
1379 5039 1430 5112 qui
1438 5037 1607 5093 custodiant
1617 5056 1730 5112 greges
1741 5059 1749 5109 ;
1762 5042 1854 5119 tractus

1000 5114 1043 5168 uel
1062 5119 1187 5185 pretium
1206 5114 1251 5168 vel
1274 5111 1399 5184 pondus,
1417 5110 1461 5163 vel
1480 5124 1647 5166 numerum
1667 5129 1686 5166 a
1701 5110 1853 5167 custodibus

95 5172 249 5229 sedetiam
269 5173 367 5254 lingue
384 5176 444 5253 tota
465 5173 518 5255 die·
529 5191 581 5246 per
594 5175 670 5231 vicos
689 5182 717 5233 et
739 5179 877 5253 civitates,
897 5199 946 5256 per
1001 5188 1148 5256 expetunt.
1172 5183 1307 5256 Sequitur
1325 5181 1433 5253 emptio
1451 5184 1479 5235 et
1501 5178 1649 5249 venditio,
1673 5189 1708 5237 ut
1731 5192 1852 5238 nummis

95 5244 172 5301 toros
185 5249 212 5300 et
226 5242 368 5299 nundinas
386 5243 665 5303 0210⁵ed1³ssurrnnt0
742 5323 747 5336 .
851 5326 856 5337 Ι
1000 5271 1120 5311 nummo
1135 5258 1283 5311 cumulum
1302 5254 1407 5335 exigat,
1422 5255 1451 5306 et
1465 5249 1598 5305 avaritiae
1616 5253 1700 5308 sitim
1720 5251 1850 5327 accendit

95 5316 208 5373 CAPUT
232 5314 280 5370 lll.
305 5343 340 5355 -
362 5316 539 5371 Rectuscriim
561 5333 621 5402 iiim
640 5323 760 5377 internis
784 5324 944 5381 mutieribus
1001 5327 1082 5382 Fallit
1108 5327 1186 5382 enim
1205 5327 1275 5381 tates
1290 5327 1408 5396 spiritus
1422 5334 1559 5393 nequam,
1575 5337 1636 5391 pro
1660 5319 1851 5396 impertiendis

154 5457 160 5470 ι
226 5456 232 5468 .
345 5455 351 5468 .
398 5387 642 5471 confabulationes.
751 5463 756 5473 Ι
999 5398 1256 5470 eleemosymisvel
1275 5394 1411 5467 orphanis
1431 5393 1551 5457 alendis,
1566 5408 1626 5463 pro
1643 5394 1850 5450 advenientium

128 5459 180 5540 Ἶρι
197 5456 323 5528 aliquam
343 5457 519 5538 inclusarum
535 5459 621 5532 hujus
636 5465 773 5534 temporis
793 5465 884 5522 solam
898 5465 944 5522 iu-
998 5473 1152 5540 parentum
1176 5468 1220 5523 vel
1246 5467 1404 5522 amicorum
1423 5462 1572 5529 charitate,
1600 5470 1633 5519 et
1658 5467 1850 5537 religiosarum

91 5542 200 5610 venies,
224 5531 291 5582 ante
311 5542 392 5608 cuque
409 5527 565 5585 tenestram
584 5545 644 5586 non
666 5548 738 5588 anus
760 5538 876 5618 garrula
898 5538 943 5593 vel
998 5539 1172 5596 feminarum
1186 5537 1377 5610 susceptione,
1388 5537 1443 5591 hoc
1451 5534 1523 5589 utile
1534 5549 1599 5589 esse
1610 5551 1648 5590 ac
1662 5535 1850 5592 decenarius

90 5597 943 5743 tutelliultimitbttebllllilille
998 5611 1162 5737 {dimit
1186 5611 1248 5666 ¹¹⁰⁰
1268 5613 1311 5664 ⁰³²
1333 5609 1389 5664 ¹¹⁰⁰
1407 5604 1555 5732 ‘mam
1570 5620 1667 5732 ‘iim
1682 5608 1850 5689 'W'

78 5738 221 5799 monachi
234 5736 280 5798 rel
295 5736 391 5797 clerici
405 5739 448 5797 vel
463 5740 584 5801 alterius
596 5714 751 5830 cujusiibet
765 5746 875 5804 ordinis
888 5749 942 5806 viri
960 5723 964 5733 ¹
997 5695 1363 5824 quinir'iiiicliiusuliiiiinichiils1
1380 5691 1514 5822 ξιῗιῗρῗπο
1523 5688 1849 5821 utslhisisioefflisffffi

165 5831 209 5888 in,
243 5812 358 5873 vultum
395 5829 555 5892 moresque
595 5817 749 5878 desenbat.
776 5819 952 5877 lllecebrosu
1001 5829 1140 5891 sarmul
1155 5839 1266 5893 eroge.
1282 5822 1389 5892 tlagna
1413 5816 1593 5877 iuttdditatis
1618 5819 1746 5894 signnm
1765 5814 1848 5883 satii
