3884 6112
712 237 821 298 LIBER
841 239 988 298 SEXTUS.
1667 249 1718 304 378

71 367 75 400 ι
92 347 229 406 adversm
244 350 385 409 antistites
398 352 438 409 ita
452 353 594 412 concitare
609 365 770 429 coeperunt,
784 365 815 416 nt
869 363 970 434 possit,
984 363 1155 436 presulibus
1177 364 1280 420 iisdem
1293 365 1437 437 relinquat
1451 368 1665 439 exponendum.
1683 372 1720 423 At

77 436 170 494 salute
192 455 244 494 sua
263 457 322 496 nou
337 446 432 498 esseut
445 443 504 498 ullo
524 445 610 500 modo
625 448 727 503 securi.
742 450 814 506 Tum
868 467 935 507 vero
950 451 1032 524 petit,
1053 453 1191 523 obsecrat,
1207 454 1328 526 flagitat,
1347 458 1379 509 ιιι
1397 453 1458 527 ipse
1477 455 1599 527 publicis
1616 473 1717 529 quam·

71 526 157 583 secati
172 532 238 583 saul
253 544 269 582 a
283 529 406 600 Paganis
420 535 470 585 ant
488 532 630 588 haereticis
649 550 748 590 mense
762 533 814 589 cit·
868 541 994 612 primum
1009 541 1187 596 documentis
1199 542 1334 611 declaret,
1353 542 1441 613 leges,
1456 542 1564 614 quein
1579 544 1717 616 paganos,

71 615 202 688 ptembri
221 617 341 672 Severus
360 623 388 674 et
401 619 538 675 Macarius
552 637 558 675 τ
572 622 691 678 hrodius
706 628 812 694 autem,
867 628 1074 702 haereticosque
1097 629 1252 702 propositae
1271 629 1396 694 fuerant,
1417 632 1452 686 ab
1472 632 1645 704 Imperatore
1668 647 1718 685 ιο-

71 719 99 759 rs
116 721 150 760 ac
167 705 261 761 Victor
281 706 408 779 episcopi
427 709 593 764 verberibus
612 727 645 767 ac
663 712 755 785 plagis
770 730 815 769 ex·
868 717 945 773 lente
966 734 998 773 ac
1021 717 1126 773 sciente
1147 717 1234 774 luisse
1257 719 1409 790 prolectas,
1434 736 1487 775 aec
1512 719 1633 792 proinde
1656 718 1719 774 illas
1772 776 1777 788 ¹

71 808 133 850 tere
145 794 577 868 (CcheCunmmmAsric.,cun.
591 799 659 870 106).
672 801 815 873 Appendi·
868 805 1032 862 Stilichonis
1056 810 1148 862 morte
1168 807 1295 879 potuisse
1310 808 1459 879 abrogari3
1477 824 1572 879 operae
1591 808 1719 879 pretinm

71 881 199 939 codicem
217 884 445 942 'theodosianum
465 887 693 960 decimaquarta
712 890 816 945 consti·
869 911 941 965 esse,
955 900 989 951 ut
1001 895 1063 950 sine
1079 896 1137 951 ulla
1151 897 1406 966 procrastinatione
1421 898 1450 953 id
1461 897 1521 964 liat,
1532 913 1585 952 nec
1595 897 1719 952 adventu

71 1017 73 1026 .
90 977 152 1028 tola
166 975 203 1030 ad
216 991 259 1042 ea,
270 992 335 1048 qua
349 993 401 1049 per
411 978 533 1033 Africam
549 995 581 1034 eo
592 983 720 1050 tempore
735 985 816 1052 gesta
869 982 1193 1056 quidemepiscoporurn
1205 984 1342 1040 insulam
1356 990 1517 1057 exspectato
1525 985 1623 1056 (loto,
1635 1002 1663 1040 ιι.
1676 985 1717 1057 3);

71 1066 182 1134 pectat3
200 1063 240 1119 ibi
258 1066 409 1121 manifesto
434 1068 528 1123 videre
549 1073 591 1123 est
615 1068 814 1141 episcoporum
868 1070 1106 1142 proptereaquod
1123 1070 1292 1140 eaprocella
1305 1071 1335 1125 in
1351 1071 1449 1126 salutis
1460 1072 1619 1142 periculum
1632 1070 1720 1126 addu-

71 1165 102 1206 er
113 1151 173 1206 rim
188 1168 222 1208 ex
235 1154 294 1208 suis
304 1156 422 1219 aedib'us,
432 1155 492 1212 imo
504 1157 745 1230 etiametemplis
754 1159 815 1216 abs·
868 1161 1001 1213 ccrentnr
1022 1157 1131 1213 infirmi
1151 1159 1322 1231 complures,
1348 1160 1452 1232 quibus
1475 1177 1528 1232 per
1550 1160 1623 1216 vires
1651 1158 1718 1214 lidei

71 1279 76 1309 ‚
91 1255 124 1295 ac
140 1240 257 1297 diversis
270 1242 389 1314 insuper
407 1245 554 1316 suppliciis
572 1247 688 1301 allectos
703 1247 789 1303 luisse
806 1265 813 1304 :
868 1247 997 1302 noudum
1006 1247 1109 1302 licebat
1121 1263 1208 1318 supra
1218 1248 1344 1303 hnmana
1355 1264 1414 1303 sese
1428 1249 1566 1304 attollere.
1580 1251 1642 1320 lpse
1652 1264 1718 1303 vero

71 1344 111 1385 uo
125 1328 219 1385 minus
236 1331 351 1402 quidem
366 1333 530 1402 crudeliter,
545 1335 594 1389 sed
610 1335 703 1406 magis
716 1342 815 1392 contu·
868 1351 925 1408 qua
939 1335 1048 1391 ratione
1061 1335 1238 1391 dillicillimis
1252 1336 1329 1391 bisce
1343 1337 1521 1409 temporibus
1535 1326 1631 1392 animo
1644 1353 1719 1391 com-

71 1433 80 1474 ι
103 1421 252 1488 tractatos;
280 1420 387 1493 qnippe
415 1422 521 1493 quibus
546 1424 715 1495 capillorum
747 1442 814 1497 pars
866 1429 984 1496 paratus
998 1423 1096 1492 fuerit,
1111 1425 1273 1496 explicatin
1287 1427 1365 1480 huuc
1380 1426 1500 1481 modum
1513 1442 1519 1480 :
1530 1427 1720 1482 Mullumsnne

84 1510 114 1561 et
127 1507 214 1563 variae
226 1507 257 1562 in
271 1508 434 1564 christiane
450 1511 519 1566 lidei
531 1513 672 1584 probrum
685 1530 718 1569 ac
730 1515 814 1571 dede·
868 1513 901 1567 dc
921 1513 1111 1581 quorumdum,
1133 1528 1219 1583 neque
1237 1529 1388 1583 paucorum
1407 1514 1461 1583 fide
1480 1517 1560 1583 firmo
1579 1518 1604 1567 et
1625 1513 1720 1568 stabili

71 1597 118 1650 rtae
136 1601 205 1652 sunt
223 1596 337 1669 inJuriee
355 1614 362 1652 :
379 1602 466 1670 atque
489 1600 549 1655 haec
568 1602 684 1672 scelera,
700 1602 814 1659 tametsi
867 1601 1049 1668 gratulamur,
1065 1603 1114 1671 qai
1123 1616 1157 1655 cc
1168 1604 1305 1657 occasione
1315 1603 1402 1672 bourn
1413 1600 1721 1673 ipsorumodclrristin-

74 1681 108 1738 ia
123 1683 240 1739 urbibus
254 1691 414 1757 perpetrata
429 1687 650 1759 magistratuum
669 1691 814 1763 cognitio-
867 1705 931 1744 ιιοιιι
945 1690 1102 1757 religionem
1115 1691 1157 1745 oet
1169 1691 1329 1747 catholicam
1336 1706 1431 1760 pacem
1446 1693 1568 1746 conuersi
1582 1695 1660 1756 auut;
1669 1703 1721 1758 pro

71 1786 149 1843 igere
167 1788 226 1828 uon
240 1779 383 1845 poterant,
400 1776 487 1830 nullis
503 1782 600 1832 tamen
622 1779 716 1850 poenis
734 1795 813 1835 coer·
868 1794 982 1848 quorum
999 1779 1088 1834 solute
1110 1781 1275 1849 sempiterno
1289 1794 1336 1835 uos
1359 1782 1388 1834 ιιι
1404 1781 1455 1835 bac
1478 1781 1621 1850 temporati
1638 1781 1721 1834 ctiam

83 1858 143 1916 illis
162 1876 235 1933 esse,
256 1878 289 1917 ac
311 1878 348 1918 ue
365 1863 483 1936 quidem
500 1865 612 1935 perlata
631 1866 663 1922 in
682 1867 814 1922 notitiam
864 1868 1020 1939 periclitari
1033 1867 1157 1922 deiectat.
1173 1870 1320 1938 Propterea
1337 1870 1409 1924 euim
1422 1870 1541 1923 monime
1553 1868 1588 1922 ob
1602 1868 1719 1922 homini·

71 1949 156 2005 Λωίδι
868 1956 917 2012 tus
931 1955 1047 2012 nimium
1062 1956 1182 2026 clareque
1193 1959 1339 2026 peruersis,
1351 1973 1421 2012 ιιιιιιο
1435 1958 1644 2012 inimicitiarum
1654 1971 1719 2025 gra-

71 2039 90 2093 'o
106 2039 232 2110 permoti
243 2039 274 2094 in
294 2040 510 2113 Carthaginensi
524 2043 631 2114 synodo
645 2043 783 2116 episcopi,
799 2062 814 2100 e
867 2048 954 2101 viores
968 2048 1084 2116 impetus
1106 2048 1269 2101 sustinemus
1284 2045 1377 2116 (loia,
1397 2061 1426 2101 ιι.
1440 2046 1479 2118 ι).
1496 2044 1630 2111 Quamvis
1643 2060 1719 2098 asse-

71 2125 147 2199 legio
159 2128 816 2189 Florentiumacllestitutumtertioidusocto·
867 2139 914 2190 rat
926 2133 1103 2206 Augustinus
1130 2133 1280 2205 epistolam
1306 2134 1384 2189 illam
1408 2150 1489 2189 suam
1511 2134 1605 2189 media
1623 2132 1719 2188 hieme

71 2216 188 2271 ‚aulam
212 2217 348 2272 adversus
370 2218 536 2274 idololatras
557 2224 643 2292 alque
665 2221 815 2278 haereticos
868 2229 1012 2279 exaratam
1030 2224 1122 2292 (loto,
1142 2240 1170 2278 ιι.
1196 2224 1241 2295 2);
1266 2239 1324 2278 non
1346 2223 1450 2278 desunt
1471 2227 1568 2278 tamen
1587 2221 1638 2294 qui
1657 2221 1720 2292 ejus

71 2307 144 2359 mut
164 2303 268 2375 (loidi.
291 2307 347 2361 Nec
368 2306 482 2362 videtur
503 2308 581 2363 alind
604 2308 732 2364 innuisse
755 2312 812 2366 bu·
868 2329 953 2368 causa
968 2314 1077 2385 (procul
1093 2312 1181 2368 dubio
1197 2316 1305 2383 quanta
1319 2311 1400 2366 licuit
1419 2311 1570 2384 diligentia
1589 2310 1719 2383 perlatae)

71 2407 102 2463 rs,
127 2409 194 2449 cum
212 2395 248 2449 ab
269 2395 411 2467 episcopis
434 2397 468 2451 ad
495 2398 700 2468 Imperatorem
719 2399 814 2456 missis
868 2403 1132 2468 lactnmcenseaut,
1152 2401 1292 2473 allegem
1311 2399 1364 2455 hoc
1378 2400 1440 2472 ipso
1459 2416 1535 2455 anno
1554 2405 1654 2455 octavo
1668 2399 1720 2454 ka·
1744 2395 1752 2411 '

70 2479 80 2536 i
97 2498 183 2554 posse
201 2483 287 2538 tradit
305 2484 382 2540 viam
400 2484 527 2557 aliquam
546 2485 592 2541 bis
613 2486 696 2542 malis
715 2504 813 2543 occur·
868 2491 968 2547 landas
988 2491 1153 2547 decembres
1167 2490 1275 2556 datam,
1299 2506 1332 2544 ac
1347 2491 1458 2545 Donato
1479 2488 1508 2544 id
1532 2488 1671 2560 temporis
1690 2487 1719 2542 in

74 2576 165 2643 prout
190 2572 336 2627 communi
356 2573 529 2645 collegarum
549 2575 667 2630 consilio
690 2576 813 2648 diligen·
868 2579 962 2635 Africa
975 2580 1176 2651 proconsulem
1192 2578 1289 2650 agenti
1306 2567 1474 2650 inscriptam
1490 2578 1593 2648 (Codice
1609 2578 1720 2643 Theoti„

71 2657 227 2717 liberatum
247 2661 351 2727 lucrat,
368 2672 510 2734 quantum
532 2663 670 2735 temporis
691 2666 812 2738 permit·
869 2668 902 2723 dc
916 2670 1064 2734 haereticis,
1081 2669 1136 2735 lece
1150 2668 1204 2730 ιι),
1222 2665 1325 2720 sanciri
1343 2670 1455 2721 curaret
1474 2664 1623 2737 Olympius
1639 2681 1646 2720 :
1664 2682 1721 2737 qua

71 2749 199 2820 sugustia
224 2750 326 2821 (Epist.
350 2755 394 2819 or,
418 2768 447 2807 ιι.
475 2753 500 2819 3)
529 2771 538 2807 ι
567 2752 620 2808 sibi
646 2770 713 2808 vero
746 2771 815 2811 con·
869 2757 987 2830 quidem
998 2757 1207 2828 legestatatum
1220 2754 1402 2825 intelligitur,
1412 2754 1477 2809 utsi
1488 2752 1730 2826 quisinreligio-'

71 2850 133 2892 aum
143 2837 201 2892 illis
211 2837 424 2894 communicare
432 2855 493 2895 non
502 2839 616 2896 licuisse
629 2841 762 2912 (lotam.
774 2843 813 2906 ι).
870 2860 936 2899 nem
950 2843 1060 2916 aliquid
1079 2847 1240 2909 attentaret,
1255 2847 1466 2898 sacramentave
1481 2841 1655 2912 profanaret,
1672 2857 1720 2896 ex·

80 2925 177 2981 serbis
187 2927 404 2999 Carthaginensi
414 2928 457 2983 illi
468 2929 587 3000 syuodo,
599 2945 687 3001 quam
698 2931 814 3001 provin·
869 2932 973 3006 pressis
986 2931 1160 2987 nominatim
1175 2930 1341 2997 Donatistis,
1356 2929 1386 2984 in
1406 2945 1471 2984 eum
1492 2930 1638 3000 exlegem
1655 2930 1720 3001 jure

75 3017 191 3070 tantum
205 3015 291 3072 luisse
310 3017 378 3071 satis
396 3017 551 3073 verisimile
570 3022 621 3086 est,
638 3018 732 3090 ipsum
752 3036 813 3076 noa
869 3020 1152 3076 animadverteretur.
1174 3020 1290 3074 Decimo
1314 3022 1412 3073 octavo
1434 3018 1571 3074 kalendas
1592 3017 1719 3089 ejusdem

71 3102 126 3159 isse
139 3104 309 3160 declaratur.
322 3106 413 3162 Simul
424 3107 511 3162 ctiam
525 3107 648 3162 affirmat
660 3108 816 3164 bonemnl·
869 3111 976 3166 mensis
991 3110 1052 3183 iam
1071 3110 1163 3165 luerat
1182 3110 1218 3164 ab
1242 3108 1366 3164 Honorio
1390 3106 1581 3180 prohibitum,
1598 3123 1633 3162 ue
1655 3107 1720 3180 quis

71 3191 166 3247 istites
175 3192 286 3265 ingenti
300 3194 349 3250 illo
364 3194 495 3250 Ecclesiae
504 3196 631 3262 tumultu
645 3212 678 3250 ac
692 3197 815 3268 trepida·
868 3199 923 3271 ipsi
942 3199 1010 3255 fidei
1029 3198 1233 3271 religionisque
1252 3197 1366 3253 vinculo
1387 3214 1445 3253 noa
1463 3197 1642 3269 conjunctus,
1667 3196 1721 3251 hoc

71 3284 98 3336 at
109 3279 141 3336 in
155 3282 252 3337 aulam
266 3284 483 3351 contenderent,
500 3300 532 3338 ac
546 3284 754 3356 propemodum
769 3286 813 3340 ιιι-
869 3292 921 3348 est,
937 3304 970 3343 ex
985 3287 1155 3355 adversariis
1166 3287 1293 3342 veritatis
1312 3285 1468 3356 catholice,
1484 3287 1544 3341 ulla
1563 3284 1720 3357 imperialis

71 3409 77 3438 ,
98 3374 210 3425 coactos
234 3372 326 3441 (lom.)
344 3390 352 3426 ι
373 3388 439 3427 cum
459 3372 491 3427 hi
512 3374 612 3443 procul
638 3373 738 3444 dubio,
765 3374 815 3445 qui
868 3377 943 3432 enlm
960 3392 1083 3432 munera
1101 3379 1261 3448 capesseret
1281 3376 1372 3446 (rora,
1388 3377 1444 3445 lege
1462 3376 1515 3444 tu).
1535 3375 1603 3429 llinc
1623 3374 1720 3428 Ethni·

71 3462 139 3514 ntur
152 3461 288 3530 atrocius,
301 3461 474 3533 seselegatis
490 3461 591 3532 synodi
605 3461 812 3532 adjunxissent.
869 3466 908 3520 cis
928 3481 962 3521 eo
983 3470 1111 3538 tempore
1134 3464 1335 3537 hujuscemodi
1357 3463 1513 3519 honoribus
1536 3461 1720 3516 interdictum

71 3547 220 3603 atrausire
233 3548 448 3605 constituerant.
461 3552 569 3605 llorum
581 3550 698 3623 quidem
708 3550 815 3606 incom·
868 3553 955 3608 luisse
978 3558 1099 3620 testatur
1124 3554 1253 3608 Zosimus
1286 3553 1430 3622 (Zosimus,
1460 3552 1588 3605 Historia
1607 3549 1653 3603 lit.
1682 3552 1718 3612 5).

71 3650 118 3692 nm
129 3637 161 3692 in
175 3638 306 3710 epistola,
321 3655 408 3710 quam
422 3640 457 3695 ad
472 3638 636 3711 Olympium
652 3640 686 3694 de
700 3640 813 3695 Bonifa-
868 3642 911 3696 ad
925 3643 987 3697 hrec
997 3641 1138 3697 Honorius
1148 3642 1297 3697 Theodoro
1308 3639 1435 3711 praetorii
1450 3639 1582 3710 praelecto
1597 3636 1721 3692 edictum

71 3723 174 3798 ipserat
187 3727 375 3798 Augustinus,
389 3728 469 3783 nulla
487 3729 579 3783 luerat
593 3729 667 3784 iacta
682 3728 812 3797 nreu·tio;
869 3729 971 3801 quinto
982 3729 1118 3784 kalendas
1129 3729 1258 3802 ejusdem
1269 3727 1377 3783 mensis
1387 3726 1476 3792 dedit,
1487 3743 1544 3798 quo
1558 3725 1721 3781 defensores

71 3815 178 3870 nanim
192 3816 242 3871 illa
260 3817 413 3889 contigisse
427 3817 566 3875 audierat.
582 3817 636 3873 Sed
655 3833 721 3872 cum
736 3825 813 3889 post·
868 3818 1022 3889 caeterique
1041 3817 1225 3889 magistratus
1244 3817 1393 3872 universos
1417 3813 1654 3871 acommnnione
1673 3830 1720 3869 oa·

71 3918 118 3960 ns
132 3904 259 3977 Olympii
278 3905 442 3977 accepisset,
463 3923 530 3961 cum
546 3907 621 3961 ultro
637 3906 813 3977 compellan-
868 3906 1040 3963 tholicorum
1054 3907 1217 3962 antistitum
1231 3906 1341 3961 alienos
1360 3905 1493 3978 aquavis
1507 3903 1644 3959 concione
1662 3903 1721 3959 sive

79 3990 220 4050 derebus
240 3993 370 4050 Ecclesiae
390 3995 537 4050 commodo
557 3995 737 4064 necessariis,
757 4011 814 4066 quo
867 3996 899 4050 in
918 3993 1037 4053 urbibus
1058 4013 1109 4051 seu
1133 3995 1194 4051 ruri
1217 3995 1349 4051 habenda
1370 3994 1567 4066 prohiberent,
1589 3992 1721 4047 universa

71 4081 150 4139 andis
169 4082 226 4137 illis
245 4099 363 4154 operam
382 4099 486 4139 narare
501 4099 583 4138 snam
602 4087 708 4154 posset,
725 4083 760 4138 ab
780 4100 814 4140 eo
868 4084 942 4153 loca,
955 4083 987 4138 in
1001 4083 1107 4157 quibus
1125 4082 1290 4138 istiusmodi
1311 4081 1404 4137 illiciti
1419 4079 1661 4137 coetuscelebrati
1676 4097 1718 4133 es-

75 4168 157 4228 fieret
168 4171 264 4241 (ltin,
275 4188 302 4227 ιι.
316 4171 343 4243 ι)
355 4189 361 4227 :
375 4176 569 4244 opportunam
580 4172 696 4226 tandem
706 4170 815 4243 episco·
868 4177 941 4239 seut,
955 4172 1024 4227 lisco
1039 4171 1220 4239 addicerent;
1236 4175 1321 4244 atque
1342 4171 1411 4226 adeo
1425 4170 1489 4225 illos
1508 4168 1721 4240 proscriberent

71 4273 113 4315 ero
126 4265 300 4331 procurante
314 4261 495 4316 occasionem
510 4264 610 4315 nactus
623 4260 715 4331 (loto,
729 4276 757 4314 ιι.
775 4262 811 4330 3),
867 4265 1061 4333 cogerentqne
1076 4260 1111 4315 ad
1126 4260 1220 4315 solum
1242 4260 1423 4329 vertendum,
1439 4258 1489 4329 qui
1509 4256 1669 4311 doctrinam
1683 4255 1719 4309 ab

71 4347 115 4413 eni
127 4348 237 4404 scilicet
256 4349 424 4422 presbyteri,
441 4350 492 4421 qui
506 4352 627 4421 urgente
647 4348 812 4404 necessitate
867 4367 911 4417 ea,
927 4365 1015 4421 qnam
1035 4348 1172 4404 divinitus
1193 4348 1366 4420 accepimus,
1389 4347 1608 4402 condemnatam
1624 4343 1719 4417 trade-

70 4435 126 4493 lnte
148 4437 217 4492 civis
231 4439 276 4493 sui
294 4439 329 4493 ad
348 4438 412 4494 illas
431 4443 527 4510 partes
546 4436 700 4508 proticisci,
720 4453 812 4509 quan·
867 4443 931 4493 rent
946 4438 1050 4510 (Codice
1067 4438 1178 4507 Theoti„
1194 4438 1227 4494 de
1241 4440 1380 4495 Haereticis
1396 4438 1451 4505 lece
1466 4437 1522 4502 45).
1539 4436 1596 4489 lloc
1615 4433 1719 4490 eodem

71 4525 280 4594 medisbieme,
295 4526 529 4598 compellebatur,
542 4543 575 4582 eo
589 4542 658 4581 usus
670 4528 713 4580 est
725 4525 813 4580 tabel-
868 4528 924 4594 die,
941 4527 965 4582 si
983 4528 1160 4584 credendum
1178 4528 1389 4584 sirmundianae
1408 4522 1566 4596 appendici
1581 4524 1718 4594 (Apporto.

71 4614 257 4688 ttepistolam
271 4617 390 4671 alteram
401 4616 534 4687 Olympio
543 4614 679 4680 mitteret,
692 4629 749 4686 qua
759 4613 811 4680 illi,
866 4617 931 4674 God.
951 4617 1063 4687 Theoti„
1076 4633 1137 4688 cop.
1154 4617 1195 4689 9);
1211 4618 1256 4672 vel
1270 4615 1399 4671 kalendis
1415 4613 1584 4680 decembris,
1595 4612 1619 4667 si
1635 4612 1721 4669 Codi-

72 4704 265 4761 necessarium
288 4710 361 4760 esset
386 4704 516 4760 Ecclesia
546 4704 686 4759 Africanae
716 4703 812 4775 proesi-
866 4705 906 4760 cis
918 4705 1040 4761 editioni
1054 4706 1189 4762 standum
1203 4705 1308 4774 (codice
1325 4703 1435 4770 Theoti„
1448 4702 1481 4757 de
1495 4704 1648 4772 episcopis,
1665 4703 1721 4771 lcpe

71 4791 144 4865 qnod
157 4792 251 4848 eidem
265 4792 376 4865 abipso
391 4797 494 4864 sponte
509 4793 637 4849 oblatum
651 4793 754 4861 tuerat,
767 4809 829 4874 err·⁸
867 4795 923 4864 39),
939 4795 1080 4850 Honorius
1095 4793 1277 4850 demandavit
1295 4793 1389 4849 eidem
1410 4791 1557 4847 Theodoro
1581 4790 1720 4846 constitu·

71 4880 102 4937 {n
114 4880 166 4936 illo
190 4886 332 4952 quantum
344 4881 458 4937 fiduciae
476 4886 639 4954 reponeret,
661 4898 696 4936 ea
709 4897 740 4937 re
761 4881 811 4936 de·
866 4883 975 4939 tionem
994 4884 1091 4951 aliam,
1110 4900 1168 4955 qua
1186 4882 1368 4954 disciplinam
1389 4880 1607 4937 ecclesiasticam
1628 4879 1719 4934 sancit

71 4971 112 5038 at,
132 4969 210 5042 quod
228 4985 287 5024 uon
307 4969 418 5025 dubitet
439 4970 526 5024 simul
545 4969 810 5037 commonitorium,
866 4983 898 5022 ac
911 4967 1017 5036 firmat,
1029 4967 1174 5035 edicendo,
1193 4973 1224 5023 ut
1238 4967 1289 5039 qui
1303 4967 1338 5022 ab
1351 4965 1491 5038 episcopis
1505 4965 1641 5022 clericatu
1656 4965 1718 5019 lue·

71 5056 100 5114 td
111 5058 256 5130 egendum
271 5062 401 5114 censeret
414 5059 582 5130 explicabat,
595 5059 630 5114 ad
641 5075 707 5113 enm
717 5060 783 5129 pari
798 5088 812 5100 -
867 5057 927 5111 rint
943 5056 1074 5124 abdicati,
1089 5058 1133 5112 vel
1149 5072 1215 5112 eum
1230 5062 1329 5128 suapte
1344 5061 1445 5129 sponte
1458 5054 1643 5120 deseruerint,
1657 5053 1720 5122 ejus

70 5146 174 5213 adare,
190 5149 268 5220 qnod
290 5148 440 5219 episcopis,
461 5153 649 5220 posteaquam
668 5148 700 5203 in
715 5148 811 5203 aulam
866 5145 952 5200 ctiam
967 5145 1124 5218 privilegiis
1138 5146 1282 5207 caderent.
1298 5145 1406 5201 muniis
1422 5144 1615 5214 oneribusque
1626 5139 1719 5212 publi·

71 5234 152 5304 erint,
181 5236 282 5293 reddat
309 5238 403 5310 (loto,
424 5254 453 5293 ιι.
479 5238 516 5304 4).
546 5237 658 5292 Etenim
691 5237 812 5308 putabat
866 5234 905 5288 cis
920 5234 1058 5289 laicorum
1072 5234 1162 5289 instar
1176 5234 1408 5306 mancipati;sed
1422 5233 1479 5288 illis
1490 5231 1608 5287 omnino
1623 5227 1719 5283 aditus

71 5323 135 5397 tilii
148 5339 166 5378 a
178 5325 358 5396 presbytero,
369 5341 534 5398 quanquam
550 5324 646 5380 itineri
660 5324 772 5396 priores
782 5342 811 5379 se
866 5322 900 5378 ad
916 5321 1069 5392 dignitates
1094 5322 1232 5378 militares
1254 5323 1501 5378 intercluderetur.
1519 5321 1616 5388 Neque
1638 5316 1717 5372 euim

71 5415 114 5483 nt,
137 5419 388 5484 praeverterentar.
417 5415 461 5470 Sic
493 5419 591 5470 tamen
617 5413 733 5469 consilia
760 5430 811 5467 sua
864 5411 1031 5466 hominibus
1046 5411 1145 5467 lideles
1160 5417 1294 5483 praestare
1318 5429 1348 5467 se
1373 5408 1531 5466 ullomodo
1554 5422 1645 5477 posse,
1663 5406 1714 5480 qui

71 5541 78 5569 ,
98 5506 135 5557 nt
153 5501 257 5573 quibus
273 5501 327 5557 riis
344 5502 479 5558 Ecclesia
502 5501 612 5558 consuli
629 5499 810 5557 commodius
864 5500 951 5555 tidem
966 5502 1021 5555 lleo
1035 5501 1199 5573 fregissent.
