3884 6112
71 237 124 291 tall

67 359 290 420 commendavit,
306 363 356 415 aut
371 361 433 432 ipsa
447 360 500 415 sibi
515 361 577 416 haec
591 363 678 417 etiam
695 381 752 420 non
777 382 925 422 comman-

68 447 135 501 data
150 447 279 503 retinuit.

409 537 522 593 CAPUT
534 538 587 594 lill.

262 626 425 695 Etiamque
439 626 539 682 obsunt
552 630 733 686 meminimus.

105 714 151 765 2¹3.
165 708 219 765 Sed
239 714 337 765 utrum
352 727 405 782 per
427 711 578 784 imagines,
602 732 638 769 en
663 732 733 780 non,
755 716 820 789 quis
842 719 924 774 facila

64 797 200 852 dixerit?
214 799 337 854 Nomine
348 800 456 872 quippe
468 800 603 873 lapidem,
615 803 732 859 nomino
747 805 847 873 solem,
858 822 924 861 cum

64 901 114 940 res
130 887 200 958 ipsse
216 903 276 941 non
287 888 391 943 adsunt
404 889 535 945 sensibus
550 891 642 958 meis;
656 891 687 947 in
701 894 842 949 memoria
857 910 924 951 sana

63 991 134 1030 mee
148 980 253 1048 praesto
266 982 333 1032 sunt
347 976 488 1049 imagines
517 996 626 1036 earnm.
652 980 775 1037 Nomine
794 984 924 1040 dolorem

60 1064 206 1134 corporis,
224 1081 276 1119 nec
290 1065 362 1120 mibi
376 1066 456 1122 adest
470 1068 538 1123 dum
553 1069 626 1124 nihil
642 1069 738 1137 dolet,
754 1071 809 1126 uisi
825 1078 922 1128 tamen

62 1153 182 1229 adesset
196 1154 292 1224 imago
319 1155 382 1226 ejus
405 1155 435 1211 in
455 1158 595 1212 memoria
617 1174 683 1214 mea
697 1160 838 1216 nescirem
852 1162 923 1233 qnid

59 1242 204 1310 dicerem,
220 1259 272 1298 noc
287 1259 353 1298 eum
369 1244 399 1298 in
413 1244 585 1317 disputando
599 1262 617 1301 e
630 1248 776 1319 voluptate
785 1250 923 1305 discerne

59 1345 141 1385 rem.
156 1331 279 1386 Nomine
294 1332 415 1388 salutem
431 1334 559 1405 corporis
582 1352 648 1390 cum
667 1337 760 1391 salvus
773 1353 836 1392 sum
858 1355 921 1393 cor-

61 1435 140 1490 pore
156 1437 163 1474 :
181 1420 261 1475 adest
275 1420 346 1475 mihi
362 1422 480 1492 quidem
498 1440 544 1478 res
559 1424 621 1496 ipse
634 1442 641 1493 ;
655 1430 854 1482 verumtamen
867 1427 921 1483 nisi

60 1507 202 1579 etimago
217 1509 279 1580 ejus
293 1508 399 1564 inesset
421 1510 451 1565 iu
474 1513 613 1567 memorie
631 1529 706 1583 mea,
733 1516 812 1570 nullo
834 1517 921 1572 modo

60 1596 234 1651 recordarer
248 1597 318 1668 quid
329 1598 415 1669 hujus
429 1599 555 1654 nominis
568 1600 743 1672 signilicaret
757 1620 852 1659 sonus.
864 1605 920 1659 Nec

63 1689 239 1758 aegrotantas
251 1691 441 1756 agnoscerent
468 1688 561 1745 salute
582 1690 732 1746 nominata
757 1692 827 1763 quid
847 1697 921 1748 esset

48 1763 175 1829 'dictum
188 1790 195 1841 ;
209 1773 265 1828 nisi
292 1775 392 1830 eadem
420 1776 515 1849 imago
538 1777 566 1832 vi
591 1778 737 1835 memoriae
763 1784 919 1848 teneretur,

62 1862 200 1937 quamvis
212 1862 275 1933 ipsa
289 1879 333 1918 res
348 1862 459 1920 abesset
477 1882 633 1940 acorpora.
646 1867 769 1924 Nomine
784 1885 919 1925 numeros

61 1951 173 2025 quibus
188 1968 383 2023 numeremus,
400 1956 429 2008 et
443 1955 548 2010 adsunt
576 1956 607 2010 in
622 1958 760 2013 memoria
775 1974 840 2013 mee
861 1974 918 2014 non

61 2040 208 2112 imagines
220 2057 331 2109 eorum,
348 2042 395 2097 sed
420 2042 484 2113 ipsi.
511 2044 635 2099 Nomine
663 2046 819 2118 imaginem
840 2049 916 2117 solis,

59 2133 92 2184 et
106 2128 168 2184 baec
182 2128 262 2183 adest
272 2127 303 2182 in
315 2128 455 2184 memoria
468 2145 547 2184 mea:
561 2147 656 2202 neque
671 2133 750 2187 enim
760 2133 917 2206 imaginem

58 2217 197 2290 imaginis
212 2217 284 2289 ejus,
302 2218 351 2273 sed
373 2217 465 2290 ipsam
488 2219 581 2274 recolo
596 2236 603 2286 ;
619 2220 681 2293 ipsa
704 2221 777 2290 mibi
798 2222 916 2278 remini·

58 2306 267 2378 scenti'presto
277 2311 330 2363 est.
343 2306 466 2362 Nomine
476 2309 658 2382 memoriam,
668 2315 826 2383 stagnosoo
839 2312 917 2385 qnod

56 2395 192 2452 nomino.
215 2397 250 2451 Et
274 2395 325 2451 nbi
356 2412 488 2468 agnosco,
526 2397 582 2452 nisi
610 2398 640 2453 in
668 2399 730 2472 ipse
755 2399 918 2456 memorial

60 2486 140 2542 Num
156 2484 257 2556 etipsa
271 2500 324 2558 par
337 2484 495 2557 imaginem
514 2502 595 2543 suem
611 2487 665 2543 sibi
688 2489 777 2558 adest,
804 2505 836 2545 eo
859 2505 917 2545 non

55 2589 114 2646 per
124 2573 274 2644 seipsem‘l

391 2662 505 2719 CAPUT
523 2664 591 2720 lilll.

290 2754 327 2806 at
340 2752 483 2808 oblivionis
496 2756 625 2809 memorio
639 2760 688 2811 est.

92 2839 139 2892 at.
156 2838 243 2910 Quid,
257 2854 325 2893 cum
352 2839 527 2897 oblivionem
553 2842 681 2912 nomino,
708 2848 794 2917 atque
815 2846 915 2902 itidem

56 2941 183 2997 agnosco
194 2927 275 2999 'quod
291 2928 423 2997 nomino,
439 2931 515 2986 unde
529 2945 715 3003 agnoscerem
742 2933 797 2989 nisi
812 2935 915 2990 memi-

57 3013 192 3069 nissem?
206 3014 270 3070 Non
282 3017 419 3072 eumdem
434 3034 537 3073 sonum
552 3020 679 3075 nominis
694 3021 768 3088 dico,
784 3022 834 3078 sed
855 3038 913 3078 rem

59 3117 151 3173 quem
163 3103 322 3174 significat3
335 3121 423 3176 quam
436 3106 460 3161 si
473 3108 578 3163 oblitus
592 3125 685 3164 essem
699 3125 706 3176 ;
722 3110 791 3181 quid
803 3110 851 3165 ille
866 3128 914 3165 ra·

60 3189 135 3246 leret
147 3208 246 3260 sonus,
259 3208 413 3263 agnoscere
428 3194 528 3266 utique
543 3212 602 3251 non
616 3198 750 3253 valerem.
762 3198 834 3269 Ergo
849 3215 915 3253 cum

60 3279 233 3336 memoriam
248 3281 379 3351 memini,
394 3298 447 3353 per
463 3283 585 3356 seipsam
598 3285 652 3340 sibi
670 3290 777 3357 praesto
797 3292 839 3342 est
852 3287 915 3358 ipsa

59 3368 202 3423 memorie
218 3388 226 3438 ;
241 3384 306 3424 cum
320 3385 389 3425 vero
404 3371 524 3426 memini
539 3373 722 3443 oblivionem,
737 3375 914 3431 etmemoria

56 3461 167 3528 proesto
182 3461 225 3512 ast
238 3463 266 3512 at
273 3457 376 3513 oblivio
389 3476 395 3526 ;
411 3460 621 3533 memoriaque
636 3463 829 3531 meminerim,
845 3464 915 3519 ohli-

57 3546 103 3600 rio
118 3562 207 3618 quam
221 3546 415 3602 meminerim.
428 3548 484 3604 Sed
498 3548 568 3620 quid
587 3555 631 3604 est
651 3550 766 3620 oblivio,
782 3552 839 3607 nisi
853 3554 912 3624 pri-

56 3634 135 3688 vatio
151 3634 319 3689 memorial
334 3635 483 3700 Quomodo
497 3652 565 3708 ergo
577 3637 658 3694 adest
671 3645 702 3695 ut
724 3655 788 3695 earn
811 3643 913 3697 memi-

55 3722 166 3791 nerim,
178 3724 293 3794 quando
306 3740 372 3779 cum
386 3723 467 3780 adest
478 3726 640 3781 meminisse
656 3743 715 3782 non
728 3731 868 3801 possum‘l
878 3733 914 3787 At

55 3810 174 3883 siquod
189 3811 374 3867 meminimus
387 3813 526 3869 memoria
543 3814 701 3871 retinemus
713 3834 720 3885 ;
737 3817 912 3875 oblivionem

54 3906 158 3956 antem
174 3900 229 3955 nisi
243 3901 484 3970 meminissemus,
500 3919 684 3976 nequaquam
698 3922 850 3978 possumus
865 3924 914 3964 eu·

55 3988 120 4045 dito
141 3987 196 4045 isto
212 3990 341 4060 nomine,
353 4007 413 4046 rem
422 4007 487 4062 quaa
501 3992 550 4047 illo
560 3991 737 4065 significatur
749 4012 911 4066 agnoscere;

53 4077 200 4135 memoria
206 4079 346 4135 retinetur
355 4079 469 4135 oblivio.
480 4080 566 4136 Adest
580 4097 648 4152 ergo
657 4098 693 4137 ne
703 4083 911 4151 obliviscamur,

52 4183 124 4240 quse
139 4182 205 4222 cum
218 4167 298 4223 adest
318 4167 529 4229 obliviscimur.
555 4172 599 4225 Aa
615 4186 648 4224 ex
671 4171 726 4225 hoc
743 4172 913 4244 intelligitur

53 4271 118 4311 non
132 4255 323 4327 perseipsum
346 4255 439 4310 inesse
461 4256 610 4313 memoriae
634 4273 699 4312 cum
727 4273 789 4312 eam
810 4259 912 4314 memi-

56 4343 170 4413 nimus,
184 4343 232 4399 sed
248 4360 301 4416 per
316 4344 472 4417 imaginem
485 4346 588 4402 suem?
602 4345 670 4419 quia
685 4346 708 4401 si
724 4363 774 4418 per
789 4347 912 4420 seipsam

53 4435 166 4504 praesto
182 4436 256 4486 asset
283 4432 400 4497 oblivio,
426 4450 485 4489 non
500 4438 533 4490 ut
559 4433 798 4503 meminissemus,
812 4437 862 4492 sed
882 4442 912 4493 ut

55 4519 300 4577 oblivisceremur
315 4520 449 4578 efiiceret.
467 4524 501 4579 at
523 4523 577 4578 hoc
595 4523 659 4594 quie
685 4524 800 4580 medem
829 4525 910 4581 inda·

54 4607 164 4681 gnbit‘l
178 4608 242 4679 quis
256 4610 481 4680 comprehendet
493 4611 638 4683 quomodo
653 4611 706 4668 sit‘l

94 4699 142 4752 25.
157 4696 214 4767 Ego
229 4702 317 4765 certe,
333 4697 465 4766 bomine,
494 4699 593 4754 laboro
621 4698 678 4769 bic,
703 4705 732 4756 et
754 4701 854 4778 laboro
879 4701 910 4756 in

54 4784 170 4857 meipso
186 4800 193 4838 ε
209 4785 301 4840 iactus
316 4802 380 4841 sum
395 4786 468 4842 mibi
482 4792 559 4842 terra
573 4787 759 4860 difficultatis,
774 4795 801 4844 et
823 4790 909 4845 sudo·

53 4873 96 4930 ris
110 4872 205 4929 nimii.
222 4875 320 4946 Neque
336 4876 413 4929 enim
429 4891 506 4930 nunc
520 4880 682 4932 scrutamur
708 4879 807 4949 plagas
835 4878 907 4947 cosli,

52 4960 106 5010 aut
121 4953 249 5011 siderum
265 4957 415 5014 intervalla
444 4959 627 5029 demelimur,
656 4962 701 5017 vel
716 4967 801 5018 terrae
820 4962 908 5019 libra-

53 5047 156 5099 menta
171 5045 346 5116 querimus:
360 5063 413 5119 ego
427 5064 490 5103 sum
504 5050 554 5121 qui
571 5050 700 5117 memini,
717 5067 769 5122 ego
784 5051 907 5108 enimus.

54 5131 121 5186 Non
135 5130 177 5187 ite
189 5133 306 5202 mirum,
323 5135 347 5189 si
362 5152 378 5190 a
392 5152 439 5191 me
454 5137 539 5209 longe
555 5142 596 5193 est
611 5139 751 5211 quidquid
775 5156 828 5212 ego
852 5157 909 5196 non

54 5236 131 5276 sum.
149 5222 223 5287 Quid
239 5229 336 5278 autem
350 5225 542 5298 propinquius
557 5227 666 5300 meipso
678 5229 774 5283 mibll
789 5230 821 5284 Et
845 5246 909 5285 eece

53 5309 206 5366 memoria
222 5327 296 5368 meae
309 5312 350 5367 vis
364 5330 422 5369 non
449 5316 701 5388 comprehenditur
728 5334 745 5372 a
767 5333 822 5385 me,
843 5334 909 5374 cum

54 5397 153 5470 ipsum
167 5415 216 5455 me
230 5415 289 5457 non
304 5401 396 5457 dicam
412 5409 516 5475 prater
530 5404 618 5460 illem.
633 5405 707 5471 erid
726 5405 804 5461 enirn
817 5406 909 5462 dictu·

54 5502 104 5543 rus
119 5505 184 5545 sum
200 5490 317 5562 quando
331 5490 402 5547 mibi
414 5496 525 5549 eertum
539 5497 583 5551 est
599 5493 764 5553 meminisse
779 5511 824 5552 me
835 5495 907 5553 obli-

794 243 900 302 albuli
939 245 1107 304 nucleus.

1777 262 1830 313 790

981 369 1092 425 vionem
1103 372 1118 424 ‘l
1131 373 1175 425 dn
1189 371 1318 428 dicturus
1333 389 1395 429 sum
1412 390 1469 428 non
1485 390 1546 430 esse
1561 377 1590 431 in
1606 378 1746 434 memoria
1766 395 1829 434 maa

980 458 1057 528 quod
1072 460 1215 515 memini?
1230 477 1266 514 an
1282 461 1409 518 dicturus
1425 480 1489 517 sum
1504 465 1538 519 ad
1563 466 1616 519 boc
1640 467 1731 520 inesse
1755 467 1828 522 obli·

980 547 1092 602 vionem
1107 547 1137 603 in
1152 550 1292 604 memoria
1306 567 1378 620 mea,
1396 557 1498 608 utnon
1525 554 1697 609 obliviscar?
1713 556 1827 611 Utrum·

980 653 1035 707 que
1049 637 1285 694 absurdissimum
1301 645 1353 694 est.
1363 641 1436 707 Quid
1446 642 1515 698 illud
1525 643 1665 699 tertium?
1678 661 1735 716 quo
1745 650 1828 717 pacto

978 725 1071 779 dicam
1083 726 1240 797 imaginem
1255 729 1406 784 oblivionis
1421 732 1511 784 teneri
1530 734 1666 788 memoria
1682 751 1755 802 maa,
1768 752 1827 792 non

980 813 1070 884 ipsam
1087 815 1271 882 oblivionem,
1287 833 1352 871 eum
1380 834 1442 872 eam
1469 820 1610 875 memini?
1625 822 1685 885 Ouo
1701 828 1783 893 pacto
1798 830 1828 879 ct

978 901 1032 956 boe
1047 903 1151 974 dicem,
1166 905 1400 977 qnandoquidem
1415 924 1480 962 cum
1495 908 1720 979 imprimiturrei
1734 912 1826 983 cujus·

979 1008 1034 1062 qne
1050 991 1145 1064 imago
1161 993 1191 1047 in
1205 995 1355 1063 memoria,
1371 996 1450 1066 prius
1465 1012 1577 1052 necesse
1593 1001 1635 1052 est
1647 1002 1678 1052 nt
1692 999 1767 1055 adsit
1781 1017 1826 1056 res

978 1079 1039 1150 ipsa
1054 1082 1129 1135 unda
1146 1083 1193 1137 illa
1206 1083 1300 1154 imago
1310 1084 1399 1154 possit
1407 1083 1534 1156 imprimi
1544 1086 1557 1139 t
1567 1087 1611 1142 Sic
1621 1088 1697 1143 enim
1709 1089 1825 1144 Carthe-

977 1168 1051 1238 ginis
1067 1170 1196 1237 memini,
1214 1170 1252 1225 sic
1274 1172 1403 1226 omnium
1426 1174 1552 1228 locorum
1577 1175 1682 1245 quibus
1696 1176 1824 1245 interlui,

977 1256 1016 1310 sic
1029 1256 1115 1311 lacios
1130 1258 1281 1313 hominum
1296 1277 1366 1331 quas
1377 1261 1445 1331 vidi,
1460 1266 1488 1316 et
1502 1267 1669 1318 ceterorum
1689 1281 1822 1321 sensuum

978 1345 1118 1412 nuntiate,
1135 1346 1278 1417 sicipsius
1303 1349 1430 1421 corporis
1458 1351 1578 1405 salutem
1602 1351 1659 1406 sive
1684 1352 1825 1409 dolorem}

976 1435 1046 1489 Cum
1062 1441 1167 1505 praesto
1183 1442 1277 1491 essent
1291 1437 1353 1504 isla,
1367 1438 1442 1508 cepit
1454 1439 1488 1492 ab
1504 1438 1544 1492 eis
1558 1439 1698 1510 imagines
1715 1453 1825 1497 memo·

975 1522 1018 1578 ria
1033 1538 1105 1595 quas
1128 1523 1257 1578 intuerer
1282 1531 1447 1596 praesentes,
1477 1531 1504 1581 et
1519 1532 1704 1584 retractarem
1728 1530 1824 1586 animo

975 1629 1039 1667 cum
1053 1611 1596 1686 illaalabsentiereminiseerer.Siergo
1608 1632 1659 1688 per
1668 1616 1824 1689 imaginem

975 1717 1056 1756 suem
1072 1717 1130 1755 non
1143 1717 1194 1772 per
1209 1701 1331 1774 seipsam
1355 1702 1384 1757 in
1409 1704 1548 1758 memoria
1569 1708 1682 1763 tenetur
1705 1707 1821 1777 oblivio,

974 1787 1037 1860 ipsa
1050 1789 1150 1861 utique
1164 1790 1261 1846 aderat
1274 1796 1304 1845 ul
1319 1792 1380 1862 ejus
1394 1791 1490 1858 imago
1509 1799 1668 1863 caperetur.
1688 1795 1759 1860 Cum
1768 1805 1822 1851 au*

974 1880 1033 1932 tem
1048 1877 1170 1946 adesset,
1191 1878 1335 1950 quomodo
1360 1878 1514 1951 imaginem
1530 1897 1610 1936 suam
1639 1882 1669 1937 in
1685 1884 1824 1938 memoria

973 1967 1179 2034 conscribebat,
1195 1967 1351 2040 quandoid
1366 1969 1453 2024 etiam
1468 1969 1544 2040 quod
1554 1970 1614 2041 jam
1629 1974 1760 2026 notatum
1778 1972 1822 2028 in·

972 2054 1061 2122 venit,
1089 2056 1241 2127 praesentia
1267 2073 1318 2111 sue
1341 2056 1415 2112 delet
1438 2058 1567 2113 oblivio?
1582 2060 1615 2114 Et
1637 2061 1731 2115 temen
1749 2058 1821 2132 quol

973 2159 1096 2216 cumque
1113 2145 1210 2210 modo,
1239 2145 1304 2201 licet
1329 2145 1365 2200 sit
1380 2146 1481 2202 modus
1496 2146 1549 2201 iste
1576 2146 1820 2220 incomprebensi-

971 2231 1037 2288 bilis
1052 2238 1081 2288 et
1094 2232 1311 2305 inexplicabilis.
1337 2233 1423 2289 etiam
1449 2235 1541 2306 ipsam
1568 2235 1742 2291 oblivionem
1756 2253 1820 2292 me·

971 2320 1148 2376 minissema
1162 2325 1257 2376 certus
1271 2336 1345 2390 sum,
1368 2338 1426 2393 qua
1449 2321 1479 2376 id
1503 2322 1579 2393 quod
1603 2324 1821 2380 meminerimus

972 2407 1111 2464 obruitur.

1289 2537 1401 2593 CAPUT
1415 2536 1494 2591 xvll.

971 2642 1072 2711 Magno
1084 2644 1217 2698 memoria
1231 2645 1281 2706 ab,
1298 2644 1346 2698 aed
1360 2643 1434 2698 ultro
1446 2645 1675 2714 progrediendum
1697 2651 1727 2701 ut
1738 2651 1821 2703 ottin-

1308 2736 1391 2800 goter
1403 2734 1481 2787 Deae.

1004 2840 1050 2893 26.
1067 2837 1168 2909 blegne
1193 2836 1236 2892 vis
1262 2841 1304 2892 est
1330 2838 1478 2894 memoria
1504 2840 1598 2894 nescio
1615 2841 1685 2912 quid
1700 2839 1820 2898 borren-

970 2927 1050 2991 dum,
1067 2927 1141 2981 Dens
1157 2941 1248 2993 meus,
1265 2926 1406 2998 profunde
1421 2932 1450 2983 et
1464 2927 1578 2983 infinite
1601 2929 1819 3001 multiplicitas3

970 3019 998 3069 et
1012 3014 1065 3069 boc
1079 3013 1193 3070 animus
1206 3020 1259 3082 ast,
1274 3018 1303 3069 et
1328 3015 1381 3070 boc
1396 3030 1450 3087 ago
1472 3016 1533 3088 ipse
1557 3033 1637 3073 snm,
1656 3018 1731 3085 Quid
1751 3034 1819 3092 ergo

969 3118 1043 3168 sum,
1056 3103 1129 3157 Deus
1141 3118 1220 3159 meus
1230 3105 1245 3157 ‘l
1254 3109 1429 3176 quaenatura
1440 3107 1527 3160 snm?
1541 3106 1633 3174 Varia,
1650 3108 1820 3165 multimoda

969 3191 1035 3258 vita,
1052 3196 1080 3246 et
1094 3192 1236 3247 immense
1248 3193 1442 3249 vehementer.
1458 3196 1527 3250 Ecce
1542 3194 1571 3250 in
1587 3195 1734 3251 memoriae
1746 3213 1819 3254 meae

969 3279 1085 3352 eampis,
1107 3284 1136 3335 et
1149 3279 1239 3336 antris
1254 3286 1283 3336 et
1305 3283 1432 3338 nevernis
1445 3282 1716 3354 innumerabilibus,
1734 3290 1819 3360 atque

968 3367 1220 3424 innumerabiliter
1242 3370 1335 3441 planis
1348 3370 1602 3427 innumerabilium
1618 3389 1715 3429 rerum
1729 3390 1817 3446 gene·

968 3456 1058 3525 ribus,
1079 3457 1137 3512 sive
1164 3474 1217 3529 per
1240 3457 1393 3531 imagines,
1410 3460 1484 3517 sicut
1497 3461 1627 3517 omnium
1640 3478 1815 3534 corpornm;

968 3545 1026 3600 sire
1046 3562 1099 3617 per
1122 3546 1315 3617 presentiam,
1344 3548 1416 3603 sicut
1434 3549 1557 3614 artium;
1572 3550 1630 3605 sive
1649 3567 1701 3621 per
1721 3552 1817 3608 nescio

968 3649 1040 3705 quas
1056 3634 1189 3689 notiones
1201 3635 1246 3690 rel
1274 3636 1445 3704 notationes,
1461 3638 1533 3692 sicut
1556 3639 1739 3695 allectionem
1758 3640 1819 3696 ani-

969 3722 1027 3790 mi;
1042 3738 1113 3794 quas
1128 3728 1156 3777 et
1168 3739 1233 3778 eom
1248 3723 1361 3779 animus
1376 3741 1434 3780 non
1447 3726 1566 3797 petitur,
1576 3727 1715 3783 memoria
1728 3732 1816 3796 tanat,

967 3827 1033 3866 cum
1050 3811 1191 3872 inanimo
1207 3811 1244 3868 sit
1255 3813 1393 3884 quidquid
1407 3819 1449 3869 est
1468 3814 1498 3868 in
1513 3816 1651 3871 memorie
1667 3833 1674 3872 :
1691 3833 1742 3889 per
1755 3819 1818 3875 haec

967 3900 1065 3955 omnia
1078 3900 1206 3956 discurro
1213 3905 1241 3957 et
1253 3902 1354 3968 volito;
1367 3902 1420 3957 bac
1426 3901 1490 3957 illac
1501 3906 1622 3975 penetro
1630 3904 1717 3960 etiam
1727 3922 1817 3978 quan·

967 3993 1028 4043 tum
1044 4005 1171 4061 possum,
1183 3990 1281 4044 etlinis
1292 4007 1448 4062 nusquem;
1461 3995 1539 4046 tanta
1552 3991 1643 4047 visast
1655 3993 1816 4061 memoriae,

967 4081 1047 4132 tenta
1059 4078 1125 4133 vitre
1140 4078 1180 4132 vis
1195 4082 1237 4132 est
1248 4078 1278 4133 in
1293 4078 1410 4134 homine
1422 4079 1533 4134 virente
1547 4080 1723 4136 mortaliter!
1743 4082 1816 4148 Ouid

967 4166 1056 4237 igitur
1068 4183 1161 4238 agam,
1177 4171 1207 4222 tu
1222 4184 1289 4222 rere
1302 4184 1367 4223 mea
1388 4167 1445 4223 vita
1463 4169 1536 4224 betas
1558 4172 1664 4224 meus?
1678 4170 1816 4225 Transibo

966 4258 994 4309 el
1013 4254 1157 4309 benevim
1173 4270 1267 4309 meam
1295 4272 1360 4327 quas
1375 4256 1515 4311 memoria
1543 4261 1671 4321 vocatur,
1686 4256 1813 4313 transibo

966 4346 1074 4397 camut
1100 4343 1268 4413 pertendam
1283 4343 1319 4399 ad
1346 4348 1383 4411 te,
1405 4344 1486 4400 dulce
1513 4344 1621 4398 lumen.
1644 4343 1717 4408 Quid
1745 4343 1816 4399 dicis

965 4431 1060 4487 mibi?
1074 4431 1211 4503 Ecce'ego
1226 4433 1380 4488 ascendens
1398 4449 1450 4504 per
1468 4432 1597 4488 animum
1624 4448 1723 4488 meum
1736 4433 1772 4489 ad
1786 4438 1815 4489 te

964 4521 1015 4593 qui
1043 4520 1166 4592 desuper
1189 4520 1260 4576 mihi
1288 4537 1394 4577 menes.
1424 4521 1561 4577 Transibo
1585 4525 1613 4576 le
1642 4520 1727 4576 istam
1757 4522 1813 4578 vim

964 4625 1070 4678 meam,
1094 4625 1159 4681 quaa
1180 4610 1320 4666 memorie
1345 4613 1471 4677 vocatur,
1496 4610 1594 4664 rolens
1619 4614 1647 4664 et
1671 4609 1813 4682 attingere

964 4698 1040 4753 unde
1057 4697 1158 4771 attingi
1174 4702 1264 4770 potes,
1285 4704 1313 4755 et
1340 4698 1480 4752 inbaerere
1502 4697 1555 4751 tibi
1571 4697 1646 4752 unde
1673 4697 1812 4754 inhaerere

964 4786 1015 4842 tibi
1029 4790 1133 4858 potest.
1151 4787 1261 4843 llabent
1274 4787 1351 4842 enim
1360 4784 1529 4841 memoriam
1543 4790 1572 4841 et
1584 4802 1689 4858 peoora
1700 4791 1810 4856 eleves,

963 4874 1091 4947 alioquin
1118 4892 1178 4931 non
1198 4875 1303 4930 cubilia
1327 4873 1444 4929 nidosve
1471 4877 1641 4944 repeterent,
1667 4891 1725 4930 non
1754 4875 1811 4931 elie

963 4965 1054 5019 malta
1068 4965 1173 5036 quihus
1188 4966 1364 5026 assuescunt,
1392 4978 1486 5034 neque
1505 4962 1583 5017 enim
1611 4968 1640 5019 et
1651 4978 1812 5018 assuescere

962 5054 1091 5109 valerent
1107 5051 1170 5107 ullis
1192 5052 1277 5106 rebus
1305 5050 1361 5106 nisi
1386 5066 1438 5123 per
1466 5051 1643 5106 memoriam.
1673 5050 1811 5106 Transibo
1883 5124 1886 5130 Ι

963 5158 1031 5215 ergo
1047 5146 1076 5197 et
1091 5140 1270 5210 memoriam,
1299 5144 1331 5196 ut
1345 5140 1486 5210 attingam
1512 5156 1579 5194 eum
1594 5139 1645 5211 qui
1669 5137 1812 5210 separavit

962 5248 1009 5287 me
1023 5229 1293 5304 aquadrupedibus,
1309 5235 1337 5284 et
1348 5229 1509 5284 volatilibus
1521 5229 1585 5284 ooeli
1604 5227 1808 5300 sapientiorem

961 5336 1008 5375 me
1018 5319 1095 5376 lecit.
1111 5317 1248 5373 Transibo
1263 5321 1291 5373 et
1301 5316 1485 5384 memoriam3
1499 5319 1529 5372 et
1542 5315 1591 5372 ubi
1606 5321 1635 5369 te
1648 5312 1807 5383 inveniam,

963 5424 1028 5464 vera
1041 5407 1117 5463 bona
1132 5410 1160 5462 et
1180 5421 1281 5462 secura
1305 5405 1453 5462 suavitas?
1477 5407 1505 5459 et
1519 5403 1568 5459 ubi
1587 5407 1614 5457 te
1640 5398 1812 5457 inveniam?

963 5496 992 5552 Si
1005 5500 1110 5568 prater
1124 5493 1292 5551 memoriam
1308 5509 1404 5552 meam
1417 5497 1446 5550 ta
1460 5490 1586 5559 invenio,
1601 5488 1754 5546 immemor
1767 5487 1810 5546 tui
