3884 6112
65 271 115 324 ιιι
578 243 582 247 ’
783 274 889 332 arena
909 275 1107 336 sauuuous
1651 349 1657 357 ,
1773 291 1824 345 ιιι

62 391 196 447 omnium
218 392 404 463 validissima,
429 393 592 465 discedere;
614 412 702 469 seque
730 398 808 470 quod
833 399 920 455 sacris

61 482 255 555 scriptoribus
277 501 334 540 non
348 490 499 558 repugnet,
515 492 544 543 ιι
555 487 743 559 intelligendo
757 491 918 562 apprehen-

60 572 131 627 dore
151 578 260 644 posset,
283 574 361 646 apud
384 575 545 631 Platonicos
572 581 754 650 reperturum
775 580 919 637 confidere

61 660 176 731 (Contra
189 662 298 730 Acuti,
312 663 361 720 tib.
378 667 403 727 3,
419 679 447 719 ιι.
461 667 517 735 45).
534 665 567 721 In
584 666 642 722 suis
656 672 752 723 tamen
772 669 918 725 Retracta-

59 750 178 806 tionum
191 751 272 808 libris
286 752 414 821 tetidem,
428 770 486 826 qua
506 756 665 824 Platonem,
680 760 709 813 ιι
722 757 784 830 ejus
797 762 918 815 sectato·

60 857 105 896 res
124 844 243 896 tantum
258 842 371 910 extulit,
394 842 454 915 ipso
473 845 646 901 condemnat
660 851 688 902 et
709 847 843 918 repudiat
857 849 918 920 (Re-

10 989 17 997 ,
61 935 141 985 boet.
162 930 210 986 tib.
232 934 257 1001 t,
273 947 335 1001 cup.
350 935 376 999 t,
391 947 419 987 ιι.
431 933 467 1004 ιι.
485 933 629 989 Professus
644 937 687 990 est
701 935 828 1008 Alypius,
843 937 917 994 nihil

59 1036 87 1074 se
98 1019 219 1087 habere,
231 1020 308 1091 quod
319 1021 472 1092 Augustini
482 1022 642 1078 rationibus
650 1026 918 1097 opponeret5simul

59 1109 152 1179 elogio
178 1109 266 1181 longe
290 1110 482 1181 pulcherrimo
504 1113 660 1185 subjunxit,
682 1130 713 1169 se
732 1130 798 1170 cum
813 1117 918 1188 gaudio

61 1195 232 1269 superatum
252 1197 406 1265 discedere,
419 1215 508 1271 seque
522 1204 551 1256 et
569 1205 776 1258 concertatores
799 1220 864 1259 suos
887 1204 917 1260 in

60 1285 226 1358 Augustino
240 1285 343 1342 ducem
357 1287 472 1358 habere,
484 1288 536 1361 qui
545 1289 633 1345 divini
647 1290 765 1346 luminis
779 1292 917 1350 beneficio

60 1392 106 1430 eos
121 1375 155 1429 in
171 1375 238 1447 ipsa
251 1375 378 1430 veritatis
399 1392 501 1432 arcana
521 1378 659 1449 perducat
685 1379 794 1450 (Contra
815 1384 915 1452 Acad,

60 1464 106 1519 lib.
125 1466 155 1529 3,
170 1479 200 1518 ιι.
216 1463 273 1534 ιι).
289 1465 535 1537 Hermogenianus
549 1467 702 1539 Augustini
716 1471 835 1542 amicus,
851 1488 916 1528 cum

57 1552 107 1607 hos
120 1551 243 1624 legisset
258 1551 357 1619 libros,
386 1557 498 1624 partam
519 1556 554 1611 de
574 1557 752 1614 Academicis
766 1559 916 1617 victoriam

57 1658 106 1714 per
127 1641 245 1697 litteras
265 1642 308 1697 illi
334 1645 491 1714 gratulatus
514 1650 565 1702 est.
589 1647 668 1702 lllius
692 1650 861 1721 approbatio
882 1669 915 1708 ao

56 1730 167 1802 gratior
179 1730 239 1786 fuit
251 1732 423 1803 Augustino,
440 1734 517 1806 quod
532 1735 594 1806 ejus
605 1736 747 1807 judicium
768 1739 803 1794 ab
819 1757 916 1797 errore

57 1819 197 1887 alienum,
215 1823 244 1874 et
258 1821 414 1876 amicitiam
432 1821 622 1880 simulationis
645 1832 790 1898 expertem
805 1845 915 1901 cogno·

57 1909 160 1964 scebat.
180 1909 363 1982 Quapropter
376 1911 407 1966 in
422 1912 551 1984 epistola,
573 1931 659 1987 quam
674 1916 709 1971 ad
724 1933 791 1972 eum
807 1919 915 1988 scribit,

59 2002 116 2052 orat
130 2004 168 2054 ut
180 1998 351 2071 diligentius
370 2002 530 2058 consideret
550 2020 590 2067 ea,
607 2021 672 2077 quae
682 2005 712 2061 in
725 2006 771 2062 his
784 2007 866 2063 libris
880 2009 915 2064 de

59 2104 121 2143 cero
133 2088 377 2145 Academicorum
393 2107 477 2146 sensu
487 2091 605 2162 dixerit;
615 2093 738 2165 sibique,
750 2095 820 2167 quid
830 2113 916 2169 super

59 2177 106 2232 hec
121 2193 155 2233 re
171 2177 289 2245 sentiat,
306 2196 359 2251 per
372 2180 481 2236 litteras
495 2181 637 2254 significet
646 2185 745 2255 (Epist.
763 2188 788 2253 l,
800 2201 828 2241 ιι.
840 2186 878 2258 3).

89 2270 115 2322 a.
133 2268 194 2322 llos
210 2268 247 2324 de
272 2269 446 2324 Academicis
467 2269 555 2326 libros
579 2271 756 2328 Romaniano
777 2274 916 2331 dedicavit

59 2357 249 2430 Augustinus,
264 2363 327 2413 tum
341 2363 373 2414 ιι
387 2358 468 2415 illum
485 2359 602 2416 Licentii
616 2361 669 2416 tilii
691 2362 830 2419 litterario
848 2380 914 2436 pro·

59 2462 158 2518 gressu
172 2445 339 2511 delectaret,
365 2451 426 2503 tum
445 2452 479 2503 ut
492 2450 625 2504 eumdem
640 2450 675 2506 ad
694 2451 822 2508 veritatis
836 2470 915 2509 amo·

59 2550 115 2590 rem
129 2534 296 2591 induceret.
305 2535 376 2590 Nam
387 2551 569 2608 summopere
581 2537 716 2609 cupiebat
726 2540 913 2612 Augustinus,

58 2628 85 2677 at
99 2623 125 2678 is
140 2624 179 2679 ad
194 2640 325 2680 amorem
340 2625 486 2696 sapientiae
499 2625 629 2682 animum
643 2627 790 2700 adjiceret,
807 2647 841 2687 eo
855 2631 911 2686 avi-

59 2712 119 2766 dius
134 2712 221 2768 illam
231 2713 402 2770 hausturum
417 2729 546 2785 sperans,
563 2731 620 2787 quo
635 2715 743 2771 diutius
756 2733 820 2772 eam
834 2718 914 2772 sitire

59 2801 132 2856 risus
146 2805 224 2856 erat.
240 2802 280 2857 Eo
293 2800 380 2857 etiarn
396 2801 570 2872 paratiorem
589 2803 626 2858 ad
645 2802 872 2877 investigandam
887 2811 914 2862 ιι

59 2889 217 2945 amandam
242 2890 392 2945 veritatem
411 2890 612 2959 arbitrabatur,
639 2892 718 2965 quod
739 2894 914 2949 Academicis

58 2979 155 3035 omnia
168 2978 204 3034 in
230 2978 352 3034 dubium
365 2980 565 3036 revocantibus
577 2980 682 3052 saepius
703 2986 911 3038 succensuerat.

57 3068 157 3123 Adbuc
180 3071 282 3123 tamen
310 3067 530 3124 llanichaeorum
551 3069 764 3141 superstitione,
779 3070 809 3125 in
826 3087 913 3144 quam

58 3172 122 3211 cum
129 3156 912 3230 Augustinusipsedederatpraecipitem(Ceutrercd.‚

58 3245 101 3301 lib.
118 3250 145 3314 t,
163 3262 195 3301 ιι.
222 3247 261 3318 3),
285 3250 348 3302 erat
369 3245 543 3318 implicatus.
570 3246 624 3303 Sed
640 3264 706 3303 cum
720 3250 913 3318 Augustinum

58 3335 132 3406 apud
148 3335 342 3391 cassiciacum
357 3339 389 3391 ut
402 3335 515 3392 ridetur
529 3335 684 3405 invisisset,
705 3339 847 3394 sententia
863 3356 915 3394 sue

56 3439 129 3494 pene
143 3424 274 3480 dimotus
290 3425 357 3481 inde
373 3424 548 3493 discesserat,
562 3426 681 3498 jamque
701 3427 736 3482 ad
760 3427 912 3500 inquiren-

57 3513 122 3569 dam
137 3514 292 3569 veritatem
306 3513 472 3586 instructus,
487 3531 575 3587 quam
594 3521 708 3571 sanctus
723 3517 766 3571 vir
779 3521 829 3572 aut
841 3533 912 3589 quo-

57 3601 122 3655 dam
135 3600 295 3673 colloquio,
310 3606 359 3656 aut
367 3602 462 3673 aliqua
472 3601 667 3673 disputatione
683 3605 717 3658 de
728 3601 867 3674 religione
878 3603 913 3659 ad

57 3705 123 3744 enm
137 3688 240 3758 musa,
255 3706 284 3745 se
293 3689 336 3744 illi
348 3689 612 3746 demonstraturum
626 3692 767 3763 sperabat.
781 3693 851 3747 Cum
862 3691 914 3764 igi·

56 3783 102 3833 tur
114 3794 201 3852 spem
223 3778 408 3851 concepisset,
425 3779 487 3835 tore
508 3784 541 3835 ut
553 3796 620 3835 eum
639 3780 674 3835 ad
689 3796 785 3835 veram
799 3780 911 3853 sapien·

57 3866 127 3922 tiam
153 3866 323 3933 adduceret,
343 3866 517 3939 quotidianis
536 3867 620 3938 votis,
642 3884 707 3941 quas
727 3867 805 3924 illius
828 3885 912 3923 eausa

55 3951 163 4008 divinae
177 3951 334 4024 Sapientioe
358 3953 490 4020 iaciebat,
509 3952 564 4007 hoc
578 3951 620 4006 illi
635 3952 744 4007 donum
758 3952 912 4025 impetrare

54 4041 235 4110 conabatur3
251 4043 277 4096 si
290 4040 502 4113 modo„inquit,
517 4041 680 4110 diuisurum
698 4044 747 4111 qui
762 4044 910 4112 impetrem.

55 4131 166 4203 Ergone
182 4129 362 4201 Augustinus
376 4130 411 4186 de
434 4129 613 4186 Romaniano
637 4131 742 4186 frustra
761 4130 816 4186 ista
830 4131 910 4201 dixit,

54 4221 114 4274 Nou
126 4223 202 4274 siuet
214 4218 317 4274 iltecur'
330 4222 471 4273 metatum
493 4217 567 4284 dedi,
592 4234 671 4287 quem
692 4234 762 4274 ιιιιιιι
788 4235 912 4288 recogno·

54 4325 125 4364 serre
138 4308 388 4378 otiquoutumcoept
403 4305 496 4378 (leid,
512 4307 559 4363 ιιι.
585 4309 612 4375 2,
626 4323 654 4362 ιι.
667 4307 704 4378 ι).
722 4306 767 4363 Uti
785 4307 912 4380 aliquem

55 4398 95 4452 illi
110 4397 201 4469 hujus
215 4395 415 4467 philosophiae,
432 4395 468 4450 ad
483 4411 570 4467 quam
584 4411 650 4450 cum
665 4395 844 4467 hortabatur,
865 4414 910 4451 sa-

54 4502 157 4557 porem
174 4484 349 4551 inirmderet,
366 4500 433 4538 suos
448 4482 491 4539 iili
516 4484 551 4539 de
569 4482 746 4539 Academicis
759 4483 847 4539 libros
869 4485 912 4540 in-

55 4575 189 4647 scripsit:
207 4573 286 4646 quod
299 4573 518 4628 incitamentum
534 4588 567 4628 eo
582 4571 723 4627 efficacius
741 4572 802 4627 fore
821 4574 912 4629 credi·

53 4664 105 4731 dit,
114 4680 176 4737 qno
195 4662 448 4734 essetjucundius,·
463 4678 528 4716 cum
538 4661 614 4717 lilius
625 4663 754 4734 ejusdem
765 4662 910 4718 Licentius

53 4753 107 4808 sihi
116 4755 232 4826 partem
246 4752 277 4807 in
291 4751 327 4807 iis
340 4751 506 4807 vindicaret.
521 4753 615 4807 Unum
630 4767 690 4808 esse
704 4752 817 4820 latetur,
833 4752 910 4808 unde

52 4842 129 4898 illins
138 4842 266 4898 inmune
280 4840 417 4908 inrideat,
431 4840 510 4913 quod
525 4842 602 4897 solus
618 4841 763 4897 Luciliano
778 4859 831 4898 suo
846 4859 912 4914 per·

52 4930 167 4988 {mahir
179 4930 274 5002 (ibid,
299 4945 328 4986 ιι.
342 4929 380 5001 ιι).
407 4929 433 4985 Is
447 4929 525 4985 haud
539 4929 625 4986 dubio
640 4931 821 4987 Romaniano
840 4947 909 4987 con·

48 5019 329 5090 iunctissimuserat,
337 5024 365 5075 ιι
376 5018 564 5092 ejusiortasse
571 5035 738 5092 germanus:
754 5020 909 5092 aliquando

52 5109 130 5165 enim
150 5113 185 5165 ut
197 5109 256 5165 dne
278 5108 486 5183 propemodum
501 5109 625 5181 equales
649 5109 828 5181 copulantur.
846 5110 911 5165 Car-

54 5215 150 5254 mena
173 5198 302 5255 Licentia
330 5198 376 5256 de
392 5198 576 5272 philosophia
591 5199 783 5271 compositum
802 5199 908 5255 Roma-

53 5287 138 5343 niano
151 5287 306 5360 potlicetur
319 5287 599 5360 Augustinustlbid,
614 5304 643 5344 u.
657 5289 695 5359 7).

84 5381 113 5431 ι.
128 5377 209 5432 Inter
222 5392 258 5432 ea
271 5375 426 5448 colloquia,
441 5393 506 5449 qum
517 5381 576 5433 tres
588 5377 623 5433 de
637 5377 812 5434 Academicis
820 5377 909 5433 libros

53 5466 242 5535 constituunt,
257 5464 333 5521 liber
347 5464 383 5522 de
402 5466 489 5521 Docta
504 5466 567 5521 Vita
583 5465 760 5538 conscriptus
777 5465 833 5521 luit
847 5466 907 5537 (Re-

54 5558 131 5612 troet.
148 5554 199 5612 tib.
222 5557 250 5627 l,
264 5568 326 5626 cop.
346 5553 394 5625 tl:
410 5568 467 5626 quo
481 5552 588 5610 mirum
603 5553 693 5611 rideri
703 5569 762 5610 non
778 5552 873 5621 debet,
885 5552 909 5608 si

977 400 1043 457 huie
1062 417 1120 457 non
1143 402 1268 460 adiuerit
1281 404 1399 477 Alypius
1425 407 1470 477 (lte
1497 407 1580 462 Recte
1603 411 1677 478 Vite,
1693 426 1723 467 u.
1740 413 1768 480 o)
1785 412 1831 466 :is

975 490 1052 545 enim
1063 491 1255 548 Mediolanum
1269 492 1401 549 inchoate
1416 499 1516 550 contra
1530 497 1715 554 Academicos
1729 498 1830 571 dispu-

974 579 1083 635 tatione
1097 581 1328 653 proiectus,inde
1343 583 1459 639 nonnisi
1473 590 1536 657 post
1550 585 1648 641 dacem
1663 586 1723 642 dies
1733 588 1827 645 rediit.

975 668 1013 723 Eo
1025 668 1115 740 igitur
1127 669 1255 738 absente,
1275 687 1340 725 cum
1364 671 1512 727 natalitius
1531 674 1686 746 Augustini
1699 675 1760 732 dies
1779 678 1829 749 qui

973 755 1003 811 in
1017 756 1081 812 idus
1094 757 1258 814 novembris
1279 758 1433 830 incidebat,
1450 761 1622 833 advenisset,
1643 780 1743 820 omnes
1762 782 1829 822 snos

973 845 1021 901 ilte
1035 847 1262 916 contubernales,
1279 848 1439 904 llonnicam
1453 854 1585 914 matrem,
1603 853 1625 908 N
1629 853 1755 925 avigium
1769 854 1826 911 fra·

973 938 1057 1005 trem,
1083 937 1240 992 Licentium
1261 942 1290 994 et
1307 938 1472 1010 Trygetium
1500 941 1665 1014 discipulos,
1689 945 1827 1001 Lastidia·

973 1043 1042 1082 num
1064 1031 1094 1083 et
1112 1028 1258 1084 Rusticum
1286 1030 1471 1086 consobrinos
1494 1048 1569 1100 suos,
1596 1037 1625 1088 et
1650 1033 1826 1091 Adeodatum

973 1115 1065 1171 lilium
1076 1132 1159 1172 suurn
1175 1118 1383 1188 prandiotenui
1394 1120 1516 1191 excepit,
1527 1138 1559 1176 nc
1569 1125 1667 1194 postea
1675 1122 1826 1182 inbalneas

972 1203 1006 1259 ad
1022 1204 1235 1260 consedendum
1250 1206 1369 1262 vocavit.
1392 1207 1480 1264 hiulta
1494 1224 1526 1265 cx
1551 1210 1585 1264 iis
1601 1211 1636 1266 de
1650 1212 1826 1270 beatitudine

972 1291 1113 1362 quaesivit,
1129 1309 1162 1348 aa
1176 1297 1272 1348 mente
1286 1298 1318 1350 ut
1328 1294 1391 1350 itlos
1406 1295 1438 1350 in
1451 1297 1528 1352 huno
1540 1302 1657 1368 portum
1667 1299 1826 1357 induceret:

971 1380 1071 1452 quoin
1086 1380 1229 1453 colloquio
1244 1385 1353 1437 certum
1369 1387 1411 1438 est
1425 1384 1585 1439 llonnicam
1601 1390 1629 1440 et
1642 1388 1823 1444 Adeodatum
1867 1408 1873 1415 ¹

971 1467 1048 1523 inter
1062 1485 1161 1524 omnes
1176 1470 1330 1526 eminuisse
1344 1470 1524 1544 intelligendi
1542 1473 1698 1545 prudentia
1714 1479 1743 1531 et
1764 1492 1828 1548 gra·

971 1556 1056 1612 vitate
1071 1558 1232 1614 verborum.
1249 1560 1385 1615 Eamdcm
1405 1558 1630 1631 disputationem
1653 1564 1779 1620 secunda
1798 1568 1829 1620 et

972 1645 1055 1700 tertia
1077 1645 1124 1700 die
1142 1647 1347 1718 pomeridianis
1363 1647 1443 1703 horis
1457 1654 1625 1721 prosecutus
1639 1655 1693 1723 est,
1706 1667 1827 1725 eamque

970 1735 1090 1807 pulchra
1105 1740 1134 1792 et
1147 1736 1264 1792 sublimi
1282 1737 1410 1792 oratioue
1434 1737 1470 1793 de
1489 1740 1669 1796 sanctissima
1688 1741 1828 1799 Trinitate

969 1823 1118 1879 conclusit.
1134 1826 1275 1880 Horumee
1285 1824 1497 1897 colloquiorum
1509 1827 1674 1884 institutum
1688 1829 1826 1902 hocerat,

969 1914 1002 1965 ut
1016 1910 1129 1965 beatam
1144 1910 1232 1966 vitam
1241 1911 1367 1983 perlecta
1379 1913 1429 1968 liei
1443 1913 1607 1985 cognitione
1621 1917 1764 1973 contineri
1776 1920 1829 1977 dn.

970 2003 1082 2054 caretur
1104 1998 1234 2071 (Retruet.
1251 2001 1297 2056 lib.
1316 2004 1342 2071 t,
1357 2017 1417 2072 cap.
1433 2005 1471 2074 t).
1485 2003 1590 2059 Verum
1604 2002 1685 2078 inlea
1700 2005 1829 2080 disputa·

969 2088 1046 2143 tione
1061 2089 1114 2143 hec
1126 2088 1168 2144 itti
1183 2095 1281 2162 postea
1302 2089 1456 2162 displicuit,
1477 2093 1556 2164 quod
1570 2093 1780 2152 beatitudinem
1795 2095 1827 2152 in

969 2176 1022 2232 hac
1036 2177 1123 2233 etiam
1136 2178 1194 2233 vita
1206 2178 1331 2234 obtineri
1342 2180 1507 2251 asapiente,
1521 2181 1591 2237 acin
1603 2182 1664 2237 solo
1677 2183 1774 2239 animo
1785 2200 1829 2240 ra·

970 2266 1061 2321 sidere
1076 2266 1218 2323 voluisset.
1237 2268 1321 2323 Notat
1335 2268 1511 2340 Augustinus
1526 2269 1556 2324 in
1571 2270 1630 2325 suis
1640 2272 1828 2328 Retractatio·

971 2371 1042 2410 num
1061 2354 1141 2411 libris
1156 2372 1186 2412 se
1201 2372 1273 2428 opus
1288 2357 1363 2412 istud
1379 2341 1522 2429 integrum
1536 2374 1594 2414 non
1604 2359 1709 2416 habere
1722 2361 1829 2434 (ibid),

969 2458 1035 2498 cum
1049 2443 1145 2498 omnia
1160 2443 1249 2515 ipsius
1265 2449 1294 2500 et
1306 2444 1428 2501 aliorum
1444 2448 1610 2519 apographa
1629 2448 1731 2505 mutila
1747 2466 1827 2522 repe·

970 2531 1092 2600 riantur,
1108 2550 1140 2587 ac
1155 2532 1303 2589 decurtata
1319 2550 1378 2589 non
1392 2551 1495 2607 parum
1512 2553 1518 2592 :
1534 2536 1612 2593 haud
1628 2542 1725 2594 tamen
1746 2539 1826 2597 ride-

970 2638 1045 2692 mus,
1061 2638 1119 2694 quo
1134 2639 1210 2677 nunc
1224 2622 1292 2678 libri
1319 2624 1381 2679 loco
1408 2625 1587 2681 desideretur
1602 2626 1720 2699 aliquid.
1747 2629 1825 2702 Opus

970 2711 1063 2767 llaltio
1090 2711 1238 2767 Theodora
1261 2710 1412 2783 dedicarit,
1433 2714 1515 2785 quus
1529 2730 1563 2768 ex
1586 2716 1767 2773 sermonibus
1780 2718 1824 2774 di·

970 2799 1072 2855 dicisse
1085 2816 1115 2854 se
1129 2800 1237 2868 scribit,
1254 2816 1321 2856 cum
1336 2800 1370 2856 de
1385 2801 1442 2856 Deo
1458 2805 1508 2857 aut
1520 2801 1555 2857 de
1565 2803 1823 2877 animacogitatur,

970 2887 1041 2942 nihil
1056 2888 1174 2943 omnino
1189 2889 1316 2961 corporis
1332 2905 1392 2944 esse
1407 2889 1600 2962 cogitandum.
1617 2893 1737 2948 tlultum
1750 2894 1823 2949 emi·

970 2977 1056 3032 nebat
1070 2976 1100 3031 in
1115 2977 1219 3032 seculo
1233 2977 1409 3047 Theodorus,
1424 2994 1482 3033 non
1496 2979 1571 3035 alius
1592 2980 1669 3036 haud
1688 2981 1773 3037 dubie
1789 2983 1825 3038 ab

970 3081 1015 3133 eo,
1027 3063 1078 3136 qui
1093 3064 1212 3119 summis
1227 3064 1384 3121 honoribus
1397 3067 1563 3139 perfunctus
1574 3072 1626 3136 est,
1638 3069 1746 3143 quique
1756 3087 1823 3126 con·

970 3154 1096 3209 sulatum
1110 3168 1187 3208 anno
1201 3155 1404 3210 trecentesimo
1423 3157 1607 3229 nonagesimo
1628 3175 1706 3215 nono
1726 3160 1822 3231 gessit.

969 3243 1050 3297 Ilunc
1075 3241 1262 3314 amplissimis
1286 3242 1405 3315 quidem
1430 3244 1561 3301 laudibus
1588 3245 1624 3301 ob
1648 3247 1821 3319 singularem

968 3330 1112 3402 praecipue
1127 3329 1217 3386 animi
1236 3332 1465 3388 moderationem
1480 3337 1510 3388 ιι
1529 3333 1723 3406 integritatem
1738 3337 1821 3393 ellert

969 3417 1142 3472 Claudianus
1149 3422 1233 3489 pocta
1245 3419 1387 3490 (Claudius
1397 3418 1565 3487 claudimus,
1575 3423 1603 3475 iu
1613 3424 1749 3490 Psecade
1762 3440 1822 3480 eou-
1863 3475 1868 3484 .

968 3508 1069 3561 sulatu.
1087 3508 1132 3564 Pl.
1149 3507 1230 3564 liciti
1243 3508 1373 3579 Theod.):
1392 3508 1525 3564 certiores
1539 3524 1605 3564 raro
1621 3514 1649 3565 et
1663 3512 1750 3584 longe
1765 3529 1825 3568 ani·

968 3594 1075 3666 pliores
1089 3610 1131 3649 ιιι
1146 3599 1223 3662 sunt,
1237 3610 1307 3666 quas
1322 3595 1416 3650 eidem
1430 3595 1608 3668 Augustinus
1622 3599 1732 3655 tribuit.
1751 3602 1822 3657 Eum

968 3683 1044 3738 cuim
1070 3685 1157 3740 modo
1177 3688 1205 3739 et
1219 3675 1408 3741 christianum
1426 3689 1455 3741 et
1469 3685 1583 3743 doctum
1603 3687 1690 3744 fuisse
1704 3694 1825 3748 testatur

969 3773 1097 3844 (Retract.
1115 3773 1161 3852 lib.
1179 3777 1203 3842 t,
1218 3789 1278 3844 cop.
1294 3773 1332 3846 t),
1342 3790 1419 3830 nunc
1433 3778 1617 3833 commendet
1631 3782 1663 3834 ut
1674 3777 1768 3835 airum
1780 3781 1824 3836 in·

968 3861 1053 3934 genio
1068 3878 1101 3917 ac
1113 3861 1204 3935 gloria
1219 3868 1248 3918 ιι
1259 3862 1328 3935 ipsis
1341 3863 1505 3936 insignibus
1525 3866 1659 3935 fortunae,
1686 3871 1725 3940 et,
1745 3870 1823 3942 quod

966 3957 1052 4023 eaput
1064 3956 1116 4020 est,
1133 3957 1228 4008 mente
1250 3954 1519 4024 praestantissimum
1540 3955 1588 4027 (lle
1602 3956 1712 4026 Ordine,
1729 3958 1777 4015 lib.
1796 3963 1823 4029 l,

967 4058 994 4097 u.
1012 4044 1057 4111 31)
1072 4058 1078 4095 :
1095 4057 1219 4114 cumque
1234 4058 1317 4114 opus,
1339 4043 1447 4116 dequo
1462 4044 1622 4117 loquimur,
1639 4045 1683 4100 illi
1696 4046 1821 4118 dedicat,

967 4131 1101 4186 eumdem
1114 4129 1354 4187 humanissimum
1375 4137 1404 4188 et
1430 4138 1595 4206 magnatem
1619 4135 1752 4207 appellet.
1778 4137 1823 4192 Illi

966 4219 1094 4290 prolecto
1108 4219 1368 4290 conjunctissimus,
1395 4225 1464 4290 erat,
1481 4239 1547 4278 cum
1562 4238 1629 4278 eum
1643 4238 1697 4294 per
1710 4224 1821 4281 anima·

966 4323 1032 4362 rum
1047 4307 1123 4362 inter
1135 4323 1165 4363 se
1180 4307 1327 4364 vinculum
1335 4313 1422 4381 atque
1435 4311 1640 4366 commercium
1651 4310 1820 4379 obtestetur,

967 4400 998 4450 ut
1016 4396 1113 4466 ipsum
1128 4400 1216 4464 amet,
1232 4414 1264 4452 ae
1278 4414 1307 4453 ιι
1322 4414 1436 4472 quoque
1452 4400 1488 4454 ab
1512 4400 1573 4470 ipso
1587 4399 1710 4455 vicissim
1731 4399 1822 4457 amari

966 4484 1071 4539 credat.
1090 4485 1157 4556 Ejus
1171 4486 1336 4558 eloquentia
1350 4488 1531 4560 nequaquam
1543 4504 1573 4542 se
1586 4488 1688 4544 terreri
1700 4489 1820 4562 prolite-

966 4578 1022 4642 tur,
1038 4591 1103 4629 cum
1116 4591 1180 4630 eam
1191 4576 1366 4646 facultatem,
1378 4592 1464 4647 quam
1474 4576 1597 4646 adamat,
1609 4577 1676 4634 licet
1689 4579 1819 4635 nondum

966 4668 1121 4732 assecutus,
1131 4664 1233 4719 timere
1244 4680 1301 4720 non
1312 4664 1410 4737 possit,
1426 4667 1611 4738 sequemulto
1621 4666 1719 4723 minus
1729 4667 1819 4741 ipsius

966 4751 1088 4807 tortunae
1103 4751 1307 4808 sublimitatem
1322 4769 1354 4807 ae
1370 4753 1455 4809 decus
1469 4754 1661 4813 extimescere.
1691 4757 1819 4825 Οιιιιιιιι

965 4842 1035 4895 euim
1049 4843 1087 4897 sit
1100 4857 1211 4910 magua,
1221 4840 1326 4912 inquit,
1337 4842 1413 4912 apud
1423 4847 1447 4897 te
1454 4844 1571 4899 secunde
1584 4850 1633 4901 est:
1645 4861 1711 4901 nom
1720 4847 1819 4916 quibus
1887 4873 1895 4889 ·

965 4928 1133 5000 dominetur,
1143 4930 1246 4985 eosdem
1259 4930 1474 5001 ipsos‘secuudos
1487 4933 1566 5001 fucit.
1579 4934 1667 4990 Addit
1680 4939 1819 5007 praeterea

965 5034 1030 5074 cum
1046 5034 1137 5074 unum
1158 5034 1229 5085 esse,
1254 5034 1342 5089 quem
1361 5017 1508 5076 intueatur
1522 5024 1551 5078 et
1569 5023 1713 5096 suspiciat,
1730 5038 1818 5096 aquo

965 5110 1057 5162 certus
1071 5106 1211 5163 auxilium
1226 5112 1380 5180 exspectet.
1401 5103 1535 5166 Obsecrat
1553 5111 1702 5180 nimirum,
1718 5115 1751 5167 ut
1764 5128 1817 5184 pro

965 5212 1016 5251 sun
1030 5212 1098 5268 erga
1112 5197 1208 5267 ipsum
1221 5195 1421 5253 benevolentia
1437 5198 1567 5255 dextram
1586 5201 1722 5273 porrigat.
1738 5201 1817 5267 Quod
1923 5257 1925 5262 .

964 5287 990 5339 si
1003 5287 1192 5356 impetravero,
1214 5285 1318 5358 inquit,
1342 5287 1381 5342 ud
1404 5290 1493 5359 ipsum
1508 5290 1612 5345 beatem
1626 5291 1720 5358 vitem,
1734 5291 1780 5345 cui
1792 5295 1818 5345 tc

961 5377 1022 5446 jum
1036 5375 1135 5430 herere
1152 5390 1298 5446 presumo,
1317 5391 1405 5447 parvo
1423 5381 1520 5433 coactu
1541 5378 1672 5444 lucillius
1691 5377 1817 5435 accedam

965 5467 1011 5536 (De
1025 5466 1109 5520 Recta
1123 5466 1196 5532 Vite,
1213 5481 1242 5521 ιι.
1263 5465 1304 5538 5).
1323 5466 1349 5520 Is
1364 5465 1439 5521 haud
1461 5464 1547 5521 dubie
1567 5466 1646 5521 locus
1660 5471 1713 5531 est,
1728 5483 1817 5540 quem

964 5552 1140 5625 Augustinus
1156 5556 1186 5610 et
1199 5558 1283 5611 [etate
1299 5558 1327 5609 ιι
1340 5553 1447 5627 pietate
1467 5553 1628 5626 pmvectior
1651 5555 1706 5613 sibi
1720 5555 1817 5629 displi-
