3884 6112
813 271 919 328 Lllililt
940 272 1081 336 petuas.
1788 289 1823 340 78

64 382 203 454 scriptam
218 383 255 438 ab
268 384 413 441 hereticis
427 385 641 456 effutiebantur,
656 406 672 444 e
685 390 790 463 quibus
811 409 876 448 cum
891 408 920 447 se

63 470 202 542 expedire
217 488 276 527 nou
290 478 388 546 posset
402 475 481 531 rudis
494 476 588 532 adhuc
601 482 630 533 et
643 478 816 537 Litterarum
831 498 921 537 sacra·

63 575 132 615 rum
142 559 634 632 imperitus,ineommsententiam
644 567 727 625 facite
737 570 919 626 concidebat:

63 664 124 720 qna
139 647 176 704 de
190 666 221 705 re
237 655 328 706 exstat
344 651 407 707 hmo
421 653 498 709 illius
512 654 548 710 ad
565 655 680 727 plebem
695 673 858 715 sermonem
872 660 919 714 ha·

62 736 162 792 beatis
176 737 288 794 sincera
309 740 466 796 confessio:
483 741 593 813 loquor
606 744 693 814 uobis,
709 746 858 816 aliquando
873 748 920 803 dc-

67 832 173 898 ceptus,
190 844 250 884 cam
261 832 353 900 prtmo
365 847 436 902 puer
446 833 484 887 ad
498 833 606 889 divinos
615 836 773 907 Scripturas
787 843 849 893 ante
862 840 921 895 ael-

64 916 118 970 lem
129 915 231 986 afferre
238 933 350 974 mamea
359 920 533 989 discutiendi,
540 939 622 992 quom
631 926 758 994 pietatem
767 926 918 995 quarendi:

64 1020 114 1073 epo
126 1006 188 1075 ipse
199 1010 295 1061 contra
306 1023 347 1062 me
359 1012 492 1078 peruersis
505 1012 625 1067 moribus
640 1011 797 1068 claudebam
804 1015 920 1085 januam

63 1096 176 1149 ltomtae'
189 1097 259 1151 mei:
275 1112 334 1151 mom
344 1099 457 1168 pulsare
470 1099 600 1162 deberem.
614 1107 645 1157 ut
658 1105 826 1173 operiretur3
840 1104 921 1160 adde-

62 1183 138 1250 bam,
156 1188 187 1238 ut
207 1185 388 1244 clauderetur.
404 1189 540 1260 Superbus
555 1193 626 1246 ealm
645 1192 778 1248 audebam
791 1208 919 1263 quaerere,

62 1271 139 1342 qaod
152 1274 211 1328 nesi
221 1275 333 1332 humilis
342 1292 397 1332 aaa
408 1283 497 1348 potest
509 1281 641 1335 inuenire.
656 1282 717 1336 lfao
730 1283 800 1336 euim
808 1296 850 1335 me
864 1296 921 1350 per

62 1359 256 1429 mrbouerunt,
272 1379 332 1433 quae
348 1364 426 1420 mado
441 1365 517 1421 oobis
531 1382 641 1423 secanae
655 1369 685 1423 ia
698 1371 804 1424 nomiae
813 1371 921 1424 Domini

61 1454 87 1505 et
98 1465 225 1521 propono
242 1451 293 1521 (lte
307 1453 460 1510 concordia
474 1455 600 1511 ldatthaei
614 1460 642 1511 et
658 1457 741 1512 Lucre
755 1455 921 1513 intexendo

61 1537 172 1593 Christi
191 1539 383 1614 genealogia),
404 1547 429 1598 et
452 1559 555 1614 ecpoao
576 1545 670 1611 (Serra.
688 1548 731 1614 bt,
747 1562 774 1601 a.
792 1547 830 1618 6).
845 1547 919 1602 Scri·

61 1632 165 1699 pturas
179 1643 294 1701 quoque
310 1630 414 1686 veteris
435 1632 619 1701 Testamenti,
635 1638 663 1689 et
677 1651 724 1690 eas
739 1635 919 1707 potissimum

61 1717 197 1772 solebant
225 1718 373 1774 llanichaei
396 1719 567 1792 vituperare,
589 1738 622 1776 ac
649 1739 682 1777 ea
710 1723 920 1796 vituperatione

66 1805 203 1861 intirmos
221 1810 251 1862 et
273 1809 419 1879 parrulos,
435 1825 494 1865 non
508 1809 688 1866 inuenientes
702 1813 846 1884 quamodo
864 1813 921 1870 illis

41 1909 43 1912 ’
62 1894 287 1966 responderent,
302 1895 423 1951 irridere
437 1901 524 1969 atque
538 1897 670 1970 decipere
683 1898 730 1972 (lie
745 1901 809 1958 lica.
824 1908 918 1958 contm

62 1983 240 2050 Houtehaeos,
263 1984 311 2039 lib.
332 1988 358 2055 1,
377 2002 405 2041 a.
426 1987 463 2058 2).
484 1986 626 2042 Praeterea
643 1987 806 2057 difficultas,
832 2006 919 2062 quom

62 2073 95 2128 iu
109 2072 193 2140 mali,
217 2073 379 2144 prasertim
397 2074 474 2146 quod
492 2075 615 2147 agimus,
635 2076 746 2149 origiue
760 2077 920 2150 detegenda

63 2158 241 2231 patiebatur,
258 2176 324 2216 eum
339 2161 370 2216 in
388 2161 461 2218 hano
474 2163 607 2220 haeresim
622 2164 735 2221 induxit
748 2166 834 2239 (Cous.
855 2168 873 2221 l.
892 2171 918 2236 3,

63 2264 124 2320 cop.
137 2253 168 2317 ’1,
182 2265 212 2317 a,
226 2251 286 2317 itt:
302 2266 370 2306 nam
382 2267 464 2307 mens
479 2253 540 2326 ejus
552 2254 605 2309 hac
619 2254 806 2327 inquisitione
820 2257 921 2313 defati-

65 2345 143 2408 gata,
160 2353 229 2394 cum
245 2338 324 2395 nulla
337 2339 393 2410 ipsi
407 2341 442 2396 ad
458 2357 521 2397 eam
536 2343 583 2398 lox
598 2343 758 2416 affulgeret,
774 2345 856 2402 facile
869 2346 919 2402 ed-

65 2427 152 2483 ducta
168 2432 221 2494 est,
244 2432 276 2482 ut
301 2429 378 2484 malo
398 2446 498 2485 rerum
519 2435 717 2505 aeternumque
731 2435 918 2507 principium,

67 2515 126 2571 lieo
145 2519 297 2588 tamquam
315 2517 402 2573 solius
419 2518 488 2576 boni
501 2520 643 2593 principio
658 2524 833 2579 contrarium
854 2541 919 2579 curu

65 2603 178 2659 insanis
190 2604 250 2659 iltis
269 2606 469 2679 deceptoribus
487 2608 647 2682 attingeret.
662 2610 793 2668 Scientiae
813 2614 919 2685 quippe

63 2692 201 2764 praesidio
212 2693 374 2763 destitutus,
385 2697 518 2768 captiosis
528 2698 645 2755 illorum
655 2701 842 2772 argumentis,
854 2719 919 2758 cum

64 2781 99 2837 ab
109 2798 156 2849 eo,
165 2787 341 2855 quaererent,
356 2785 432 2840 uude
443 2787 562 2855 malum,
574 2804 633 2843 uon
646 2793 759 2860 poterat
771 2791 918 2848 obsistere.

99 2873 125 2925 2.
146 2872 213 2927 Post
228 2871 278 2926 ubi
297 2873 459 2929 Manichaeis
472 2891 579 2931 nomen
597 2876 713 2933 dederat
731 2879 919 2951 Augustinus,

65 2959 136 3015 nihil
152 2959 198 3015 illi
213 2961 360 3034 antiquius
373 2962 436 3030 fuit,
454 2980 540 3037 quam
556 2969 589 3020 ut
603 2970 739 3038 suscepta
755 2983 812 3022 ase
826 2968 916 3023 hacre-

66 3065 128 3105 seos
138 3049 254 3122 placitis
267 3055 352 3123 atquo
361 3052 500 3108 institutis
506 3053 635 3109 animum
645 3054 753 3111 affatim
766 3054 917 3112 imbueret.

67 3132 920 3215 illosigiturscduloaodiit,eorumfigmentaomniacuriose

67 3221 228 3295 indagavit,
242 3222 278 3277 iis
297 3223 385 3280 tidem
398 3229 507 3281 temere
525 3226 671 3298 prebuit,
690 3229 860 3300 quinetiam
874 3231 918 3285 in·

68 3315 178 3367 stanter
192 3327 236 3377 ea,
254 3312 359 3383 quibus
373 3313 479 3386 potuit,
494 3316 644 3387 persuasit,
659 3320 688 3372 et
702 3318 837 3374 adversus
849 3319 920 3375 alios

66 3401 254 3472 pertinaciter
268 3401 453 3475 animoseque
468 3403 606 3461 defendit.
624 3406 680 3461 Nec
695 3407 787 3463 defuit
800 3409 918 3463 consilio

64 3494 89 3544 et
107 3489 230 3545 conatui
242 3491 397 3547 temerario
415 3509 561 3548 successus
577 3495 726 3564 secundus,
744 3492 919 3569 usqueadeo

64 3583 94 3634 ut
107 3578 199 3635 tidem
212 3579 381 3635 catholicam
399 3580 560 3638 miserrima
579 3583 919 3658 acfuriosissimaloqua-

977 395 1104 450 latebant
1123 395 1234 468 llagitia
1256 414 1379 470 quorum
1398 401 1639 460 insimulabantur
1659 406 1824 462 Manichaei:

975 482 1037 538 hacc
1052 484 1126 539 enim
1145 486 1181 540 ad
1204 486 1312 542 Electus
1331 490 1506 559 spectabant.
1522 492 1627 548 Eorum
1642 494 1824 550 solummodo

976 571 1144 628 interfuerat
1160 574 1294 643 orationi,
1315 575 1346 630 in
1361 594 1418 649 qna
1437 579 1510 635 nihil
1525 585 1608 654 turpe
1621 583 1825 639 animadverte·

975 665 1028 729 rat,
1043 661 1099 717 nisi
1118 663 1194 735 quod
1210 681 1323 738 semper
1338 668 1374 723 ad
1389 669 1477 725 solem
1491 687 1520 726 se
1535 676 1742 729 converterent.
1759 674 1826 729 lllos

975 766 1088 823 quoque
1105 753 1311 810 Eucharistiam
1326 755 1454 829 recipere
1469 759 1599 816 audierat
1615 779 1622 829 3
1644 761 1714 834 quid
1727 767 1824 818 autem

974 839 1145 912 acciperent,
1158 847 1186 896 et
1200 843 1314 914 quaudo
1327 845 1497 917 acciperent,
1512 847 1662 921 ignorabat
1676 867 1683 906 :
1695 851 1824 923 quamvis

974 928 1071 983 omnia
1090 935 1173 984 sectae
1197 931 1283 1003 lruJ‘us
1300 933 1409 1005 flagitia
1425 934 1544 1006 quidam
1559 953 1593 993 ex
1613 938 1780 995 adversariis
1794 939 1824 995 in

974 1031 1041 1071 eum
1056 1018 1240 1087 contulerint,
1254 1019 1478 1077 catechumenos
1493 1023 1551 1079 sive
1568 1026 1719 1083 Auditores
1738 1026 1826 1083 blani-

974 1104 1128 1171 chaeorum,
1150 1105 1295 1177 baptisma
1313 1125 1413 1165 eorum
1438 1113 1578 1183 recepisse
1590 1113 1662 1169 falso
1683 1116 1822 1171 arbitrati.

974 1193 1155 1265 Singularem
1169 1195 1356 1251 solemnitatis
1367 1199 1509 1254 Paschalis
1521 1202 1630 1257 cultum
1644 1203 1779 1259 hauserat
1788 1203 1823 1259 ab

975 1283 1096 1339 Ecclesia
1125 1283 1264 1338 catholica
1291 1287 1476 1358 Augustinus,
1502 1305 1589 1360 quem
1615 1291 1690 1347 diem
1718 1292 1823 1348 festum

974 1370 1824 1454 llauichaeinullapropemodumcelebritate,uullisvigiliis,

973 1460 1053 1514 nollo
1067 1460 1224 1532 prolixiore
1242 1462 1364 1534 jejunio,
1385 1465 1465 1519 nullo
1480 1465 1603 1538 denique
1617 1467 1760 1524 festiviore
1775 1486 1824 1542 ap·

974 1548 1077 1612 paratu
1091 1545 1223 1602 colebant
1237 1550 1350 1619 (Contra
1363 1551 1453 1620 Epist.
1469 1551 1622 1617 Manichaei,
1639 1566 1666 1606 a.
1683 1554 1719 1621 9).
1738 1553 1824 1624 Cujus

974 1631 1015 1685 rei
1026 1649 1140 1689 causam
1151 1636 1255 1706 saepius
1264 1637 1299 1691 ab
1309 1637 1350 1692 eis
1359 1637 1554 1693 sciscitabatur
1566 1656 1572 1694 :
1586 1640 1633 1694 sed
1644 1641 1759 1696 cumilli
1767 1642 1820 1698 sub

974 1720 1050 1775 idem
1063 1726 1176 1794 tempus
1188 1724 1334 1781 Manichaei
1345 1726 1389 1780 sui
1402 1731 1526 1781 mortem
1538 1726 1645 1799 insigni
1654 1726 1761 1801 pompa
1776 1746 1822 1786 oe-

973 1810 1126 1875 lebrarent,
1136 1813 1304 1885 religionem
1315 1819 1343 1870 ct
1353 1816 1572 1878 venerationem,
1584 1834 1640 1888 qua
1652 1834 1762 1875 sacram
1773 1821 1824 1875 Pa·

973 1899 1040 1953 scha
1049 1901 1184 1972 prosequi
1195 1908 1388 1971 consueverat,
1401 1904 1431 1957 in
1443 1904 1516 1958 hanc
1526 1904 1587 1975 ipse
1596 1907 1822 1966 transfundebat.

1009 1989 1035 2042 4.
1053 1988 1123 2043 Cum
1139 1988 1169 2043 in
1185 1989 1344 2046 ldauichaeis
1363 2007 1465 2062 parum
1485 1992 1612 2062 praesidii
1631 1999 1660 2049 et
1678 1994 1823 2051 firmitatis

974 2077 1125 2148 reperiret,
1141 2094 1221 2149 spem
1236 2083 1265 2132 et
1279 2079 1394 2151 negotia
1407 2081 1508 2136 mundi
1522 2097 1582 2136 nou
1598 2081 1724 2150 dimisit;
1742 2083 1823 2155 cujus

974 2182 1071 2222 amore
1086 2165 1178 2221 teneri
1192 2182 1252 2221 nou
1265 2166 1383 2236 destitit,
1408 2169 1546 2240 quamdiu
1565 2186 1614 2225 eos
1637 2175 1760 2226 sectatus
1782 2176 1825 2226 est

975 2254 1020 2324 (lle
1036 2252 1159 2308 Utilitate
1176 2254 1313 2315 credendi,
1332 2270 1361 2309 a.
1383 2255 1422 2326 t).
1443 2256 1549 2313 Passim
1567 2261 1688 2312 testatur
1703 2273 1732 2312 se
1746 2262 1823 2313 totos

974 2356 1077 2395 novem
1091 2356 1180 2394 annos
1201 2341 1419 2396 Manichaeorum
1446 2348 1530 2397 sectae
1554 2343 1642 2400 fuisse
1665 2345 1822 2404 addictum.

974 2428 1140 2484 Videbimus
1154 2444 1220 2484 eum
1236 2428 1309 2484 infra
1328 2429 1480 2485 Mediolani
1495 2433 1694 2488 tantummodo
1715 2432 1821 2489 abillis

973 2517 1119 2572 discessise
1141 2535 1216 2573 anno
1241 2518 1439 2573 trecentesimo
1462 2521 1636 2591 octogesimo
1652 2521 1762 2593 quinto.
1780 2523 1823 2577 Ita

973 2606 1125 2662 dicendum
1138 2611 1220 2667 esset.
1237 2623 1303 2662 eum
1319 2606 1349 2661 in
1364 2607 1438 2662 hanc
1452 2608 1584 2664 haeresim
1598 2609 1732 2666 incidisse
1746 2626 1822 2666 auno

974 2695 1174 2750 trecentesimo
1203 2695 1414 2766 septuagesimo
1438 2702 1527 2751 sexto.
1555 2698 1619 2768 lpse
1643 2698 1822 2769 Augustinus

974 2799 1078 2838 novem
1092 2784 1137 2838 his
1156 2783 1250 2852 anuis,
1265 2784 1370 2855 quibus
1384 2784 1553 2839 htanichaeos
1565 2786 1666 2854 audiit,
1681 2804 1711 2841 se
1728 2788 1824 2844 h'austi

974 2872 1126 2927 adrentum
1141 2875 1316 2943 exspectasse
1337 2872 1456 2926 testatur
1483 2872 1570 2943 (Cous.
1592 2875 1639 2928 lib.
1662 2876 1688 2943 b,
1715 2891 1776 2946 cop.
1795 2879 1821 2943 6,

972 2975 1001 3015 a.
1019 2962 1075 3029 lm:
1093 2961 1210 3014 Faustus
1220 2958 1273 3014 iste
1284 2961 1346 3031 jam
1360 2960 1523 3028 advenerat,
1539 2961 1699 3032 Augustino
1715 2978 1823 3018 anuum

975 3049 1066 3103 aetatis
1076 3047 1333 3119 undetrigesimum
1345 3047 1548 3118 agentalfbid,
1565 3064 1625 3119 cap.
1641 3053 1669 3114 3,
1681 3065 1709 3104 u.
1727 3051 1763 3120 3),
1774 3050 1825 3122 qui

974 3136 1078 3193 Christi
1098 3141 1158 3192 erat
1182 3136 1399 3191 trecentesimus
1418 3137 1608 3208 octogesimus
1626 3137 1735 3194 tertius.
1767 3139 1822 3194 llos

973 3224 1070 3296 itaque
1082 3241 1184 3280 uorem
1199 3242 1289 3280 annos
1304 3241 1456 3280 numerare
1467 3205 1607 3281 debemus
1620 3225 1655 3280 ab
1666 3242 1741 3280 auno
1754 3231 1822 3282 uta·

972 3312 1009 3367 tis
1023 3313 1101 3369 illius
1115 3313 1264 3386 vigesimo,
1282 3314 1385 3369 Christi
1399 3315 1598 3369 trecentesimo
1613 3315 1823 3387 septuagesimo

974 3407 1095 3473 quart03
1111 3403 1188 3458 etde
1203 3402 1305 3458 iisdem
1319 3403 1402 3458 annis
1416 3402 1577 3474 intelligere
1589 3403 1667 3475 quod
1681 3402 1744 3475 ipse
1758 3404 1824 3459 seri·

973 3490 1024 3556 bit,
1042 3508 1072 3546 se
1093 3508 1146 3562 per
1164 3508 1267 3547 uorem
1284 3509 1384 3560 annos,
1401 3492 1539 3546 nimirum
1550 3493 1594 3547 ¹ab
1609 3493 1823 3564 undevigesimo

973 3580 1064 3636 aetatis
1079 3597 1137 3635 suae
1152 3597 1228 3635 anno
1243 3582 1279 3636 ad
1293 3580 1568 3652 duodetrigesimum
1582 3596 1673 3652 usque
1688 3582 1822 3653 (comple-

63 3669 148 3724 citate
169 3672 294 3723 vastasse
317 3686 356 3729 se.
377 3670 479 3742 lugens
498 3677 633 3743 agnoscat
648 3677 694 3743 (lie
707 3677 780 3730 Dana
791 3691 917 3746 persece—
973 3669 1046 3741 tum)
1068 3670 1155 3724 fuisse
1173 3669 1322 3725 seductum
1337 3673 1366 3724 ct
1379 3669 1450 3724 alios
1465 3669 1608 3724 seduxisse
1624 3670 1715 3741 (lbtd,
1731 3672 1768 3726 lib
1794 3673 1823 3741 4,

62 3760 171 3824 raatiae,
187 3774 217 3813 n.
232 3761 284 3820 53).
301 3758 467 3830 Complures
481 3759 629 3832 imperitos
644 3762 777 3817 futilibus
789 3764 919 3834 quaestio-
972 3776 1032 3829 cap.
1047 3763 1071 3827 t,
1087 3775 1115 3814 a.
1135 3758 1171 3830 1).
1182 3759 1225 3813 fta
1238 3757 1333 3813 ridere
1344 3758 1419 3825 licet,
1436 3764 1514 3827 eram,
1529 3774 1594 3814 cum
1609 3760 1736 3831 primum
1749 3759 1824 3815 Cice-

63 3862 135 3903 uum
150 3847 277 3917 argutiis
296 3847 450 3919 exagitavit
464 3848 552 3919 (Cous.
570 3851 617 3905 lib.
635 3855 662 3921 3,
677 3866 737 3921 cap.
756 3853 797 3920 tt,
813 3869 842 3906 a.
862 3855 917 3923 tt),
972 3849 1050 3903 roais
1065 3848 1249 3904 Hortensium
1264 3846 1335 3919 legit
1349 3863 1424 3902 auno
1441 3847 1533 3903 aciatis
1553 3848 1664 3903 decimo
1680 3865 1757 3904 nono
1773 3854 1824 3904 aut

63 3941 89 3991 et
103 3935 269 3991 amicorum
280 3936 422 4008 plurimos
437 3937 548 4010 decepit
562 3955 569 3993 :
586 3939 765 4011 praecipuum
780 3937 856 3995 iuter
871 3957 918 3996 eos
973 3937 1122 4009 vigesimo,
1134 3936 1392 3992 inhtonichaeorum
1405 3935 1536 3993 timresim
1545 3936 1631 3991 fuisse
1643 3937 1821 4009 prolapsum.

60 4023 211 4096 Alypium,
229 4024 265 4079 de
287 4040 345 4096 quo
365 4024 439 4080 infra
453 4026 569 4098 saepius,
586 4032 615 4082 ot
626 4028 838 4085 Romaniauum
853 4031 918 4085 ldae·
974 4026 1070 4098 Neque
1084 4042 1151 4081 uero
1164 4027 1258 4082 statim
1275 4027 1311 4081 ab
1326 4025 1553 4096 annovigesimo
1568 4031 1664 4083 octavo
1682 4029 1731 4081 aut
1745 4026 1822 4098 rige-

61 4116 199 4168 cenatum
211 4128 305 4179 suum,
322 4113 424 4170 iisdem
439 4116 583 4171 erroribus
596 4116 725 4172 involvit.
740 4118 917 4172 llouoratum
973 4115 1046 4169 simo
1062 4131 1139 4170 nono
1155 4132 1184 4170 se
1197 4116 1232 4172 ab
1248 4115 1303 4170 illis
1316 4114 1435 4170 omnino
1445 4114 1593 4186 disjunxit,
1608 4115 1657 4170 sed
1672 4130 1721 4169 eos
1735 4114 1824 4186 pluri·

61 4217 192 4275 qnoque,
213 4201 361 4258 hominem
379 4204 508 4260 nondum
523 4205 641 4276 quidem
655 4204 853 4277 christianum,
868 4207 917 4262 sed
972 4220 1052 4258 nrum
1069 4203 1187 4259 fastidiit
1201 4220 1207 4272 ;
1222 4220 1316 4277 neque
1328 4204 1367 4259 sic
1380 4208 1502 4259 sectatus
1515 4207 1566 4263 est,
1583 4203 1639 4256 nisi
1651 4202 1720 4257 dum
1737 4202 1822 4274 quid·

62 4291 125 4346 reri
148 4290 318 4346 inveniendi
342 4292 436 4348 studio
452 4292 633 4365 flagrantem,
653 4294 823 4364 Maniohaeis,
847 4312 919 4368 quos
971 4292 1050 4364 piam
1079 4292 1183 4348 melius
1204 4293 1260 4365 ipsi
1281 4297 1442 4348 occurreret
1465 4292 1555 4361 (ibid,
1583 4291 1651 4346 libro
1668 4294 1695 4362 5,
1716 4307 1776 4363 cap.
1794 4295 1820 4355 7,

62 4379 254 4435 vehementer
268 4379 476 4449 exsecrabatur,
493 4381 655 4437 conciliarit
678 4382 795 4438 tandem
817 4387 845 4438 et
866 4385 917 4439 ad·
970 4397 1018 4436 nu.
1040 4385 1081 4450 lt,
1098 4383 1150 4450 13).

59 4466 160 4539 junxit
174 4466 223 4539 (lle
240 4469 363 4525 Utilitate
376 4469 513 4538 oredmdi,
527 4470 604 4539 mit).
1007 4474 1033 4525 5.
1059 4470 1220 4525 Mounicam
1244 4469 1396 4540 AugustIni
1423 4470 1518 4540 lapsus
1542 4467 1572 4523 in
1595 4467 1730 4524 haeresim
1751 4469 1822 4524 adeo

97 4560 125 4612 3.
143 4556 279 4613 Ceterum
299 4574 332 4613 ex
348 4559 554 4615 consuetudine
566 4563 595 4615 et
610 4558 815 4629 familiaritate,
831 4577 918 4632 quam
972 4556 1112 4612 nefariam
1134 4555 1300 4628 gravissimo
1327 4556 1421 4610 dolore
1446 4545 1575 4627 pe‘rculit.
1595 4557 1783 4611 aberrantem
1806 4573 1823 4611 a

63 4660 132 4700 cum
157 4644 302 4701 hereticis
319 4646 376 4701 iltis
399 4651 581 4703 contraxerat
605 4648 792 4720 Augustinus,
817 4666 866 4704 eos
888 4649 918 4704 in
973 4644 1129 4701 fidetilium
1137 4643 1821 4716 maternonmitiusdellebat,quamsisupremo

65 4731 194 4786 aliorum
206 4732 576 4805 opinionibusdestrnendis
584 4736 676 4809 magis
690 4735 820 4804 disertos,
831 4753 918 4809 quum
972 4734 1073 4789 funere
1088 4734 1256 4789 extulisset:
1282 4733 1340 4787 imo
1361 4735 1440 4787 tanto
1460 4730 1599 4800 acerbius,
1615 4737 1723 4804 quanto
1737 4733 1821 4788 intel·

63 4820 96 4875 iu
106 4819 168 4876 suis
176 4822 339 4877 astruendis
350 4822 449 4878 firmos
460 4839 522 4879 esse
534 4824 814 4897 cognovit(lbid.).ld
825 4826 919 4898 ipsum
973 4821 1076 4894 ligaret
1090 4820 1156 4877 ritoe
1176 4821 1291 4876 mortali
1308 4825 1445 4892 praestare
1459 4821 1663 4890 immortalem,
1678 4823 1759 4894 cujus
1773 4822 1822 4878 ille

64 4908 191 4976 obstitit,
206 4909 361 4981 quominus
375 4910 417 4966 eis
431 4912 546 4984 penitus
562 4913 736 4969 adhereret:
749 4915 818 4971 adeo
829 4920 920 4970 uteos
973 4926 1054 4982 spem
1077 4911 1175 4966 lethali
1188 4911 1330 4965 hereseos
1344 4910 1461 4964 vulnere
1481 4909 1511 4963 in
1527 4926 1556 4965 se
1573 4910 1728 4980 peremisse
1743 4909 1821 4966 ride·

63 5002 149 5054 caute
167 5014 201 5052 ac
220 4998 321 5055 timide
340 5005 516 5073 sequerotur,
534 5017 621 5073 seque
639 5002 670 5057 in
689 5020 810 5059 numero
830 5004 920 5060 Audi·
973 5001 1074 5056 batur:
1086 5002 1151 5058 Cam
1159 5015 1210 5070 pro
1223 5015 1264 5054 me
1278 5001 1352 5068 teret
1364 4999 1401 5053 ad
1411 5003 1436 5054 tc
1443 5004 1529 5054 mater
1538 5016 1607 5065 nicer,
1618 4998 1723 5071 inquit,
1733 4999 1822 5069 {idelis

61 5092 161 5143 torum
173 5087 343 5157 contineret,
357 5089 406 5162 qui
420 5090 525 5163 gradus
537 5091 612 5163 apud
634 5091 699 5146 illos
714 5092 831 5148 intimos
846 5098 917 5162 orat,
974 5095 1032 5159 tua,
1051 5091 1169 5161 amplius
1184 5104 1266 5158 quom
1280 5091 1344 5157 fleret
1359 5093 1459 5143 matres
1473 5103 1600 5158 corporea
1618 5090 1717 5156 flaura
1728 5087 1820 5157 (ibid,

69 5176 208 5249 idemque
221 5193 314 5250 prope
324 5179 376 5249 qui
385 5178 662 5235 Catachumenorum
672 5179 701 5234 io
713 5181 835 5237 Ecclesia
846 5184 920 5253 (Gon-
974 5181 1022 5235 lib.
1038 5182 1063 5248 3,
1085 5194 1144 5249 cap.
1165 5181 1205 5240 11,
1228 5194 1256 5232 a.
1289 5178 1340 5247 19).
1357 5178 1436 5232 lllius
1455 5176 1669 5232 conversionem
1689 5173 1821 5247 plurimis

67 5271 112 5321 tro
125 5267 195 5323 litt.
214 5268 305 5335 Petit,
324 5267 370 5322 lib.
386 5271 413 5335 3,
428 5284 457 5322 n.
472 5268 529 5341 aa).
545 5269 643 5340 Neque
657 5269 735 5324 enirn
749 5270 921 5327 hlanichmo-
976 5286 992 5324 a
1006 5270 1064 5324 Deo
1086 5266 1217 5338 lacrymis
1230 5266 1395 5337 postularit.
1409 5265 1590 5332 Precabatur,
1601 5263 1820 5365 [quotquotjdo·

66 5370 135 5410 rum
148 5355 300 5427 presbyter
327 5355 392 5424 fuit,
414 5361 448 5412 ut
466 5356 508 5413 illi
526 5361 628 5428 postea
646 5373 706 5412 nou
720 5374 805 5414 uerno
819 5376 921 5432 expro·
976 5374 1046 5415 neas
1059 5355 1235 5422 inveniebat,
1246 5360 1279 5411 ut
1287 5371 1353 5411 cum
1361 5354 1421 5410 filio
1431 5369 1593 5409 sermonem
1613 5350 1775 5408 conferrent
1784 5353 1821 5408 ad

65 5442 160 5499 brarit
176 5443 269 5515 (lbid.)
282 5465 291 5514 ;
304 5460 360 5501 nec
380 5444 498 5510 Electus,
517 5446 572 5502 hoc
590 5448 643 5514 est,
663 5462 763 5503 eorum
777 5448 921 5520 mysteriis
977 5462 1088 5505 errores
1097 5444 1175 5500 illius
1184 5443 1368 5515 refellendos,
1381 5447 1470 5515 utque
1480 5459 1546 5498 eum
1556 5439 1681 5496 veriiatis
1692 5441 1822 5497 doctrina

64 5529 208 5590 imitiatus
227 5535 338 5607 (Contra
357 5535 545 5603 Fortrmotum,
559 5551 590 5591 a.
606 5535 643 5608 3).
663 5534 843 5608 Quapropter
856 5553 921 5593 cum
976 5535 1138 5593 imbuentes
1152 5549 1169 5589 a
1183 5532 1304 5589 falsitate
1325 5537 1501 5587 revocarant.
1521 5527 1575 5585 Sed
1589 5527 1712 5585 nimium
1730 5528 1822 5586 adhuc
