3884 6112
692 213 798 270 bruun
829 212 1005 272 OCTAVUS.

70 334 219 407 ucjnbetur
229 336 325 404 (Epist.
335 336 397 399 228,
410 350 437 388 n.
446 338 482 401 ir.
496 335 553 388 lloc
562 333 825 406 demumadditpro

69 422 292 489 ide„consilinm
306 422 336 476 in
350 421 395 477 his
408 422 618 478 calamitatibus
632 425 744 479 nullum
758 441 825 480 con·

73 511 128 567 lius
143 511 280 582 relinqui,
291 527 380 582 qnam
395 516 428 564 ut
442 509 627 580 confugiatur
640 513 674 567 ed
689 512 827 567 orationis

69 599 251 671 lium,atque
263 600 367 655 obnixe
378 599 824 670 diviuaclementiairnploretur.

80 704 112 744 ex
132 689 187 743 hac
210 688 330 756 epistola
349 687 480 756 judicare
502 693 553 756 est,
570 689 715 744 Calamam
725 690 827 744 urbem

69 793 104 833 ue
121 777 285 847 complures
297 793 315 830 a
327 776 437 830 ciribns
451 776 571 831 omuino
587 777 712 831 desertas
727 794 759 831 ac
777 777 826 831 de·

69 882 81 921 s
105 865 210 929 fuisse,
236 864 352 936 qnando
374 864 528 925 Possidins,
553 864 604 935 qui
625 865 662 919 ab
676 865 827 936 Augustini

70 954 129 1019 itia,
145 969 232 1025 quam
258 958 300 1008 tot
320 953 464 1025 tantisque
486 953 618 1008 laudibus
632 953 826 1024 prosequitur,

70 1044 125 1098 lere
139 1058 289 1113 nunquam
300 1041 329 1096 in
341 1042 470 1096 animum
486 1041 654 1106 induxisset,
669 1057 728 1095 sese
743 1045 827 1113 atque

70 1131 196 1188 luitimos
212 1130 351 1185 antistites
363 1131 524 1201 Hipponem
540 1129 697 1201 perfugisse
708 1133 828 1185 testatur

70 1221 134 1287 lius,
151 1223 181 1273 in
194 1222 259 1276 l’itn
271 1220 403 1286 August,
416 1236 439 1273 e.
455 1219 510 1288 28).

315 1308 429 1363 CAPUT
445 1309 488 1362 lx.

70 1414 141 1455 mum
154 1413 221 1468 epus
231 1400 261 1452 in
271 1399 411 1453 luliorrnm
420 1402 530 1452 selectus
544 1399 641 1451 tinctor
658 1397 827 1463 conceditur.

70 1503 81 1541 ι
103 1486 264 1554 colloquium
290 1487 364 1540 senil
394 1500 454 1539 curn
482 1486 633 1540 liccimino
658 1485 829 1539 Aricncrum

70 1589 147 1645 copo,
163 1589 242 1644 quem
257 1577 282 1628 cl
301 1573 381 1628 editis
396 1573 474 1628 libris
498 1576 631 1639 confutet.
646 1576 661 1627 3
676 1574 829 1632 lfcnimum

70 1664 172 1719 triano
185 1663 280 1716 teresi
289 1661 624 1728 conuersumndbortotnr,
638 1665 667 1715 nt
680 1676 741 1716 suos
753 1661 830 1716 elios·

80 1752 169 1806 eodem
186 1766 275 1805 encre
290 1751 442 1820 implicates
457 1750 494 1804 cd
512 1751 670 1804 corbolicum
684 1749 764 1819 fldem
779 1749 829 1803 cd-

70 1856 111 1897 ere
142 1839 260 1895 student.
293 1840 309 1893 l
335 1839 445 1905 nerenn
470 1839 622 1895 Sermonem
649 1838 828 1895 Arionorurn.

70 1931 226 1999 ulloquium
251 1944 310 1983 curn
328 1929 468 1983 Poscmlic
491 1927 576 1980 cidem
599 1925 714 1982 Arione
736 1929 831 1982 baresi

70 2018 127 2074 'icto
137 2019 248 2086 scriptis
259 2016 295 2071 cd
309 2015 429 2070 eumdem
444 2016 541 2070 litteris
556 2015 673 2081 content.
691 2017 706 2070 6
721 2015 831 2084 Elpidic

70 2106 114 2162 lde
125 2107 270 2160 trinitatis
285 2106 390 2158 erranti
397 2103 530 2158 rescribit.

71 2209 93 2249 n
105 2193 156 2248 illa
170 2193 258 2248 totins
271 2192 373 2247 Africae
394 2191 561 2256 vastatione,
581 2190 651 2244 dum
664 2206 698 2243 eo
718 2192 831 2244 tanturn

70 2281 183 2337 lberam
194 2281 325 2352 plerique
345 2296 455 2344 omnes,
474 2284 504 2333 ut
518 2281 561 2334 vel
575 2278 677 2349 patriae
691 2277 832 2333 laboranti

81 2369 200 2437 terrent,
221 2370 264 2424 rel
280 2385 341 2423 sese
367 2369 466 2421 sallem
482 2367 627 2439 eriperent
645 2367 681 2422 ab
695 2365 829 2432 interitu;

71 2473 99 2513 rs
115 2457 240 2512 Antistes
253 2457 416 2512 institutum
436 2455 623 2510 nihilominus
636 2470 720 2508 sunm
735 2454 766 2508 in
785 2452 832 2508 ad-

71 2545 108 2602 da
119 2544 262 2600 conanus
274 2543 333 2598 suis
346 2543 490 2598 laboribus
501 2542 632 2605 Ecclesia,
640 2557 829 2613 propugnan-

71 2649 79 2688 ι
94 2633 228 2688 adversus
241 2632 317 2686 illius
331 2632 427 2686 bosles
441 2629 561 2685 veritate
573 2647 604 2684 ac
620 2631 685 2700 tide,
698 2634 832 2684 constan·

71 2723 236 2779 nebettam
251 2727 317 2775 ante
331 2721 511 2775 observatum
526 2718 609 2773 nobis
623 2723 676 2786 est,
690 2715 802 2788 scriptis
816 2733 833 2770 a

71 2828 98 2868 ιο
111 2811 142 2866 in
156 2812 282 2884 primum
305 2809 457 2880 Augustini
479 2807 586 2862 librum
611 2807 645 2862 de
673 2805 785 2876 Nuptiis
805 2809 833 2858 et

71 2899 221 2972 episcentia
244 2903 366 2969 quatuor
380 2897 471 2962 libris,
494 2900 627 2966 excerpta
648 2895 781 2966 quedam
796 2910 831 2947 ex

71 3005 101 3045 m
114 2987 208 3062 primo
224 2992 354 3042 sanctum
380 2987 528 3040 [lectorem
552 3000 604 3038 suo
620 2985 655 3039 de
676 2982 787 3055 Nuptiis
806 2987 834 3036 et

71 3077 224 3150 spisceutia
238 3076 362 3130 secunde
378 3075 515 3129 refutasse
527 3093 535 3141 3
549 3091 581 3128 ac
596 3078 696 3143 postea
710 3077 834 3143 quatuor

71 3170 189 3235 ntegros
203 3164 456 3235 adeptum,contra
469 3162 584 3217 eosdem
600 3160 684 3214 simul
698 3158 834 3229 prolixius

89 3253 174 3325 cujus
198 3251 345 3323 inscriptio
373 3252 404 3305 in
428 3249 688 3306 Retractationibus
707 3263 764 3302 non
778 3246 835 3300 alia

71 3359 103 3413 rr,
118 3342 174 3398 nisi
191 3360 197 3397 :
214 3343 312 3400 Contra
323 3342 466 3398 lulianum
477 3341 542 3395 libri
556 3355 615 3402 sec,
629 3337 758 3393 edidisse.
772 3338 835 3409 Aly-

73 3431 173 3489 ibrum
188 3431 222 3487 de
237 3431 350 3502 Nuptiis
365 3434 393 3484 el
418 3427 653 3499 Concupiscentia
679 3425 835 3480 secundnm

71 3520 121 3577 nde
136 3520 171 3576 ab
181 3535 258 3574 anne
271 3517 555 3590 quadringentesimo
577 3515 714 3587 vigesimo
729 3515 834 3585 primo,

71 3623 128 3664 nm
158 3607 321 3678 conjectura
346 3605 429 3661 nobis
452 3605 518 3660 licet
541 3604 664 3676 assequi,
689 3618 784 3657 secum
805 3601 836 3656 in

71 3712 100 3754 ιιι
113 3696 190 3752 tulit.
206 3697 265 3750 lloc
280 3699 374 3750 autem
387 3695 504 3749 adortus
515 3698 555 3749 est
567 3695 708 3747 maturata
717 3706 836 3761 respon-

82 3786 224 3852 lulianus,
239 3801 304 3839 curn
329 3801 377 3838 sex
399 3784 497 3850 libros,
524 3783 629 3854 quibus
656 3787 780 3852 quatuor
793 3779 837 3833 sni

71 3874 103 3931 nl
115 3873 320 3944 abAuguslino
336 3873 460 3938 fuerant,
473 3872 596 3925 necdum
611 3869 739 3941 cognitos
753 3869 839 3924 babe-

72 3962 300 4035 gnandoquidem
312 3976 348 4015 an
363 3977 412 4014 cos
423 3958 601 4030 Augustinus
612 3957 736 4028 legisset,
750 3955 839 4011 addu-

83 4051 189 4122 (Operis
213 4051 365 4119 imperfecti
389 4048 437 4103 lib.
467 4048 493 4113 l,
519 4063 547 4100 n.
573 4049 627 4113 38).
658 4046 715 4099 lsta
732 4043 839 4099 tuliani

72 4139 139 4195 ursio
153 4138 233 4194 libris
248 4143 310 4193 octo
325 4136 474 4191 constabat
488 4134 635 4205 inquibus
654 4137 716 4187 eret
729 4132 778 4187 ille
791 4149 838 4186 va·

72 4227 128 4285 uda
142 4226 310 4298 loquacitate
321 4242 381 4279 non
395 4224 536 4295 copiosus,
550 4222 597 4276 sed
608 4220 722 4276 odiosus
732 4220 782 4285 eis,
791 4220 841 4291 qui

72 4315 263 4372 rinherentes
277 4314 423 4384 superflua
437 4313 521 4368 uerba
537 4313 725 4366 contemnunt
743 4308 839 4378 (toln,

72 4409 92 4473 l,
106 4421 136 4461 n.
149 4404 206 4474 20).
235 4405 267 4458 ln
287 4404 342 4458 boc
364 4402 431 4457 scite
455 4399 629 4470 Augustinus
650 4398 772 4469 jocatur,
787 4396 840 4450 ait-

72 4494 157 4562 llum,
172 4491 314 4564 siquidem
336 4490 430 4545 eidem
455 4489 507 4543 rioe
530 4487 661 4542 insistere
685 4484 840 4551 constituit,

74 4583 121 4639 ins
135 4582 214 4637 mille
237 4581 394 4645 volumina,
419 4583 451 4632 ut
474 4594 520 4632 sex
545 4577 602 4631 suis
624 4575 713 4640 libris,
738 4575 842 4647 quibus

90 4676 215 4745 quatuor
229 4668 393 4733 confutarit,
420 4665 597 4736 respondeat,
624 4665 703 4718 nullo
726 4663 841 4733 negotio

72 4761 231 4815 »conficere
253 4759 343 4827 illici,
371 4757 419 4811 lib.
442 4759 466 4822 l,
492 4771 519 4808 n.
545 4756 597 4820 34;
624 4754 672 4809 tib.
696 4755 723 4819 4,
746 4769 774 4806 n.
802 4751 839 4823 ὅ).

73 4851 201 4903 clamen
218 4847 313 4900 minus
333 4849 471 4915 perpetuo
490 4842 635 4898 brevitatis
659 4841 786 4897 studium
802 4841 843 4911 ja-

72 4941 100 5005 n,
115 4935 236 5007 perinde
247 4934 310 4988 acsi
325 4935 424 4996 multa,
442 4949 507 5003 quae
522 4930 660 5002 potuisset
674 4930 840 5001 adjungere.

72 5025 166 5082 useel.
193 5023 263 5078 ilinc
277 5023 320 5076 illi
346 5021 522 5093 Augustinus
539 5037 545 5074 :
562 5019 623 5089 ldec
647 5025 741 5074 contra
761 5034 844 5072 urrnrn

72 5130 97 5169 ru
109 5128 197 5168 meum
225 5111 307 5167 libros
329 5117 385 5165 octo
398 5112 542 5180 scripsisti,
559 5112 626 5178 quic
640 5124 688 5178 per
703 5113 751 5161 tuo
771 5122 844 5161 corn-

72 5202 255 5257 icdicleeticc
270 5200 318 5254 din
342 5200 483 5269 disputare
504 5199 616 5252 notuisti
631 5196 722 5260 libid,
748 5194 794 5249 tib.
819 5197 843 5258 t,

73 5290 112 5362 l).
142 5288 195 5344 Sed
228 5304 263 5342 ne
292 5288 397 5342 librum
430 5287 546 5359 quidem
574 5284 725 5356 Augustini
754 5287 844 5337 totum

88 5378 149 5434 suis
176 5381 324 5450 oppugnat
355 5377 446 5446 (ibid,
481 5376 527 5429 lib.
560 5377 586 5439 2,
621 5390 648 5427 n.
687 5372 764 5442 lar),
787 5370 845 5424 imo

73 5482 106 5523 m
141 5466 203 5536 ejus
225 5470 338 5538 partem
358 5465 501 5529 refellens,
524 5461 568 5516 vix
594 5452 706 5516 tertiam
728 5459 843 5528 attingit

1684 223 1735 278 562

885 337 977 406 illm,
989 338 1035 393 lib.
1047 339 1074 403 4,
1095 355 1122 393 n.
1145 340 1182 408 5),
1200 339 1308 394 tiorum
1321 355 1369 392 ser
1384 338 1414 392 in
1433 339 1641 411 Augustiniana
1656 344 1736 397 relu-

884 427 995 482 latione
1010 426 1205 494 continentur,
1218 427 1247 481 in
1257 427 1362 498 quibus
1377 427 1533 483 Catholicos
1549 428 1593 482 rix
1609 445 1736 500 uuquam

883 515 967 570 aliter
981 515 1121 581 nominat,
1138 531 1225 587 qnam
1248 515 1440 571 traducianos
1463 519 1491 568 el
1510 504 1689 583 manichaeos«,
1705 534 1737 574 ac

883 604 1010 659 nranime
1025 611 1156 660 sanctum
1170 605 1343 667 Antistitem,
1360 621 1446 676 quern
1466 605 1525 660 illic
1540 621 1656 676 quoquc
1670 608 1736 662 Tra·

883 697 1024 748 ctatorem
1040 696 1158 749 Poenum
1172 694 1286 759 vocitat,
1309 693 1444 765 Alypium
1468 699 1563 748 antem
1584 696 1736 751 vernulam

884 786 1067 852 peccatorum
1082 782 1236 853 Augustini
1260 782 1353 853 (ibid,
1378 783 1426 837 tib.
1458 786 1482 848 t,
1511 799 1539 836 n.
1568 786 1604 852 7).
1632 784 1735 838 Verum

884 869 1012 924 convicia
1026 870 1075 924 illa
1091 871 1173 925 nihili
1201 870 1265 937 sibi,
1283 871 1326 924 rel
1350 871 1446 941 potius
1467 871 1564 940 magui
1587 871 1737 943 pendenda

885 962 968 1027 putat
982 959 1177 1029 Augustinns;
1194 961 1260 1028 quic
1275 959 1384 1029 quando
1407 976 1457 1029 pro
1468 961 1622 1024 defensione
1643 961 1735 1014 cctbo·

885 1048 944 1101 lice
958 1044 1200 1116 Jides'ocbaerctieis
1210 1048 1385 1103 contumelias
1395 1049 1486 1110 audio,
1503 1047 1607 1118 inquit,
1617 1050 1736 1118 proluu-

887 1135 969 1189 dibus
984 1135 1068 1188 babeo
1081 1135 1176 1202 (ibid,
1189 1136 1235 1190 lib.
1249 1138 1274 1202 3,
1288 1151 1349 1206 cop.
1368 1136 1420 1205 18).
1437 1135 1566 1190 lulianus
1580 1152 1651 1206 opus
1666 1136 1737 1190 illud

885 1237 969 1275 suurn
988 1221 1117 1276 inscribit
1134 1223 1226 1289 floro,
1239 1222 1315 1277 inter
1334 1224 1495 1294 Pelagianoe
1519 1222 1652 1278 factionis
1675 1224 1734 1294 epi·

885 1326 987 1381 scopos
1008 1310 1125 1378 celebri,
1150 1309 1232 1380 cnjus
1259 1316 1362 1381 rogatu
1386 1313 1429 1366 rel
1453 1312 1546 1382 polius
1569 1313 1736 1367 auctoritate

885 1402 1006 1469 paterna
1031 1398 1189 1453 adductum
1212 1415 1241 1453 se
1265 1398 1411 1469 predicat,
1432 1405 1465 1454 ut
1490 1400 1576 1454 misso
1598 1400 1737 1455 brevioris

886 1487 981 1556 operis
995 1486 1114 1542 consilio
1135 1503 1273 1558 magnum
1295 1488 1350 1541 hoc
1364 1489 1521 1558 susciperet
1535 1489 1630 1558 (ibid,
1646 1489 1692 1542 lib.
1712 1493 1736 1554 t,

885 1592 932 1629 ιιιι.
944 1579 972 1642 2,
984 1574 1024 1647 7).
1041 1577 1075 1630 Et
1088 1575 1144 1630 alio
1160 1575 1222 1630 loce
1242 1576 1312 1631 illud
1328 1576 1424 1631 oneris
1447 1577 1501 1631 sibi
1514 1593 1530 1631 a
1545 1577 1648 1631 sanctis
1672 1577 1738 1630 riris

886 1664 991 1736 atejus
1012 1665 1149 1736 temporis
1173 1664 1392 1731 confessoribus,
1414 1666 1468 1720 boc
1491 1671 1543 1731 est,
1570 1665 1605 1719 ab
1629 1664 1664 1718 iis
1688 1664 1739 1736 qui

887 1752 1032 1824 Pelagiani
1046 1753 1190 1824 dogmatis
1201 1769 1288 1807 causa
1303 1755 1514 1808 solnmverlere
1525 1742 1598 1823 jussi
1613 1753 1736 1818 fuerant,

887 1842 1056 1912 impositum
1070 1843 1159 1913 jactat
1173 1842 1266 1912 libid,
1281 1842 1328 1896 lib.
1348 1846 1372 1909 l,
1384 1857 1412 1895 n.
1429 1840 1484 1910 51).
1502 1841 1577 1895 Duos
1593 1842 1737 1896 Retracta·

887 1931 999 1984 tionum
1019 1930 1108 1985 libros
1118 1930 1179 2001 jam
1194 1930 1355 2000 absolverat
1376 1928 1564 1998 Augustinus,
1580 1944 1644 1982 curn
1661 1927 1738 1982 idern

887 2018 959 2073 illud
973 2035 1047 2090 opus
1060 2018 1155 2073 videre
1171 2017 1225 2072 sibi
1240 2016 1370 2088 contigit.
1385 2017 1494 2086 Nempe
1508 2016 1627 2086 Alypius
1642 2015 1695 2070 sub
1708 2014 1738 2070 id

887 2107 1027 2178 temporis
1041 2107 1125 2161 tertio
1140 2108 1259 2162 Romam
1275 2105 1429 2176 proiectus,
1458 2103 1529 2159 illud
1550 2105 1589 2159 ibi
1611 2120 1676 2158 cnm
1691 2119 1738 2157 ac·

887 2197 1019 2266 cepisset,
1035 2194 1163 2250 nondum
1187 2199 1277 2248 totum
1301 2193 1498 2263 descripserat,
1524 2208 1590 2246 cum
1611 2192 1738 2246 oblatam

887 2283 1064 2338 occasionem
1094 2280 1186 2335 noluit
1211 2281 1368 2352 praeterire,
1389 2297 1441 2352 per
1468 2297 1555 2350 quam
1576 2279 1738 2350 Augustino

887 2372 1017 2444 quinque
1044 2370 1170 2440 ejusdem
1201 2370 1295 2440 operis
1322 2370 1409 2425 libros
1434 2368 1737 2432 deferendoscnrarit,

887 2460 1058 2532 promittens
1073 2459 1145 2514 alios
1159 2462 1217 2512 tres
1231 2457 1286 2512 cito
1301 2473 1331 2511 se
1346 2473 1407 2510 essc
1421 2456 1585 2516 missurum,
1602 2455 1738 2508 mullum·

888 2565 943 2621 que
955 2547 1063 2603 instans
1077 2563 1114 2601 ne
1129 2546 1303 2616 respondere
1318 2545 1445 2600 differret
1460 2544 1561 2613 (Epist.
1577 2544 1640 2608 224,
1655 2558 1683 2596 n.
1696 2541 1738 2603 2).

888 2636 1063 2694 Revocandis
1077 2636 1111 2690 ad
1142 2649 1261 2688 eramen
1276 2632 1407 2704 Epistotis
1432 2647 1463 2686 ac
1478 2629 1665 2686 Sermonibns
1679 2627 1738 2683 suis

888 2732 955 2781 tunc
968 2739 1084 2796 operam
1104 2722 1188 2777 dabat
1202 2725 1315 2774 sanctus
1331 2721 1443 2784 Doctor,
1465 2723 1493 2772 et
1515 2717 1654 2789 plurimas
1679 2715 1738 2786 epi·

888 2816 1027 2870 stolarum
1038 2811 1098 2882 jam
1115 2811 1233 2881 legerat,
1249 2808 1361 2862 tametsi
1376 2806 1448 2861 nihil
1461 2806 1554 2860 adbuc
1568 2804 1635 2859 inde
1649 2803 1737 2858 dicta·

888 2906 978 2968 verat,
993 2915 1058 2954 cum
1073 2914 1138 2953 eum
1155 2896 1241 2952 etiarn
1253 2895 1301 2950 isli
1315 2894 1421 2950 tuliani
1443 2894 1508 2949 libri
1523 2907 1661 2962 occupare
1682 2907 1738 2945 cce·

888 2992 1002 3062 perant.
1018 2991 1124 3042 Atcnm
1136 2999 1383 3056 opernmsnornm
1394 2981 1620 3052 recognitionem
1631 2979 1739 3050 gravio·

890 3079 928 3133 ris
936 3078 1053 3132 duceret
1061 3075 1248 3138 necessitatis,
1258 3089 1345 3145 qnam
1356 3076 1389 3126 ut
1399 3070 1573 3126 dimittenda
1584 3069 1738 3135 rideretur,

889 3167 1002 3223 duobus
1015 3165 1093 3221 hisce
1112 3163 1268 3231 laboribus,
1292 3166 1326 3217 nt
1343 3162 1405 3232 jam
1430 3160 1621 3226 observatum,
1649 3157 1739 3212 otium

889 3269 973 3308 suum
987 3250 1028 3307 ita
1049 3251 1171 3323 partitus
1185 3253 1238 3313 est,
1254 3253 1286 3303 ut
1313 3247 1365 3302 uni
1390 3246 1528 3312 interdiu,
1551 3244 1635 3299 alteri
1657 3247 1738 3298 nocte

890 3341 1078 3398 incumberet.
1094 3339 1165 3394 Aliae
1179 3341 1276 3392 tamen
1291 3334 1525 3406 supervenientes
1535 3348 1610 3387 curte
1620 3333 1681 3399 eJus
1695 3346 1741 3400 ge·

890 3431 967 3486 neris
983 3426 1181 3495 commenti,
1211 3432 1243 3480 ut
1270 3441 1316 3479 eas
1343 3422 1490 3493 negligere
1517 3420 1739 3491 haudquaquam

891 3523 996 3591 posset,
1010 3518 1105 3589 ipsum
1116 3515 1194 3570 abeo
1210 3513 1290 3585 quod
1304 3511 1427 3566 babebat
1442 3509 1472 3563 in
1488 3507 1621 3562 manibus
1635 3509 1740 3560 averte·

892 3612 969 3662 runt.
984 3605 1099 3660 tuliano
1123 3617 1189 3657 eum
1205 3601 1235 3655 in
1251 3599 1367 3654 modum
1381 3595 1580 3669 respondebat.
1596 3598 1627 3647 ut
1649 3593 1740 3665 primo

893 3692 1020 3748 baeretici
1036 3692 1111 3746 illius
1131 3693 1240 3745 textum
1257 3686 1412 3750 exhiberet,
1429 3683 1532 3739 deiude
1549 3698 1614 3754 qna
1627 3682 1661 3736 ad
1675 3696 1741 3735 eum

892 3780 1094 3839 revincendum
1109 3779 1274 3834 riderentur
1288 3774 1427 3846 apposita,
1444 3773 1631 3843 subjungeret
1650 3769 1741 3838 (ibid,

892 3887 919 3926 n.
939 3871 976 3938 tl.
1000 3871 1065 3925 llaec
1078 3867 1151 3922 ratio
1166 3882 1231 3920 erim
1247 3864 1281 3919 ed
1295 3862 1424 3918 iteranda
1439 3862 1538 3916 erebro
1551 3859 1681 3915 eamdem
1697 3874 1741 3912 rc-

893 3974 1002 4030 speusa
1015 3955 1158 4024 adigebat,
1172 3969 1205 4008 eo
1220 3951 1297 4024 qnod
1308 3949 1438 4007 lulianus
1452 3948 1483 4004 in
1498 3948 1674 4003 inculcandis
1693 3945 1742 4001 iis-

895 4048 961 4102 dem
976 4044 1122 4101 erroribns
1134 4045 1290 4113 perpetuus
1305 4043 1379 4093 esset
1394 4055 1401 4093 ι
1418 4037 1465 4093 sed
1480 4037 1606 4092 malebat
1618 4035 1666 4090 Vir
1680 4051 1744 4088 san-

895 4140 957 4190 ctus
970 4133 1089 4188 nimiam
1104 4145 1186 4185 snam
1199 4127 1380 4198 diligentiam
1393 4142 1410 4180 a
1424 4124 1611 4180 celerioribus
1621 4121 1744 4189 ingeniis

895 4223 949 4279 sibi
962 4218 1127 4284 condonari,
1142 4233 1229 4289 quarn
1247 4233 1263 4269 a
1277 4213 1459 4269 tardiusculis
1475 4211 1510 4266 de
1524 4210 1652 4280 neglecta
1667 4208 1742 4278 ipse-

895 4328 960 4368 rum
983 4308 1116 4364 tarditate
1142 4320 1238 4360 secum
1267 4300 1439 4374 expostulari
1469 4300 1574 4369 (Operis
1593 4296 1745 4365 imperfecti

896 4399 944 4455 tib.
958 4402 984 4464 6,
1002 4414 1030 4453 n.
1050 4398 1103 4466 ll).
1119 4396 1145 4449 ts
1160 4399 1255 4448 autem
1277 4391 1317 4448 ibi
1333 4388 1481 4446 historiam
1508 4386 1581 4440 hanc
1595 4383 1744 4438 observatu

897 4486 1018 4544 minime
1033 4483 1182 4554 indiguam
1191 4482 1279 4536 refert
1292 4498 1299 4535 :
1316 4483 1382 4536 Erot
1395 4475 1470 4547 apud
1481 4489 1538 4538 nos,
1555 4471 1661 4543 inquit,
1672 4471 1745 4526 Aco-

900 4580 953 4631 tins
969 4575 1084 4645 quidum
1098 4575 1206 4628 honeste
1218 4570 1293 4641 opud
1307 4583 1370 4624 snos
1384 4571 1458 4620 crtus
1470 4565 1543 4618 loco:
1559 4562 1657 4617 clausis
1666 4560 1747 4614 oculis

900 4670 994 4720 notum
1009 4679 1036 4718 se
1050 4677 1105 4717 esse
1119 4661 1245 4724 dicebcl;
1261 4656 1308 4711 scd
1322 4657 1388 4725 qirio
1400 4656 1473 4707 intus
1483 4652 1546 4706 sarri
1554 4648 1693 4721 palpebris
1709 4663 1748 4701 co·

899 4750 1063 4807 bernitibns
1078 4747 1284 4817 conpetebant,
1300 4741 1482 4796 medicnnreos
1494 4740 1568 4805 ferro
1582 4738 1688 4807 cpcrirc
1700 4751 1748 4790 eo·

900 4841 993 4907 iecisse,
1008 4854 1093 4907 neque
1107 4838 1156 4890 boc
1176 4833 1332 4904 permisisse
1355 4829 1511 4894 religiosam
1533 4830 1647 4880 matrem
1661 4839 1748 4887 suem,

899 4928 946 4984 scd
961 4928 991 4982 id
1004 4925 1122 4995 effecisse
1146 4922 1270 4990 imposito
1291 4933 1324 4972 en
1345 4917 1521 4972 Errcborislio
1545 4906 1750 4985 ccicplcsmbte,

901 5032 961 5071 curn
973 5015 1035 5084 jum
1046 5028 1117 5082 puer
1132 5013 1250 5080 quinque
1263 5008 1320 5073 sere
1332 5009 1380 5059 cul
1394 5006 1511 5074 amplias
1524 5007 1590 5059 esset
1600 5015 1749 5061 annorum;

902 5105 973 5158 irride
985 5103 1033 5156 boc
1047 5116 1074 5155 sc
1087 5102 1155 5154 sotis
1177 5096 1328 5150 meminisse
1341 5093 1475 5148 currebat
1496 5091 1587 5160 (llic,
1611 5086 1659 5141 lib.
1679 5091 1706 5151 3,
1717 5074 1748 5138 ιι.

903 5194 977 5261 162).
992 5190 1064 5246 lluic
1079 5189 1108 5242 in
1122 5186 1267 5242 lulianum
1283 5183 1364 5254 operi
1386 5184 1499 5236 sanctus
1515 5181 1618 5234 Ductor
1644 5174 1679 5229 ad
1703 5189 1750 5227 ex·

901 5287 1025 5335 tremam
1041 5291 1131 5346 usque
1143 5275 1228 5328 sitam
1240 5288 1357 5345 operam
1373 5269 1496 5336 navarit,
1511 5266 1555 5321 cui
1567 5262 1751 5319 adhucinsta·

902 5371 951 5424 bat
967 5368 995 5423 in
1023 5365 1092 5419 urbe
1119 5365 1246 5435 ltippoue
1266 5363 1325 5433 jam
1351 5378 1366 5413 a
1387 5356 1520 5413 Vandalis
1543 5353 1674 5415 obsessa;
1704 5347 1750 5403 sed

902 5461 994 5512 morte
1007 5457 1170 5524 occupatus,
1186 5449 1262 5506 idem
1277 5466 1348 5522 opus
1368 5445 1565 5516 imperfectum
1589 5437 1751 5511 relinquere
