3884 6112
141 289 192 344 aba
703 281 784 337 VITA
809 281 841 336 S.
866 276 1053 336 AUGUSTlNl
1079 277 1245 334 EPISCOPl.
1849 275 1897 329 208

138 424 250 482 parere,
266 406 316 481 qui
329 409 465 468 mentem,
481 408 510 460 at
530 403 580 476 qui
595 407 723 458 ventrem
737 406 932 475 sequerentur.
948 401 990 455 lta
1047 399 1129 455 tibere
1143 400 1290 454 uoluntatis
1309 397 1440 465 arbitri03
1455 401 1508 453 tres
1529 396 1602 463 iibri,
1617 411 1683 467 quos
1700 394 1793 451 eadem
1807 396 1897 466 dispu-

137 498 219 556 lectis
244 496 379 554 omnibus
400 511 494 552 sermo
516 493 687 549 terminatus
716 496 766 547 est.
792 489 990 546 Pomeridiano
1046 491 1113 544 tatio
1128 492 1242 560 peperit,
1259 489 1391 558 appellati
1402 492 1465 542 sunt
1478 486 1512 540 de
1524 485 1618 541 Libero
1635 487 1768 540 Arbitrio.
1784 484 1900 551 Quorum

138 592 235 645 autem
255 585 301 642 die
315 587 407 657 major
421 599 507 657 quam
529 587 594 637 ante
610 580 761 636 meridiem
782 578 873 634 adfuit
892 578 989 632 malti·
1044 576 1190 632 secundam
1214 581 1239 631 et
1260 579 1369 632 tertium
1387 577 1417 629 in
1437 576 1548 643 Africa,
1571 575 1631 645 jam
1654 575 1737 628 etiam
1761 572 1900 642 Hippone-

137 678 217 745 tudo,
233 676 331 748 eisque
360 674 395 729 ad
419 673 532 742 horem,
559 687 617 742 qna
639 669 788 740 presbyter
813 666 990 738 Augustinus
1044 669 1129 735 Deqie
1142 667 1282 736 presbyter
1301 666 1454 731 ordinatus,
1475 666 1546 719 sicut
1564 668 1626 718 tunc
1642 663 1731 733 potui,
1746 663 1899 717 terminari.

138 781 204 820 cum
229 763 362 834 episcopo
386 760 580 831 egrederetur,
600 756 748 827 legebatur
772 754 936 809 alternatim
962 757 991 808 et
1045 757 1077 809 tn
1092 756 1133 810 isis
1148 755 1227 810 tibris
1241 757 1282 810 ita
1299 756 1385 810 multa
1402 755 1520 809 diesem
1537 756 1611 819 sunt,
1626 756 1657 807 ut
1672 750 1822 805 incidentes
1836 767 1900 806 non-

137 853 313 927 psatlebatur
328 848 476 921 :ipsisque
494 846 616 918 egressis
636 845 693 900 drro
713 843 816 915 psalmi
830 843 896 898 lecti
913 846 989 897 saint.
1044 845 1126 899 nullu
1153 849 1323 913 questiones,
1347 858 1416 914 quas
1435 844 1478 898 vet
1500 841 1616 897 enodare
1633 856 1688 895 non
1706 844 1840 909 poteram,
1862 840 1902 895 aet

138 941 248 999 Deinde
262 936 455 1010 Augustinum
473 935 605 1001 invitum,
623 932 672 1005 qui
689 933 750 1004 jam
775 931 909 1002 cupiebat
928 946 991 1002 per·
1045 934 1153 1002 tanqam
1175 935 1423 988 sermocinationem
1451 932 1631 1001 inpraesenti
1652 928 1837 999 requirebant,
1859 931 1898 983 ita

140 1031 233 1085 actum
247 1030 379 1081 assatam
394 1023 586 1096 periculosum
599 1021 685 1088 diem,
703 1019 841 1091 compulit
851 1017 989 1084 Valerius,
1045 1022 1230 1092 differrentur,
1244 1027 1274 1076 ut
1286 1039 1320 1076 en
1332 1026 1448 1090 utraque
1457 1025 1548 1091 parte,
1558 1022 1600 1075 net
1614 1036 1648 1075 ea
1662 1018 1788 1074 omnibus
1801 1033 1901 1072 earum

137 1122 172 1173 ut
184 1114 289 1189 aliquid
300 1113 376 1186 plebi
385 1114 561 1184 loqueretur.
577 1108 681 1165 Habuit
691 1110 807 1164 brevem
817 1122 989 1171 sermonem,
1046 1110 1105 1164 dem
1120 1113 1298 1179 questionum
1308 1111 1446 1181 partibus,
1455 1112 1484 1166 in
1499 1110 1597 1179 quibus
1608 1124 1661 1164 non
1668 1107 1823 1179 apparebat
1836 1107 1902 1176 quid

138 1220 196 1278 quo
211 1202 317 1276 gratias
336 1205 432 1274 ageret
447 1203 516 1255 Deo.
536 1201 570 1254 Et
589 1197 726 1271 quoniam
744 1196 776 1251 iu
790 1194 991 1252 lraereticoram
1042 1201 1135 1270 potius
1154 1204 1312 1268 congrueret
1338 1201 1458 1262 ueritati,
1484 1199 1521 1254 ad
1550 1199 1596 1254 boc
1619 1203 1708 1252 turnus
1729 1198 1901 1251 ratiocinatio

137 1293 255 1351 basilice
269 1291 400 1347 audierat
413 1290 448 1346 ab
463 1289 504 1344 eis
519 1288 601 1343 solita
614 1285 741 1343 convivia
754 1286 909 1352 celebrata;
925 1298 990 1339 cum
1044 1292 1139 1343 nostra
1161 1289 1374 1356 concluderetur,
1390 1291 1420 1343 ut
1443 1287 1582 1358 quodlibet
1602 1302 1693 1342 eorum
1711 1301 1805 1341 unum
1825 1288 1899 1350 esset,

140 1382 232 1438 adhuc
251 1397 284 1436 eo
299 1379 361 1451 ipso
383 1381 597 1450 temporaque
619 1392 636 1430 e
660 1374 812 1431 Catholicis
834 1374 889 1428 ista
908 1389 990 1444 gere·
1046 1376 1203 1434 laudandus
1218 1378 1381 1445 perperus,
1391 1377 1433 1432 vet
1446 1379 1528 1432 etiam
1541 1375 1723 1431 ostenderetur
1737 1377 1818 1430 pers,
1834 1374 1900 1428 pm.

139 1469 256 1536 bantur,
276 1467 318 1523 illi
339 1467 369 1522 in
388 1466 497 1539 poculis
515 1465 728 1537 perdurarent:
752 1461 833 1524 dixit,
849 1461 906 1517 diei
929 1460 991 1532 pul·
1043 1471 1105 1536 pter
1119 1481 1161 1521 eos
1182 1468 1282 1536 quippe
1299 1466 1451 1536 disputatio
1470 1466 1520 1520 itta
1534 1470 1658 1535 suscepta
1671 1469 1720 1527 est,
1740 1465 1792 1533 qui
1804 1467 1900 1532 nepam

140 1556 333 1614 ebritudiuem
348 1554 440 1611 noctis
450 1552 663 1625 comparatione
677 1549 855 1617 decoreri,et
865 1550 990 1604 colorem
1045 1570 1079 1609 er·
1106 1555 1189 1610 libero
1213 1556 1361 1610 voluntaris
1387 1555 1503 1609 arbitrio
1528 1554 1595 1608 mars
1617 1554 1750 1619 mapsam
1777 1550 1851 1615 duci,
1877 1555 1901 1606 er

139 1646 293 1702 candidum
311 1644 388 1716 nigri
407 1642 550 1698 vicinitate
571 1657 632 1697 esse
653 1641 823 1713 gratiorem;
843 1639 884 1694 ite
906 1653 990 1693 suurn
1046 1644 1139 1710 Deum,
1154 1645 1180 1698 si
1192 1645 1234 1698 ita
1253 1648 1302 1711 cst,
1318 1646 1464 1699 creatorem
1478 1645 1597 1699 omniurn
1613 1646 1778 1697 naturarum
1791 1641 1900 1710 milpon-

140 1735 297 1808 spiritualis
322 1731 521 1789 celebrationis
547 1735 720 1787 conventum
747 1728 844 1784 miuus
871 1728 990 1782 fortasse
1046 1731 1111 1785 dum
1131 1747 1187 1787 esse
1211 1732 1393 1787 contendunt:
1414 1748 1443 1787 eo
1463 1732 1541 1787 modo
1555 1731 1671 1786 solemn
1685 1728 1833 1785 secundum
1848 1744 1899 1784 sue

139 1823 269 1880 futurum
288 1823 374 1878 fusse
385 1822 556 1894 jucundum,
572 1820 628 1875 nisi
645 1836 680 1874 ex
700 1817 757 1873 alia
771 1821 851 1890 parte
870 1815 991 1871 earnalis
1045 1821 1195 1890 impictatis
1210 1837 1327 1876 errorem
1347 1821 1502 1891 (binniebat
1522 1823 1597 1875 enim
1611 1819 1682 1889 sunt)
1704 1817 1898 1874 immutabilem

138 1910 326 1984 ingurgitatio
349 1911 549 1966 conferretur:
579 1909 766 1980 hortatusque
794 1910 838 1961 est
862 1904 990 1961 uitales

138 2002 238 2074 epulas
252 2001 392 2057 instanter
405 2001 582 2071 appeterent,
599 1997 623 2052 si
645 2000 806 2069 gustassent
823 2011 909 2067 quam
925 2011 989 2049 sua·

138 2091 180 2147 ris
193 2094 235 2146 est
249 2089 397 2144 Dominus.
413 2090 506 2160 Atque
521 2088 551 2143 in
570 2088 644 2142 banc
659 2085 833 2141 seutentiam
852 2100 905 2155 pro
919 2088 991 2140 tem·

138 2195 209 2251 pore
228 2194 292 2233 eum
309 2193 422 2250 eaquae
441 2176 580 2232 Dominus
599 2174 771 2246 suggerebat
791 2173 867 2228 dieta
881 2178 988 2240 essent;

139 2277 202 2323 aete
222 2271 289 2323 suut
301 2265 474 2338 vespertina,
489 2281 555 2338 quae
573 2263 703 2337 quotidie
721 2262 849 2323 solebant
865 2279 871 2318 :
893 2267 921 2317 et
935 2267 991 2317 Aa·

139 2357 254 2429 gastina
273 2356 423 2411 recedente
445 2355 531 2410 simul
552 2371 617 2410 eum
635 2353 778 2425 episcopo,
794 2352 904 2419 trahes,
918 2352 990 2407 sorte

139 2444 282 2513 monachi,
304 2445 403 2500 eodem
422 2444 484 2499 loeo
503 2444 644 2516 hymnum
661 2442 805 2510 dherunt,
822 2458 880 2496 uon
903 2457 991 2512 parva

138 2533 324 2590 multitudine
338 2533 489 2604 utriusque
499 2548 581 2587 serus
596 2532 633 2587 ad
645 2532 828 2587 obscuratum
842 2529 918 2584 diem
933 2546 990 2584 ma·

138 2627 226 2680 naute
241 2626 327 2696 atque
346 2621 495 2693 psallente.
510 2622 610 2676 Totam
629 2619 671 2674 rei
691 2619 793 2674 seriem
813 2618 990 2691 Augustinus

138 2715 273 2785 prompto
288 2714 316 2767 et
334 2710 421 2766 alacri
434 2710 530 2765 animo
553 2708 653 2765 retulit
675 2725 727 2780 per
748 2708 857 2763 litteras
870 2708 905 2763 ad
926 2707 990 2779 Aly-

138 2801 231 2872 pium,
247 2803 278 2855 ut
301 2799 352 2872 qui
370 2814 475 2871 paucos
493 2802 559 2853 ante
579 2798 641 2853 dies
663 2796 793 2869 Hippone
816 2796 901 2851 simul
924 2813 989 2850 cum

138 2891 201 2963 ipso
226 2904 325 2961 preces
345 2888 381 2944 de
406 2886 571 2959 accipiendo
593 2885 732 2941 beneficio
757 2885 877 2953 fuderat,
904 2885 990 2941 simul

139 2990 255 3048 quoque
269 2975 305 3031 de
319 2980 434 3049 accepto
449 2974 554 3047 gratias
570 2976 628 3031 Deo
640 2973 824 3045 persolveret.

173 3067 201 3118 1.
220 3063 338 3134 Aliquot
350 3067 415 3136 post
429 3079 542 3119 menses
557 3063 593 3119 ad
613 3064 808 3136 episcopatum
824 3062 988 3135 Hipponen-

137 3167 208 3218 sem,
234 3168 292 3223 qno
320 3168 350 3207 se
374 3151 536 3224 digniorem
558 3151 589 3207 in
616 3152 677 3208 dies
705 3153 851 3224 prebebat
875 3159 990 3209 sanctus

138 3240 297 3312 Presbyter,
309 3240 439 3312 pervenit
450 3257 456 3296 :
467 3241 516 3296 scd
530 3245 685 3312 autequam
699 3241 784 3312 hujus
799 3241 988 3297 ordinationis

138 3329 200 3401 ejus
218 3333 349 3384 taxamus
367 3328 528 3395 historiam,
545 3329 689 3401 egendum
704 3328 787 3383 nobis
801 3333 844 3384 est
859 3330 895 3384 de
909 3330 988 3385 libris

138 3419 174 3475 ab
189 3419 252 3491 ipso
265 3418 301 3474 de
315 3418 416 3475 Libero
436 3418 562 3474 Arbitrio
582 3417 693 3490 scriptis
714 3419 769 3473 hoe
788 3422 927 3490 tempore,
943 3420 987 3475 vel

137 3508 283 3565 absolutis.
304 3507 415 3580 Quippe
434 3507 654 3572 Romanianum,
670 3523 736 3562 eum
754 3507 785 3562 in
804 3507 915 3562 ltaliam
934 3509 987 3565 sub

134 3597 252 3654 initiam
262 3596 330 3653 anni
343 3597 535 3654 merentesimi
550 3595 730 3669 nonagesimi
741 3595 836 3668 quinti
845 3596 988 3670 proiectus

135 3690 188 3755 est,
205 3686 235 3742 id
247 3685 353 3759 operis,
363 3692 413 3742 aut
427 3691 503 3742 certe
516 3691 574 3742 tres
588 3687 687 3757 libros,
701 3702 733 3741 ax
748 3685 853 3758 quibus
868 3685 985 3742 omuino

134 3778 256 3845 constat,
269 3790 328 3829 nou
345 3773 479 3830 habuisse
498 3779 619 3831 testatur
631 3774 808 3846 Augustinus
820 3774 921 3846 (Epist.
939 3778 984 3844 31,

132 3879 166 3921 n.
183 3864 221 3933 7),
237 3862 368 3936 quamvis
381 3878 411 3917 se
429 3866 545 3917 cunetas
564 3863 775 3918 lucubrationes
791 3879 857 3917 suas
871 3863 914 3918 illi
926 3867 984 3919 tra·

134 3950 241 4008 didisse
263 3949 440 4006 existimaret
461 3951 560 4023 (Epist.
576 3953 622 4020 27,
646 3967 677 4008 n.
700 3952 740 4023 i).
758 3952 838 4007 Unde
857 3968 924 4006 vero
950 3951 985 4006 si-

133 4039 201 4097 mile
215 4042 268 4109 est,
284 4039 339 4095 hoe
359 4055 432 4112 opus
455 4044 523 4094 tune
538 4040 686 4111 temporis,
701 4041 731 4096 id
746 4045 798 4109 est,
813 4045 847 4096 ut
864 4040 984 4096 arbitra·

133 4143 209 4196 mur,
219 4130 357 4186 hocanuo
364 4128 563 4184 trecentesimo
571 4127 983 4201 nonagesimoqaiutoineunte

132 4219 262 4276 nondum
275 4217 363 4275 tuisse
377 4217 548 4290 perfectum.
560 4218 634 4273 Illud
647 4221 753 4285 temen,
768 4217 878 4273 duobus
891 4222 984 4289 poste·

131 4309 257 4365 rioribus
285 4307 366 4365 libris
394 4306 522 4379 adjectis,
545 4307 582 4362 ad
602 4306 691 4362 tinem
715 4306 809 4362 adhuc
836 4309 984 4380 presbyter

130 4397 265 4469 perduxit
284 4398 445 4468 (Eebactat.
469 4395 537 4452 libro
558 4400 583 4464 1,
605 4412 668 4466 cap.
693 4399 720 4461 9,
736 4412 764 4452 n.
783 4395 832 4466 t):
855 4397 983 4468 priorem

130 4485 209 4541 enim
231 4486 330 4541 Romae
352 4502 428 4543 auno
454 4485 654 4542 trecentesimo
683 4485 857 4556 octogesimo
883 4491 981 4541 octavo

126 4572 189 4645 jam
202 4574 363 4646 scripserat.
380 4577 437 4632 Hoc
454 4579 538 4648 paeto
553 4573 617 4630 fieri
631 4574 733 4646 potuit,
748 4578 780 4629 ut
793 4574 869 4629 hunc
884 4590 982 4629 secum

129 4662 326 4719 Romanianus
344 4663 477 4720 deterret.
501 4665 557 4719 llos
578 4663 667 4718 libros
688 4662 869 4734 dialogorum
892 4663 982 4718 instar

128 4750 300 4822 composuit,
316 4750 347 4807 in
361 4752 465 4824 quibus
479 4769 641 4809 sermonem
655 4753 765 4807 conteri
783 4768 847 4807 cum
863 4751 979 4809 Evodio.

128 4836 218 4892 liutai
233 4837 374 4894 sermonis
396 4847 599 4911 argumentum
621 4845 663 4898 est
681 4841 827 4913 indagatio
849 4842 979 4913 originis,

126 4925 204 4982 uada
221 4926 331 4982 malum
354 4927 559 5000 proficiscatur.
583 4931 648 4989 tium
669 4931 759 4987 adhuc
780 4932 869 4986 ltomae
889 4930 979 4984 derne·

125 5030 262 5085 raremur,
276 5017 411 5072 notuimus
425 5017 590 5086 disputando
604 5036 721 5089 querere
733 5019 805 5074 unde
816 5021 853 5074 sit
866 5019 976 5076 mutum.

125 5105 162 5160 Et
175 5119 204 5161 eo
221 5104 300 5160 medo
320 5104 530 5174 disputavimus,
544 5105 584 5161 ait
604 5105 790 5178 Augustinus,
802 5110 833 5161 ut
846 5108 872 5161 si
882 5121 978 5177 posse-

1046 1909 1192 1980 quamdcm
1212 1916 1237 1966 et
1252 1914 1303 1966 Deo
1318 1917 1477 1966 contusam
1494 1910 1663 1965 introducere
1675 1908 1745 1962 maii
1756 1911 1895 1961 naturam.

1045 2002 1081 2053 De
1099 2001 1192 2065 pretia
1209 2015 1271 2055 uero
1288 2002 1343 2067 Dei,
1361 2016 1416 2070 qua
1434 2014 1496 2055 snos
1515 2001 1608 2055 eiectos
1625 1999 1665 2053 sic
1681 1996 1897 2067 pradestinavit,

1044 2091 1075 2142 ut
1096 2102 1187 2142 eoram
1206 2090 1255 2157 qui
1264 2089 1325 2158 jam
1348 2092 1378 2143 in
1392 2091 1431 2144 eis
1452 2092 1568 2144 utuntur
1590 2086 1674 2142 libero
1694 2085 1824 2153 arbitrio,
1845 2086 1898 2155 ipse

1044 2179 1125 2231 ettam
1135 2183 1272 2247 preparet
1285 2178 1446 2246 uoluntates,
1463 2178 1533 2232 nibil
1545 2178 1574 2231 in
1584 2174 1627 2231 tris
1638 2175 1717 2230 libris
1728 2174 1897 2245 disputatum

1044 2268 1083 2319 est
1098 2270 1209 2336 propter
1224 2266 1272 2321 boc
1287 2269 1430 2337 proposita
1448 2268 1603 2337 quaestione.
1627 2264 1678 2320 Ubi
1696 2267 1789 2319 autem
1802 2263 1897 2318 incidit

1045 2354 1126 2422 iocus,
1142 2359 1173 2410 ut
1187 2355 1268 2426 liujus
1283 2358 1380 2423 qratia
1397 2358 1473 2425 tieret
1486 2356 1712 2420 commemoratio,
1731 2356 1898 2407 transeunter

1044 2448 1250 2499 commemorata
1271 2449 1326 2512 est;
1356 2460 1410 2500 non
1434 2446 1516 2514 quasi
1538 2443 1602 2498 inde
1622 2446 1759 2511 aperetur,
1789 2455 1896 2512 operm

1043 2533 1251 2589 ratiocinatione
1265 2534 1387 2602 dasena.
1398 2532 1487 2588 Aliud
1499 2537 1540 2588 est
1549 2534 1620 2586 usim
1634 2546 1764 2602 querere,
1778 2530 1851 2585 unm
1863 2531 1896 2585 sit

1044 2623 1161 2689 matum;
1177 2628 1202 2677 et
1222 2622 1300 2678 atiud
1314 2627 1354 2678 est
1375 2638 1502 2693 quarere,
1519 2622 1590 2676 unde
1603 2621 1734 2677 redeatur
1748 2619 1786 2674 ad
1799 2621 1895 2690 pristi-

1043 2726 1118 2776 num,
1142 2713 1184 2766 uei
1203 2711 1241 2767 ad
1261 2715 1351 2782 majus
1380 2714 1557 2782 perveniatur
1589 2711 1695 2766 bonum.
1729 2708 1896 2778 Quapropter

1043 2801 1107 2852 noui
1121 2800 1241 2855 baeretici
1253 2802 1403 2868 Petaqiani,
1419 2803 1468 2870 qui
1482 2801 1596 2856 liberum
1609 2801 1648 2854 sic
1663 2801 1791 2854 assuunt
1804 2796 1896 2862 uolua

1045 2889 1109 2942 tatis
1133 2888 1289 2956 arbitrium,
1308 2893 1339 2944 ut
1359 2891 1456 2956 qratia
1477 2891 1525 2944 Dei
1551 2888 1787 2956 nonrelinquant
1804 2886 1895 2954 lucrm

1045 2977 1265 3047 quandoquidem
1288 2993 1347 3033 eam
1368 2977 1514 3033 secundum
1533 2978 1631 3033 muita
1648 2981 1745 3032 nostra
1764 2975 1833 3031 dari
1850 2987 1895 3029 as-

1043 3071 1146 3134 serunt,
1167 3082 1222 3122 nen
1253 3083 1281 3123 se
1309 3069 1450 3136 extollant,
1480 3070 1561 3137 quasi
1587 3081 1679 3121 eorum
1711 3067 1815 3136 equire
1838 3078 1895 3119 aau-

1044 3169 1118 3223 sam·,
1139 3158 1205 3224 quia
1228 3157 1314 3211 multa
1336 3158 1365 3210 in
1387 3156 1430 3210 iis
1453 3157 1538 3211 tibris·
1556 3155 1618 3210 diui
1637 3169 1690 3225 pro
1717 3153 1803 3210 ibero
1827 3152 1894 3208 arbi·

1043 3246 1106 3314 trio,
1133 3260 1192 3314 qua
1215 3247 1292 3301 itlius
1327 3245 1521 3317 disputationis
1545 3259 1628 3300 causa
1655 3243 1783 3314 poscebat
1808 3242 1894 3313 (ibid,

1042 3348 1090 3388 ren.
1108 3337 1134 3400 1,
1150 3337 1187 3399 2).

1079 3426 1105 3477 5.
1127 3423 1180 3477 llos
1196 3421 1283 3477 libros
1291 3422 1385 3495 reipsa
1394 3423 1505 3496 proteri
1513 3421 1642 3494 Pelagius
1653 3438 1660 3477 :
1671 3436 1775 3477 rerum
1782 3420 1894 3477 damon·

1042 3513 1112 3565 strat
1125 3511 1314 3582 Augustinus,
1326 3512 1429 3567 eodem
1442 3528 1474 3567 se
1484 3512 1544 3566 loco
1558 3513 1769 3583 praeposterum
1784 3523 1892 3566 sensum

1042 3599 1186 3668 evenisse,
1202 3616 1288 3672 quem
1308 3600 1356 3655 ille
1373 3601 1466 3656 verbis
1487 3600 1545 3654 suis
1565 3599 1704 3671 affingere
1723 3598 1854 3666 volebat;
1866 3601 1892 3652 et

1042 3689 1171 3760 quamvis
1185 3690 1319 3744 adversus
1332 3689 1511 3757 blanichaeos,
1527 3704 1587 3744 uon
1599 3693 1699 3744 contra
1712 3687 1887 3760 Pelagianos,

1040 3778 1163 3832 necdum
1186 3782 1308 3846 exortos,
1329 3778 1405 3834 istud
1428 3794 1501 3849 opus
1523 3777 1716 3849 conscriptum
1738 3776 1824 3844 toret,
1844 3775 1888 3833 bo·

1040 3881 1106 3920 rum
1120 3870 1218 3922 tamen
1231 3867 1366 3922 hoerasim
1381 3867 1495 3922 abunde
1510 3883 1539 3922 se
1559 3866 1758 3934 labefactasse;
1776 3865 1847 3922 adeo
1861 3864 1890 3919 at

1039 3953 1063 4008 si
1082 3953 1214 4027 Pelagius
1229 3954 1290 4027 ipse
1312 3956 1442 4011 confiteri
1463 3956 1597 4025 uoluerit,
1609 3954 1754 4028 quidquid
1774 3970 1810 4012 eo
1832 3954 1889 4010 locs

1040 4058 1127 4114 quem
1140 4044 1259 4114 profert,
1275 4045 1446 4112 continetur,
1462 4045 1542 4099 nulla
1555 4061 1621 4099 aum
1637 4059 1672 4099 eo
1687 4044 1741 4100 hae
1760 4043 1798 4101 de
1811 4058 1841 4099 re
1852 4041 1889 4098 ia·

1039 4137 1104 4189 tura
1127 4133 1164 4187 sit
1185 4133 1309 4205 amplias
1328 4133 1520 4189 controversie
1543 4135 1589 4203 (De
1606 4134 1717 4191 Natura
1739 4133 1887 4195 sitiretis,
1932 4116 1934 4193 ἶ

1038 4236 1085 4275 nn.
1106 4226 1134 4291 7,
1163 4222 1199 4291 8).
1229 4223 1263 4277 lli
1287 4223 1395 4294 paritor
1420 4222 1488 4278 libri
1511 4238 1609 4278 ansam
1633 4206 1778 4278 dederunt
1802 4218 1886 4277 ermri
1931 4196 1934 4299 1

1039 4308 1346 4381 semipelagianorum,
1364 4311 1415 4384 qai
1427 4328 1460 4366 ex
1475 4311 1510 4367 iis
1528 4310 1741 4367 contendebant
1754 4315 1885 4376 evertere,
1931 4302 1934 4403 (

1038 4398 1176 4469 quidquid
1192 4400 1368 4470 Augustinus
1380 4400 1414 4455 de
1428 4400 1682 4470 praedestinatione
1696 4403 1802 4472 postea
1810 4396 1885 4454 dixis
1932 4406 1934 4445 ἑ

1036 4493 1080 4543 set
1103 4489 1201 4559 (Epist.
1227 4491 1291 4558 itis,
1312 4504 1339 4543 n.
1364 4489 1403 4557 8).
1431 4491 1468 4543 At
1493 4492 1607 4544 sanctus
1629 4490 1734 4544 Doctor
1759 4485 1885 4548 ostendit,
1932 4478 1934 4553 t

1036 4576 1148 4630 nullum
1163 4593 1210 4631 eos
1226 4592 1259 4632 ex
1278 4575 1368 4648 ipsius
1388 4578 1482 4633 verbis
1502 4578 1605 4634 ducere
1625 4593 1709 4651 posse
1723 4593 1817 4634 aausae
1833 4589 1885 4631 sae
1931 4562 1934 4597 ³

1035 4665 1248 4736 patrocinium:
1269 4681 1321 4720 nec
1336 4681 1366 4720 se
1386 4666 1529 4722 ullatenus
1547 4665 1578 4721 in
1595 4665 1716 4721 dubium
1728 4679 1829 4721 vocare
1840 4678 1885 4719 ro·
1931 4604 1934 4737 l

1036 4752 1132 4821 luisse,
1149 4753 1218 4825 quin
1237 4753 1401 4826 ignorantia
1420 4761 1448 4811 et
1466 4755 1617 4811 diiticultas
1633 4757 1728 4811 essem
1741 4749 1884 4825 originalis
1932 4748 1934 4757 '

1034 4857 1128 4913 poeum
1142 4843 1273 4914 peceati:
1292 4847 1431 4915 praterea
1451 4860 1491 4910 se,
1511 4848 1544 4899 ut
1561 4842 1721 4899 ueritatem·
1732 4846 1802 4898 tuuc
1815 4845 1885 4897 tem

1033 4931 1112 5002 poris
1126 4931 1222 4987 minus
1240 4937 1317 4989 recte
1339 4931 1536 4995 intellexisset,
1552 4949 1613 4988 non
1633 4932 1731 4988 miuus
1754 4930 1792 4987 ed
1815 4929 1886 4985 iltius
1931 4930 1934 5063 ι

1032 5021 1217 5090 postmodum
1231 5021 1354 5092 cognita
1364 5020 1561 5076 defensionem
1572 5018 1788 5092 suscipiendam
1798 5015 1886 5074 tenen

1034 5107 1082 5179 (De
1102 5111 1410 5188 Donoperseuerantiae,
1433 5125 1480 5164 nn.
1504 5111 1549 5176 ia,
1574 5110 1631 5180 il).
1656 5108 1688 5164 ld
1711 5105 1810 5179 operis
1831 5109 1884 5163 Au·

124 5207 195 5264 mus,
207 5193 239 5249 id
252 5192 326 5264 quod
337 5192 371 5248 de
382 5193 432 5247 bac
446 5207 476 5246 re
489 5192 589 5247 diuinae
601 5197 759 5251 auctoritati
773 5195 878 5250 subditi
890 5195 978 5250 crede
1032 5197 1174 5267 gostinus,
1197 5197 1282 5254 simul
1303 5213 1336 5253 ec
1359 5197 1510 5270 episcopus
1534 5202 1645 5254 areatas
1666 5200 1719 5262 est,
1736 5195 1773 5252 ad
1794 5192 1884 5251 Pauli·

125 5279 229 5351 bamur,
245 5280 377 5338 mmmad
390 5280 738 5351 intettipentiamnostram,
752 5284 977 5353 quantumdisse·
1032 5301 1102 5341 num
1125 5285 1213 5354 misit,
1238 5303 1325 5358 seque
1357 5291 1457 5359 optare
1486 5291 1618 5354 testatur,
1636 5290 1670 5341 ut
1697 5283 1818 5356 mandis
1839 5282 1885 5338 illu

122 5370 206 5426 rende
219 5371 371 5441 opitulante
389 5371 442 5425 Deo
460 5383 539 5437 apere
555 5383 702 5438 passuum,
716 5373 787 5427 ratio
805 5373 977 5428 considerata
1031 5373 1160 5446 quaestio,
1182 5391 1247 5446 quae
1267 5379 1310 5431 est
1328 5375 1416 5431 totius
1436 5375 1531 5449 operis
1549 5380 1765 5447 argumentum,
1780 5376 1885 5446 quanta

122 5459 149 5511 rt
172 5459 290 5515 tractata
309 5459 478 5530 perducmt.
493 5458 529 5513 Et
544 5459 672 5528 quomam
686 5461 810 5515 consistit
823 5462 894 5515 inter
915 5475 974 5528 nos,
1030 5462 1144 5518 dicendi
1166 5463 1295 5519 ubertate
1315 5468 1463 5532 tractatur,
1476 5469 1557 5520 tanta
1577 5462 1750 5519 certitudine
1774 5468 1804 5518 et
1822 5476 1883 5534 per-

122 5544 267 5614 ditipenter
283 5551 388 5606 ratione
402 5548 536 5616 dumea,
550 5546 652 5603 matum
664 5561 718 5604 non
735 5553 859 5606 eentum
872 5550 928 5607 nisi
939 5565 973 5607 er
1030 5549 1181 5621 spicuitate
1195 5549 1226 5607 iu
1240 5551 1284 5608 his
1300 5551 1381 5608 libris
1395 5552 1535 5609 enodetur
1547 5553 1644 5624 (Epist.
1656 5553 1702 5623 ³1,
1716 5567 1747 5608 n.
1756 5550 1799 5623 7).
1813 5548 1883 5606 Scri-
