3884 6112
133 228 196 278 1151
773 221 820 277 on
839 217 982 288 ausus,
1004 218 1031 276 s.
1053 216 1245 277 aueusrnu
1840 213 1896 265 aa
1934 294 1936 299 Α

1933 310 1936 377 l

134 349 230 421 priore
244 350 751 420 quatuor,lloma‚llomacernequanta
763 362 769 411 ;
783 345 812 399 in
825 346 983 417 posteriore
1037 344 1174 415 anapesti
1190 342 1233 397 nel
1250 340 1353 397 alterni
1369 342 1378 376 ¹
1392 338 1560 394 membrum
1575 334 1724 407 superius
1740 334 1896 401 terminent

135 443 231 494 autem
246 436 408 505 tressemis,
424 437 544 491 sitdaum
560 436 775 502 taliamento
790 435 982 490 contradicere
1037 435 1195 489 tum¹tres
1210 447 1308 486 rursus
1323 429 1444 484 alterum
1464 427 1507 481 rel
1532 423 1686 495 anapaesti
1716 423 1764 477 rel
1780 424 1896 494 quolibet
1930 386 1936 507 !

134 526 242 599 aliquid
253 524 405 596 paras‘lll.
420 523 495 577 b'ibil
508 522 637 589 omnino,
654 527 682 576 et
696 523 817 577 libenter
832 522 980 578 assentior.
1037 523 1098 577 loco
1112 519 1266 592 spondeus,
1283 517 1341 572 sive
1356 515 1500 584 omnibus,
1523 519 1553 569 et
1567 513 1602 567 in
1619 511 1682 567 line
1709 527 1775 565 una
1789 511 1894 582 syllaba,
1932 534 1936 549 ·

169 616 195 669 8.
212 616 250 669 Μ.
280 615 437 667 Teneamus
461 611 548 681 igitur
569 611 619 664 has
636 610 714 682 leges
739 611 931 677 inconcussas,
960 609 983 663 si
1036 603 1540 683 quaversuslegitimeterminatur.
1556 602 1718 658 Probasne
1734 604 1766 654 et
1776 599 1831 655 id‘.>
1932 594 1936 611 ⁴

137 701 240 772 placet,
261 706 294 755 ot
313 716 407 772 neque
436 699 632 754 membrorum
657 699 781 754 duorum
806 699 926 754 tendens
948 698 984 754 ad
1073 700 1116 753 ro,
1133 700 1170 753 M.
1187 697 1245 766 Ego
1273 709 1388 765 quoque
1412 691 1608 747 rectissimum
1626 705 1695 745 esse
1723 688 1837 760 judico,
1857 690 1894 744 sed
1934 738 1936 747 .

136 789 326 860 aequalitatem
339 786 455 858 partitio
480 787 573 841 versui
592 787 675 853 desit3
690 787 772 842 sicuti
800 788 867 842 huic
889 788 978 852 deest,
1037 802 1094 841 non
1109 784 1190 840 facile
1205 783 1259 837 ista
1273 782 1381 853 populo
1395 779 1620 852 persuadentur.
1638 779 1741 833 Tanta
1757 777 1836 832 enim
1859 784 1892 832 est
1934 780 1936 785 '

137 878 403 935 Cmnuauetatamm
424 876 586 930 obvertimus
601 881 790 931 antennarum.
807 877 904 948 Neque
923 875 984 946 ipsa
1037 874 1078 928 ris
1092 871 1319 936 consuetudinis,
1335 874 1367 924 ut
1387 885 1420 923 ea
1434 868 1606 936 inveterata,
1624 866 1650 921 si
1674 865 1758 921 falsa
1769 866 1894 937 opinione

137 964 285 1034 aequalitas
299 963 493 1017 membrorum
522 964 749 1030 conversibilem,
779 963 981 1030 utitadicam‚
1037 961 1135 1033 genita
1151 964 1203 1025 est,
1217 957 1288 1012 nihil
1303 956 1339 1011 sit
1350 955 1494 1010 inimicius
1507 954 1892 1022 veritati.‘Namqueadla·

136 1049 221 1104 faciat
235 1049 428 1119 partitionem,
447 1055 479 1103 ut
492 1049 521 1103 in
537 1049 590 1103 hoc
605 1050 681 1115 lacit,
710 1051 816 1106 Cornua
831 1052 982 1104 velatarum

135 1140 265 1194 uelimus
278 1141 465 1191 anteimarum.
479 1139 576 1208 Neque
591 1155 655 1192 cum
675 1139 729 1192 ista
744 1139 849 1193 vitatur
863 1154 984 1193 conver·

136 1225 190 1291 sio,
210 1225 295 1279 nimis
310 1242 326 1279 a
341 1242 370 1280 se
385 1226 513 1280 membra
529 1226 683 1291 discedant,
703 1227 751 1282 sed
762 1232 901 1298 quantum
917 1242 982 1297 pos·

138 1319 205 1369 sunt
218 1314 355 1385 proximis
370 1315 495 1368 numeris
509 1330 596 1385 prope
618 1320 778 1386 aequentur,
801 1332 837 1369 ne
858 1315 985 1370 dicamus

137 1403 199 1457 haec
214 1402 346 1473 itaposse
362 1402 460 1468 dividi,
482 1406 514 1456 ut
535 1407 597 1457 oclo
626 1404 784 1475 semipedes
807 1403 981 1474 praecedant,

139 1492 247 1547 Cornua
260 1491 410 1565 relatarum
423 1493 570 1559 vertimus;
586 1494 614 1545 et
627 1495 749 1562 quatuor
765 1491 984 1562 subsequantur,

137 1578 169 1633 id
183 1582 236 1645 est,
250 1581 438 1633 antennarum.
450 1579 506 1632 Nec
520 1579 680 1633 membrum
689 1579 830 1649 posterius
844 1579 920 1650 paris
935 1595 986 1633 nu·

140 1666 212 1721 meri
219 1665 378 1736 semipedes
392 1667 595 1733 babeat,sicuti
606 1671 657 1732 est,
667 1667 717 1720 tibi
729 1667 807 1721 deum
820 1668 984 1735 benignitas,

141 1769 177 1808 ne
192 1754 276 1825 pleno
292 1753 471 1824 pedeversus
483 1754 987 1810 finitusnonhabealterminumbre-

139 1841 217 1895 viare
232 1845 361 1910 tempore
373 1845 512 1895 notatum.
524 1844 556 1896 D.
570 1842 664 1897 liabeo
671 1843 732 1914 jam
747 1843 810 1910 ista,
835 1847 865 1897 et
883 1844 987 1898 mando

139 1929 287 1985 memoriae
303 1934 442 2000 quantum
457 1931 548 1984 valeo.
837 2002 840 2009 .

355 2018 467 2073 CAPUT
482 2018 513 2073 V.
529 2049 563 2058 -
583 2021 690 2074 Heraici
702 2021 775 2088 finis.

176 2110 202 2161 a.
219 2107 257 2162 n.
274 2106 413 2171 Quoniam
424 2107 511 2178 igitur
518 2107 578 2177 jam
589 2110 732 2171 tenemus,
742 2123 799 2161 non
811 2107 914 2162 debere
924 2122 987 2161 ver·

141 2210 206 2248 sum
220 2193 297 2248 liniri
311 2195 397 2265 pleno
412 2194 495 2265 peda,
513 2195 657 2266 quomodo
671 2194 753 2249 nobis
768 2194 915 2249 heroicum
930 2211 989 2248 ver-

141 2297 206 2335 sum
219 2281 398 2336 metiendum
411 2287 505 2352 putas,
521 2286 553 2336 ut
565 2288 592 2337 el
605 2283 799 2337 membrorum
812 2283 854 2337 lex
867 2283 916 2336 illa
929 2299 989 2336 ser·

141 2375 233 2436 vetur,
249 2376 277 2423 et
290 2370 351 2423 haec
365 2369 480 2424 termini
494 2369 586 2424 nota‘l
612 2374 644 2425 ll.
661 2370 746 2425 Video
762 2370 914 2425 duodecim
928 2387 989 2425 ease

142 2458 304 2528 semipedes
317 2477 325 2525 ;
339 2461 367 2512 et
387 2457 585 2529 quiapropter
611 2458 689 2513 illam
708 2460 922 2513 conversionem
945 2459 988 2512 vi·

142 2546 259 2600 tendam
274 2561 356 2599 senos
366 2546 525 2616 semipedes
537 2547 641 2602 habere
652 2547 781 2601 membra
790 2562 848 2602 non
859 2552 989 2618 possunt;

143 2649 237 2705 neque
253 2648 310 2687 ase
326 2633 411 2703 longe
427 2639 541 2704 oportet
553 2634 696 2689 discedere
709 2639 741 2690 ut
760 2635 817 2689 sint
827 2640 884 2689 tres
897 2639 924 2689 et
939 2651 990 2689 no-

143 2736 219 2788 vem,
236 2725 284 2775 aul
300 2737 402 2776 novem
416 2726 444 2776 et
456 2727 531 2788 tres;
547 2739 640 2794 neque
654 2723 731 2794 paris
746 2723 860 2778 numeri
868 2723 991 2795 semipe-

144 2809 194 2864 des
207 2809 360 2880 posteriori
386 2800 516 2865 membro
545 2809 631 2866 dandi
650 2817 717 2866 sunt
744 2816 776 2866 ut
795 2813 853 2866 sint
878 2818 941 2868 octo
963 2817 992 2882 et

143 2902 278 2970 quatuor,
293 2902 343 2953 aut
365 2903 488 2970 quatuor
504 2905 533 2955 et
556 2905 629 2968 octo,
646 2917 681 2956 ne
706 2902 793 2972 pleno
809 2902 880 2973 pede
894 2919 992 2957 versus

144 2987 280 3042 liniatur:
298 2986 328 3040 in
341 2987 468 3058 quinque
479 2993 631 3059 etseptem,
648 2994 697 3044 aut
705 2995 814 3062 septem
825 2995 854 3045 et
864 2991 992 3062 quinque

56 3127 61 3131 ,
145 3073 247 3130 divisio
262 3075 390 3129 facienda
404 3080 455 3131 est.
471 3077 543 3132 Nam
557 3081 586 3132 et
600 3077 630 3131 hi
644 3077 758 3132 numeri
769 3082 835 3133 sunt
845 3078 992 3133 anrboim·

144 3177 228 3232 pares
242 3162 377 3232 proximi,
402 3168 431 3218 et
459 3170 535 3219 certe
561 3165 752 3237 propinquius
775 3165 829 3219 sibi
855 3166 994 3221 accedunt

146 3250 274 3305 membra
289 3266 376 3321 quam
387 3251 418 3306 in
433 3253 615 3324 quaternario
644 3259 673 3308 et
700 3253 845 3309 octonario
866 3254 993 3309 numeris

146 3339 322 3393 accederent.
332 3339 411 3403 Quod
423 3345 455 3394 ut
469 3340 669 3396 firmissimum
682 3346 806 3410 teneam,
830 3342 912 3398 rideo
926 3359 993 3414 par·

144 3430 203 3482 tem
217 3427 354 3482 orationis
369 3427 398 3482 in
414 3428 515 3500 quinto
544 3429 689 3501 semipede
717 3446 830 3499 semper
845 3435 895 3484 aut
919 3447 993 3501 pene

146 3532 259 3588 semper
272 3516 432 3583 terminari,
455 3521 486 3570 ut
511 3522 554 3572 est
581 3516 610 3571 in
638 3517 731 3589 primo
760 3517 870 3588 Virgilii
899 3535 993 3587 versu,

146 3607 236 3659 Arma
249 3607 391 3675 uirumque
406 3621 472 3661 cano
490 3622 497 3660 :
515 3610 543 3661 et
556 3606 586 3661 in
597 3607 733 3673 secundo,
748 3607 857 3661 ltaliam
870 3608 929 3672 sata
947 3610 996 3660 :et

146 3691 177 3745 in
192 3691 286 3759 tertio,
300 3694 405 3748 Littera
418 3695 532 3749 muttum
555 3696 600 3750 ille
614 3699 639 3749 et
655 3711 662 3748 :
687 3693 717 3748 in
747 3698 847 3765 quarto
862 3694 942 3763 item,
960 3696 996 3750 Vi

147 3794 275 3848 superum
289 3795 365 3836 aava
380 3797 387 3835 ε
402 3787 488 3853 atque
508 3782 547 3836 ita
570 3781 703 3852 deinceps
718 3781 747 3836 in
764 3785 823 3836 toto
838 3797 911 3852 pene
938 3797 996 3835 car·

149 3866 237 3920 mine.
253 3869 289 3922 M.
308 3869 412 3922 Verum
427 3869 512 3922 dicis:
529 3869 577 3923 sed
592 3869 744 3923 videndum
759 3869 811 3923 tibi
825 3876 877 3931 est,
899 3885 970 3940 quos
987 3871 994 3906 ¹

150 3955 235 4026 pedes
249 3955 382 4016 metiaris,
397 3960 430 4010 ut
443 3956 515 4010 nihil
544 3956 724 4027 superiorum
753 3956 921 4028 legumjam
950 3957 996 4011 in-

150 4058 285 4097 concusse
299 4042 516 4098 constitutarum
527 4043 633 4098 violare
644 4044 758 4098 audeas.
778 4048 810 4099 D.
827 4046 996 4116 Quanquam

151 4131 222 4185 mihi
235 4131 303 4186 satis
319 4132 390 4186 ratio
406 4137 551 4203 appareat,
567 4136 664 4187 tamen
683 4132 807 4187 novitate
828 4134 994 4188 conturbor.

151 4221 213 4275 Non
226 4220 304 4274 anim
317 4220 441 4275 solemus
461 4219 491 4274 in
505 4221 560 4275 hoc
574 4237 679 4293 genere
698 4220 753 4275 nisi
773 4221 932 4293 spondeum
947 4237 997 4292 pe·

150 4303 215 4365 dem
231 4314 259 4365 et
273 4310 417 4382 dactylum
432 4311 575 4377 scandere,
603 4311 678 4383 quod
693 4327 777 4366 nemo
801 4311 858 4367 lere
874 4316 918 4367 est
937 4315 997 4366 tam

151 4398 510 4472 indoctusquin¹endierit‚
527 4400 640 4455 etiamsi
655 4400 750 4455 minus
767 4399 796 4455 id
810 4401 912 4455 lacere
929 4416 996 4471 pos·

151 4488 196 4542 sit.
213 4490 291 4543 llanc
307 4505 375 4559 ergo
386 4488 663 4561 pervulgatissimam
672 4487 906 4544 consuetudinem
922 4503 998 4543 nunc

150 4575 173 4629 si
188 4576 268 4647 sequi
280 4579 406 4640 voluero,
419 4578 462 4632 lex
474 4577 523 4632 illa
533 4575 697 4632 terminiest
705 4575 870 4647 abroganda
881 4580 892 4611 ⁸
904 4596 911 4643 3
923 4592 997 4646 prm·

153 4664 256 4717 cedens
271 4666 349 4719 enim
364 4666 523 4720 membrum
539 4665 683 4736 semipede
694 4664 883 4733 clauderetur,
904 4668 999 4736 poste-

37 4806 48 4821 ·
152 4747 213 4802 rius
227 4752 323 4804 autem
338 4753 423 4822 pleno
441 4754 532 4824 pede;
547 4753 624 4825 quod
638 4757 736 4808 eontra
750 4752 927 4807 essedebuit.
944 4751 998 4807 Sed

154 4837 221 4910 quia
235 4837 313 4893 illam
329 4840 421 4911 legem
439 4841 652 4913 iniquissimum
671 4846 713 4897 est
726 4840 838 4904 tollere,
864 4841 936 4895 etin
951 4857 1001 4894 nu-

154 4926 240 4982 meris
251 4926 312 4996 jam
329 4927 415 4982 didici
428 4945 511 4999 posse
526 4930 598 4996 lieri,
614 4936 645 4986 ut
656 4946 673 4985 a
684 4947 743 4985 non
758 4931 843 5002 pleno
861 4928 934 4999 pede
955 4944 1001 4982 or·

154 5015 268 5070 diamur
278 5019 306 5083 ‘;
323 5019 410 5069 restat
424 5021 526 5071 utnon
541 5019 587 5073 hic
615 5020 758 5091 dactylum
773 5033 839 5072 cum
863 5016 1000 5088 spondeo,

155 5104 204 5160 sed
218 5108 396 5176 anapaestum
413 5105 500 5159 locari
510 5106 689 5176 judicemus3
705 5112 738 5161 ut
750 5104 868 5178 incipiet
882 5120 1002 5159 versusa

155 5193 241 5266 longa
260 5209 319 5248 una
333 5192 450 5264 syllaba,
471 5192 573 5250 deinde
589 5195 645 5249 duo
662 5195 748 5266 pedes
766 5194 810 5249 vel
825 5193 944 5266 spondei
958 5192 1001 5247 vel

187 5350 510 5463 nudauit-¹·
538 5413 562 5462 1

188 5477 198 5509 ³
215 5418 257 5547 gii
272 5427 446 5548 qqtqqypxm
459 5427 671 5525 irritaremus
684 5474 899 5538 estabroqanda.
933 5474 966 5522 bl.

189 5540 197 5570 t
215 5537 256 5585 Sic
272 5551 302 5585 en
315 5539 397 5586 Vatre.
413 5538 441 5587 ln
453 5539 496 5596 B.,
511 5549 566 5585 aion
576 5534 680 5598 aplane
690 5537 757 5598 pede
770 5536 917 5586 ordiamur.
967 5535 999 5583 M.

1038 1050 1170 1105 ciendum
1185 1063 1298 1102 versum
1313 1045 1384 1100 nihil
1402 1044 1538 1099 interesse
1561 1041 1725 1114 intelligis,
1759 1045 1856 1096 utrum
1872 1043 1894 1096 in

1038 1139 1092 1193 boc
1105 1152 1210 1210 genere
1225 1139 1384 1205 anapestus
1397 1148 1461 1187 cum
1481 1131 1624 1202 spondeo,
1636 1147 1677 1184 an
1695 1129 1834 1200 dactylus
1848 1131 1895 1184 col·

1039 1228 1148 1282 locetur
1164 1242 1171 1280 ε
1188 1223 1225 1279 ad
1238 1221 1412 1277 metiendum
1427 1225 1524 1274 mmen
1543 1217 1775 1273 rationabiliter
1795 1222 1816 1284 ¹,
1831 1219 1894 1289 quod

1039 1331 1096 1370 non
1111 1311 1282 1368 auriomsed
1293 1310 1446 1365 mentisest
1459 1308 1625 1379 proprium,
1641 1322 1718 1362 vera
1733 1312 1767 1361 et
1780 1313 1897 1361 certata

1039 1404 1117 1459 bone
1132 1403 1195 1469 hoc,
1212 1417 1271 1456 non
1286 1397 1473 1454 irrationabili
1484 1396 1626 1468 opinione
1638 1395 1846 1450 discernitur:
1860 1410 1897 1448 ne

1039 1508 1096 1564 que
1111 1506 1187 1545 nunc
1202 1489 1312 1544 anobis
1326 1487 1453 1558 primum
1464 1485 1584 1539 inventa
1599 1487 1657 1550 est,
1687 1483 1745 1538 sed
1762 1482 1851 1537 multo
1863 1486 1895 1536 est

1039 1581 1093 1636 hac
1104 1579 1262 1633 inveterata
1273 1573 1478 1631 consuetudine
1488 1572 1643 1643 antiquins
1653 1572 1693 1626 ad
1698 1571 1896 1626 nimadversa⁸.

1039 1669 1132 1735 Quare
1147 1667 1171 1722 si
1184 1683 1233 1722 eos
1247 1667 1344 1735 legent
1358 1663 1407 1735 qui
1418 1662 1459 1716 vel
1475 1662 1504 1716 in
1520 1677 1619 1733 graeoa
1634 1661 1685 1715 vel
1702 1659 1737 1714 in
1749 1660 1840 1715 latim
1854 1660 1898 1713 lin-

1041 1773 1097 1829 gua
1107 1755 1267 1827 disciplinae
1283 1753 1369 1824 hujus
1390 1749 1547 1806 doctissimi
1576 1749 1721 1814 fuerunt,
1739 1764 1801 1802 non
1824 1748 1896 1802 min·

1042 1846 1150 1902 buntur
1164 1844 1251 1899 nimis
1265 1842 1315 1915 qui
1329 1842 1400 1896 forte
1416 1841 1468 1896 hoc
1484 1838 1634 1894 audierint
1663 1853 1842 1910 quanquam
1855 1853 1896 1907 pu·

1041 1936 1089 1991 det
1101 1931 1315 1999 imbecillitatis,
1329 1945 1394 1984 cum
1407 1927 1512 1983 rationi
1538 1925 1729 1982 roborandae
1756 1925 1892 1979 hominen

1041 2024 1196 2078 auctoritas
1211 2018 1360 2092 quaeritur,
1370 2015 1531 2088 cumipsins
1542 2014 1673 2083 rationis
1680 2030 1717 2068 ac
1727 2014 1895 2069 veritatisau

1042 2111 1183 2177 ctoritate,
1198 2125 1262 2181 quie
1275 2107 1401 2179 profecto
1416 2109 1459 2160 est
1469 2104 1550 2159 omni
1564 2103 1698 2158 homine
1710 2102 1828 2172 melior,
1838 2101 1894 2156 nibil

1044 2200 1159 2257 deberet
1175 2214 1235 2253 esse
1247 2195 1434 2268 praestantius.
1450 2195 1513 2250 Non
1528 2193 1613 2248 enim
1623 2198 1661 2247 ut
1678 2192 1713 2247 in
1727 2191 1897 2265 producenda

1044 2286 1257 2360 corripiendave
1271 2283 1379 2356 syllaba
1391 2298 1448 2338 oon
1469 2281 1524 2337 nisi
1539 2281 1761 2336 auctoritatem
1786 2286 1896 2336 vetrum

1044 2376 1194 2432 hominum
1205 2373 1370 2447 quaerimus,
1383 2377 1415 2426 ut
1425 2369 1682 2442 quemadmodum
1690 2367 1895 2424 suntnsiserbis

1043 2466 1147 2538 quibus
1158 2480 1207 2518 nos
1220 2460 1493 2534 qaoqueloquimur,
1503 2459 1544 2513 ita
1552 2462 1794 2528 etnosutamuu
1802 2456 1894 2528 quiaio

1044 2551 1242 2624 hujuscemodi
1254 2567 1284 2605 re
1300 2554 1328 2605 et
1340 2547 1697 2604 nullamobservationem
1706 2546 1898 2619 sequidesidie

1045 2646 1098 2709 est,
1113 2646 1141 2695 et
1157 2654 1260 2694 nonam
1270 2638 1418 2692 instituere
1431 2636 1569 2690 licentias:
1579 2634 1897 2691 itainmetiendosersu

1044 2732 1202 2785 inueterata
1215 2728 1346 2782 voluntas
1360 2725 1521 2791 hominum,
1540 2740 1574 2778 ac
1600 2740 1665 2779 non
1689 2729 1805 2779 oeterna
1818 2737 1897 2778 remu

1045 2817 1119 2873 ratio
1133 2815 1284 2887 cogitanda
1298 2817 1351 2879 est,
1363 2828 1428 2867 cum
1442 2815 1470 2866 et
1481 2811 1667 2866 moderatam
1683 2813 1753 2883 ejus
1760 2809 1897 2882 longitudi-

1045 2922 1114 2961 nem
1127 2905 1208 2975 prius
1224 2901 1468 2957 naturaliteraure
1485 2897 1662 2964 sentiamus,
1682 2900 1793 2955 deinde
1808 2913 1897 2970 appro-

1045 2994 1147 3049 bemus
1162 2989 1324 3046 rationabili
1335 2986 1560 3043 consideratione
1574 3003 1792 3058 numerorum,
1808 2991 1835 3040 et
1845 3000 1897 3039 eun

1046 3079 1220 3152 insignitius
1233 3075 1423 3133 claudendum
1438 3090 1498 3129 esse
1511 3074 1626 3147 judicet
1641 3076 1786 3147 quisquis
1805 3074 1898 3146 judicil

1047 3169 1150 3224 certius
1162 3184 1229 3222 eum
1239 3182 1326 3237 quam
1340 3169 1442 3219 caetere
1452 3167 1542 3218 metra
1554 3178 1620 3217 esse
1635 3163 1821 3228 finiendum,
1832 3178 1898 3217 enm·

1047 3274 1103 3330 que
1118 3257 1206 3311 linem
1217 3253 1385 3310 inbreviare
1401 3253 1710 3323 temporenotandum
1724 3270 1788 3308 esse
1797 3251 1899 3307 manile

1047 3351 1123 3400 stum
1139 3344 1189 3410 sit;
1206 3340 1500 3414 siquidemnemporis
1515 3340 1746 3412 longitudinem
1760 3344 1898 3397 coereetct

1048 3430 1372 3503 frenatquodammodo.

1184 3518 1295 3574 CAPUT
1310 3518 1355 3572 Vl.
1371 3546 1406 3558 -
1421 3519 1524 3573 Rursus
1539 3516 1573 3570 de
1591 3519 1648 3585 fine
1664 3533 1776 3573 uersus.

1086 3611 1128 3663 ll.
1141 3605 1401 3672 Quaecumitasint,
1413 3604 1463 3675 qui
1474 3607 1569 3675 potest
1579 3603 1736 3674 posterius
1749 3605 1897 3675 ejusmem·

1048 3701 1134 3755 hrum
1146 3698 1201 3752 nisi
1213 3714 1272 3752 non
1295 3697 1379 3768 pleno
1397 3693 1548 3750 terminari
1562 3695 1666 3766 pede?
1684 3695 1797 3750 Prioris
1817 3699 1897 3748 antem

1049 3787 1173 3843 membri
1188 3784 1337 3839 exordium
1355 3788 1405 3837 aut
1419 3783 1537 3854 plenum
1551 3781 1661 3852 pedem
1678 3799 1755 3845 esse.
1775 3788 1807 3837 ut
1819 3783 1847 3837 in
1859 3781 1897 3835 illo

1048 3874 1189 3930 trochaico
1201 3876 1293 3937 Roma,
1311 3872 1495 3937 Romanasne
1509 3874 1616 3939 quauta
1630 3872 1673 3923 sit
1690 3871 1776 3925 deum
1788 3869 1896 3936 beniam-

1051 3970 1092 4019 tas
1105 3983 1113 4030 ;
1127 3966 1179 4016 aut
1188 3965 1300 4032 partem
1311 3959 1393 4029 pedis
1409 3963 1531 4029 oportet,
1547 3960 1578 4011 ut
1592 3956 1622 4010 in
1637 3956 1898 4024 heroico,1t1mari

1048 4067 1162 4120 rumque
1174 4065 1250 4117 cano,
1272 4049 1359 4118 Trojae
1373 4047 1421 4116 qui
1432 4049 1539 4116 primus
1567 4045 1601 4098 ab
1630 4048 1703 4100 oric.
1718 4046 1897 4117 Quapropter.

1051 4139 1130 4196 omni
1141 4140 1202 4209 jam
1225 4137 1402 4192 dubitatione
1418 4135 1539 4203 soblem,
1569 4133 1660 4188 etiam
1687 4134 1783 4189 istum
1800 4146 1898 4188 venun

1051 4227 1162 4294 metire,
1179 4227 1203 4281 si
1218 4226 1321 4297 placet.
1337 4212 1484 4278 etmihide
1496 4221 1635 4275 membris
1653 4222 1721 4292 ejus
1734 4222 1899 4294 pedibusque

1050 4316 1201 4387 responde,
1216 4314 1344 4369 Pterelas
1354 4313 1399 4366 itte
1414 4325 1491 4380 quem
1504 4308 1613 4376 uidetis,
1626 4309 1767 4380 hospites.
1780 4313 1813 4365 D.
1826 4310 1898 4364 tlem-

1050 4405 1101 4460 bra
1116 4403 1232 4474 quidem
1246 4401 1332 4472 hujus
1341 4399 1371 4453 in
1380 4399 1507 4471 quinque
1522 4401 1552 4451 et
1565 4402 1682 4468 septem
1699 4393 1899 4470 semipedesri·

1052 4493 1105 4548 deo
1121 4490 1281 4556 distributa,
1302 4494 1334 4544 ut
1348 4488 1428 4559 prius
1452 4487 1497 4552 sit,
1516 4486 1654 4541 Pbaselus
1675 4487 1744 4554 itte3
1773 4483 1900 4558 posterius

1051 4583 1158 4645 autem,
1170 4594 1247 4648 quem
1256 4578 1365 4643 uidetis,
1375 4577 1490 4645 tespites
1501 4591 1507 4628 :
1519 4573 1687 4644 pedesvero
1696 4558 1899 4630 iamboscerin.

1084 4671 1091 4704 ¹
1108 4666 1312 4777 Sicqqivatioet
1323 4664 1372 4714 Ms.
1383 4664 1413 4712 Α.
1426 4664 1456 4712 ln
1464 4663 1493 4724 B,
1503 4664 1543 4712 uct
1553 4661 1688 4723 anapesti·
1701 4661 1828 4714 alterum
1837 4669 1900 4709 m

1053 4731 1143 4781 burm.
1188 4766 1194 4777 .

1085 4794 1095 4828 2
1110 4793 1139 4840 ln
1154 4792 1192 4852 B,
1206 4802 1276 4840 aum.
1293 4787 1386 4848 Vatia,
1404 4787 1480 4837 dum.
1493 4786 1541 4833 lta.
1552 4784 1583 4843 Α,
1603 4786 1677 4835 tum.
1690 4785 1726 4835 u.

1084 4856 1094 4889 ³
1110 4853 1295 4910 Rationalller,
1307 4849 1385 4909 juxta
1398 4849 1481 4902 Vatia,
1497 4848 1533 4895 bl.
1669 4906 1675 4917 Ι

1086 4916 1169 4964 tlllse.
1179 4915 1286 4963 Veteres
1295 4913 1333 4960 sic
1347 4911 1464 4959 habent:
1480 4909 1624 4970 Proprium
1641 4907 1776 4966 namium,
1808 4906 1901 4976 anama

1055 4976 1110 5028 liae
1124 4976 1200 5027 ratio
1213 4973 1435 5035 obittaoptm'one
1449 4971 1616 5021 discernitur.
1626 4994 1661 5005 -
1670 4970 1684 5019 J
1689 4974 1756 5018 uxta
1796 4965 1902 5018 attulit

1054 5034 1508 5097 mnantae1erniroaa1ttooptnmm
1517 5032 1699 5081 disceruit-ur.
1724 5068 1732 5080 .
1874 5088 1879 5097 ⁸

1086 5105 1096 5137 ⁵
1112 5101 1154 5150 Sic
1168 5099 1249 5148 vatic.
1263 5113 1268 5145 :
1280 5097 1332 5147 sed
1342 5101 1432 5146 mutto
1444 5094 1496 5145 bac
1507 5094 1709 5143 eattnoeterata
1718 5089 1903 5144 cousuetudut

1054 5165 1171 5226 antiquie
1184 5160 1380 5211 animadversa.
1392 5158 1426 5206 Μ.

1087 5226 1176 5273 tbova
1188 5219 1658 5285 Quisquisjudicatrertius:eumque
1682 5219 1904 5268 remearem-e

1058 5289 1104 5338 tra
1116 5298 1173 5336 esse
1184 5283 1326 5347 insigniter
1339 5279 1494 5345 finiendum,
1508 5283 1554 5343 qui
1567 5274 1650 5341 finem
1698 5283 1741 5330 ber
1754 5280 1786 5329 tn
1800 5279 1903 5327 brenen

1057 5351 1338 5420 temporumnotarum
1350 5341 1522 5453 mantssestum
1533 5355 1539 5388 :
1549 5339 1754 5403 squammae.
1766 5342 1806 5390 lta
1814 5347 1903 5412 quoqu

1057 5411 1185 5460 editiones
1200 5408 1269 5464 olim,
1283 5405 1412 5469 nisiquod
1442 5405 1501 5452 abet
1514 5403 1728 5461 Am.‚uotarum
1741 5401 1902 5465 etiamsolum

1057 5472 1109 5529 sit;
1123 5472 1175 5529 En,
1190 5472 1317 5520 notariam
1331 5466 1508 5529 manifestum
1521 5463 1568 5514 eit.
1578 5462 1629 5513 Sed
1643 5468 1757 5527 prestat
1766 5465 1827 5513 blm.
1839 5462 1902 5509 lecim

1058 5546 1136 5596 quam
1154 5532 1205 5580 lnic
1222 5529 1411 5579 revocavimus.
