3884 6112
752 245 800 300 DE
819 239 1009 308 maerstem,
1030 239 1058 296 S.
1078 237 1272 297 AUGUSTlNl
1844 234 1900 288 lttt

67 324 79 341 μ
138 213 201 314 ini

28 370 30 377 '
135 375 232 432 rerba.
247 373 303 431 Sed
317 371 401 443 cupio
423 367 522 425 tudire
549 367 619 440 quid
644 365 718 421 torte
732 363 984 421 contradicendum
1041 361 1119 417 tione
1131 360 1291 433 signorum,
1316 359 1386 433 ipsis
1409 363 1507 415 mmen
1536 357 1642 430 signis
1669 372 1740 412 esse
1762 357 1900 429 potiorem.

136 468 228 538 putes.
1042 451 1135 517 Quare
1148 451 1209 522 jam
1223 450 1293 506 illud
1308 449 1400 522 magis
1415 448 1571 521 magisque
1604 445 1814 512 discutiamus,
1832 448 1900 519 qaus

172 556 217 607 27.
232 550 291 607 Ad.
317 546 463 604 Assentior
477 544 591 617 quidem
616 542 765 598 meliorem
787 557 874 615 quam
900 541 984 596 verbs
1040 539 1077 596 sit
1088 555 1178 612 genus
1192 554 1288 595 rerum
1304 555 1375 612 quas
1389 535 1548 610 sinesig'nis
1560 534 1736 591 monstrari
1747 535 1900 606 posssdiee

138 656 198 695 esse
214 638 393 705 doctrinam
408 635 456 690 sed
483 637 579 688 utrum
596 632 730 687 adversus
744 631 829 686 istam
854 631 983 703 regulam
1039 628 1142 684 bamus
1153 644 1204 699 per
1218 627 1332 700 seipsas,
1347 631 1379 683 ut
1393 627 1483 700 loqui,
1499 625 1677 694 ambulare,
1696 623 1898 694 sederejaoere,

137 743 193 799 qua
209 727 321 793 dicitur,
332 726 422 781 Omne
435 722 511 795 quod
537 724 656 793 propter
681 720 759 775 aliud
785 723 838 790 est,
865 719 983 774 inferius
1039 717 1429 789 atquehujusmodicaetera.
1446 715 1501 772 nd.
1518 717 1588 771 Jam
1604 714 1712 770 recolo
1740 713 1897 785 quiddiess

139 832 199 870 esse
215 829 300 886 quam
316 813 344 867 id
359 816 480 884 propter
503 809 581 881 quod
599 813 652 879 cst,
668 808 740 863 nihil
755 809 792 864 sit
805 808 882 880 quod
898 805 984 879 objici
1040 806 1151 862 CAPUT
1165 807 1195 861 ll.
1213 806 1306 861 -An
1327 805 1451 875 quedam
1474 804 1572 859 doceri
1600 805 1665 859 siae
1693 803 1787 872 ιίφιίι
1807 808 1898 871 quent.

135 903 236 978 possit,
251 902 362 974 ignoro.
379 902 450 969 Artp.
471 898 547 953 ltlias
566 899 620 953 hoc
648 897 837 969 opportunius
860 896 982 969 diligen·

135 992 249 1064 tiusque
264 989 449 1045 tractabimus
465 1003 471 1041 :
487 1002 563 1042 nunc
576 986 646 1041 illud
661 986 736 1059 quod
752 985 894 1053 concedis,
917 985 984 1039 satis

136 1084 180 1136 est
194 1080 229 1135 ed
243 1079 273 1134 id
290 1077 365 1151 quod
381 1076 520 1132 conficere
533 1074 643 1130 studeo.
659 1077 715 1129 llas
740 1074 816 1129 enim
844 1073 982 1145 cognitio·

138 1185 204 1224 nem
220 1183 317 1223 rerum
326 1182 413 1239 quam
427 1165 508 1237 signa
521 1180 617 1219 rerum
626 1180 686 1218 esse
698 1163 868 1218 chariorem.
882 1163 984 1227 Onam-

135 1257 235 1314 obrem
250 1255 376 1329 cognitio
392 1270 489 1309 rerum
509 1269 574 1324 quae
593 1252 800 1325 significantur,
827 1249 984 1323 cognitioni

135 1345 285 1418 signorum
298 1341 483 1398 anteferenda
497 1345 541 1395 est
557 1357 563 1396 :
578 1357 614 1395 an
628 1340 680 1395 tibi
692 1357 750 1395 non
764 1340 899 1395 ridetur?
924 1340 981 1394 Ad.

135 1435 209 1490 Num
221 1449 274 1505 ego
290 1431 484 1502 cognitionem
499 1428 762 1500 rerumcognitione
776 1429 937 1500 signorum,
953 1445 984 1483 ac

133 1537 193 1578 nou
206 1520 294 1594 signis
318 1519 386 1591 ipsis
399 1517 631 1590 prestantiorem
646 1534 706 1572 esse
726 1517 874 1572 concessi?
896 1533 984 1590 quare

135 1625 237 1666 vereor
250 1613 282 1664 ut
296 1607 343 1664 hic
357 1607 410 1664 tibi
426 1607 571 1662 assentiar.
589 1606 662 1672 Quid
690 1605 712 1661 si
728 1607 804 1662 euim
820 1611 851 1661 ut
871 1622 983 1662 coenum

134 1713 241 1754 nomen
257 1696 360 1751 melius
375 1700 417 1750 est
427 1711 459 1750 ea
475 1712 506 1750 re
521 1711 607 1767 quam
620 1694 777 1766 significat3
795 1694 877 1749 itaet
899 1695 985 1767 hujus

135 1784 262 1842 nominis
276 1783 402 1856 cognitio
418 1782 574 1855 cognitioni
588 1800 702 1856 quoque
712 1783 789 1838 illius
802 1783 893 1838 reiest
907 1786 984 1838 ante-

133 1875 277 1949 ponenda,
293 1873 423 1947 quamvis
435 1890 469 1928 ea
482 1873 645 1945 cognitione
660 1873 697 1928 sit
709 1873 803 1944 ipsum
820 1889 925 1928 nomen
940 1873 984 1928 in·

134 1963 223 2019 terius
235 1962 249 2017 ‘l
259 1962 387 2028 Quatuor
401 1961 508 2034 quippe
524 1965 608 2016 sunt:
624 1977 741 2030 nomen,
752 1965 779 2016 et
791 1977 846 2026 res,
860 1959 985 2032 cognitio

135 2051 267 2118 nominis,
287 2056 314 2106 et
328 2050 455 2121 cognitio
470 2050 520 2105 rei.
538 2049 615 2106 Sicut
627 2066 695 2121 crgo
714 2049 838 2121 primum
850 2048 984 2115 secundo,

135 2157 187 2197 cur
199 2156 258 2196 non
274 2138 428 2195 ettertium
443 2142 544 2211 quarto
559 2138 731 2193 antecellet?
746 2137 801 2194 Sed
814 2142 847 2192 ut
860 2154 918 2192 non
934 2153 984 2192 an·

136 2228 258 2294 tacebat,
270 2242 339 2281 num
355 2225 440 2281 etiam
454 2224 660 2296 subjiciendum
672 2224 738 2279 est‘l

171 2318 216 2371 28.
233 2317 310 2382 Aue.
324 2313 391 2369 ltire
407 2311 526 2368 omnino
549 2317 576 2368 te
598 2312 681 2367 video
710 2317 738 2367 et
763 2312 888 2368 tenuisse
916 2311 985 2384 quid

138 2401 322 2470 concesseris,
339 2406 366 2457 et
379 2400 533 2473 explicasse
548 2399 616 2472 quid
629 2400 758 2454 senseris.
787 2400 853 2463 Sed,
869 2404 900 2454 ut
926 2400 986 2472 opi·

136 2506 201 2558 nor,
217 2489 364 2561 intelligis,
391 2490 445 2544 hoc
470 2488 648 2561 trisyllabum
671 2503 789 2557 nomen,
813 2489 889 2559 quod
903 2491 986 2545 sont

137 2593 203 2634 cum
228 2577 360 2646 dicimus,
381 2576 499 2644 Vitium,
528 2575 632 2632 melius
660 2592 721 2631 esse
750 2576 878 2648 quamid
908 2577 984 2649 quod

137 2666 296 2739 significum
324 2682 390 2721 cum
416 2665 507 2737 ipsius
530 2664 657 2736 cognitio
680 2664 805 2720 nominis
834 2666 926 2720 multo
950 2667 986 2722 sit

136 2753 259 2809 inferior
284 2753 447 2827 cognitione
474 2751 617 2808 vitiorum.
646 2751 723 2808 Licet
751 2751 848 2824 itaque
885 2752 986 2807 consti·

138 2847 202 2900 tuas
229 2842 315 2898 etiam
344 2841 399 2898 ista
426 2846 549 2914 quatuor
577 2845 662 2914 atque
693 2840 863 2909 consideres,
879 2856 985 2896 nomeu

137 2936 166 2989 et
180 2948 253 3002 rem,
269 2931 460 3005 cognitionem
475 2930 598 2986 nominis
609 2934 637 2985 et
650 2930 843 3003 cognitionem
857 2929 899 2985 rei
910 2929 984 3001 ;pri·

137 3037 218 3077 mum
234 3021 358 3076 secundo
370 3020 435 3092 jure
451 3019 662 3092 preponimus.
688 3021 745 3074 lloc
760 3018 836 3073 enim
859 3018 985 3090 positum

138 3126 245 3167 nomen
259 3109 289 3165 iu
302 3109 438 3175 carmine,
455 3125 521 3164 cum
545 3109 584 3163 ait
606 3107 729 3176 Persius,
755 3109 809 3164 Sed
830 3112 919 3178 stupet
943 3108 985 3162 hic

138 3200 206 3255 vitio
217 3197 332 3269 (Satyro
347 3200 372 3260 3,
389 3213 416 3252 υ.
431 3198 490 3266 32),
510 3213 569 3252 non
594 3197 679 3251 modo
695 3195 769 3251 nihil
794 3195 858 3251 vitii
869 3195 936 3252 lecit
955 3196 984 3250 in

139 3302 233 3351 versu,
249 3286 298 3341 sed
311 3285 446 3341 nonnihil
464 3286 549 3340 etiam
565 3289 681 3340 ornatus
694 3284 790 3342 dedit:
809 3300 873 3339 cum
890 3289 986 3339 tamen

136 3390 183 3431 res
194 3375 261 3447 >ipsa
275 3392 340 3447 quae
357 3375 532 3447 sigmllcatur
545 3374 600 3429 hoc
614 3373 730 3428 nomine
746 3373 776 3428 in
805 3388 986 3445 quocumque

138 3463 223 3532 inest,
251 3469 335 3536 cogat
350 3480 410 3519 esse
432 3462 575 3519 vitiosum.
604 3464 640 3517 ht
665 3477 723 3517 non
749 3461 789 3516 ita
816 3465 844 3516 et
869 3461 985 3517 tertium

140 3557 253 3625 quarto,
269 3553 317 3609 sed
334 3557 470 3627 quartum
485 3552 568 3608 tertio
583 3551 711 3608 videmus
730 3551 877 3608 excellere.
897 3552 986 3623 llujus

139 3642 218 3698 enim
233 3643 359 3716 cognitio
376 3642 501 3699 nominis
517 3642 579 3698 silis
595 3647 637 3697 est
651 3657 710 3714 pre
724 3639 884 3712 cognitione
906 3640 987 3696 vitio

138 3746 212 3786 rum.
227 3732 286 3786 Ad.
305 3732 432 3787 Etiamne
448 3748 513 3786 cum
526 3731 580 3787 ista
594 3731 719 3803 cognitio
733 3730 897 3786 miseriores
909 3728 985 3800 tacit,

140 3834 238 3874 censes
261 3834 321 3872 esse
333 3819 566 3891 praeferendam?
581 3818 742 3875 Numidam
768 3818 881 3873 Persius
896 3818 986 3873 omni·

136 3905 192 3961 bus
205 3905 309 3977 pesnis,
324 3921 395 3976 quas
410 3909 598 3976 tyrannorum
613 3906 656 3960 vel
671 3905 823 3960 crudelitas
842 3906 984 3978 excogita·

1216 899 1265 951 lter
1276 909 1329 949 aon
1344 894 1473 949 dicuntur
1483 908 1535 963 per
1549 894 1619 962 ipsu
1629 891 1736 946 verbm

1075 985 1119 1038 39.
1133 986 1209 1051 Aeo.
1228 982 1366 1038 Omniane
1394 981 1447 1037 tibi
1474 980 1630 1048 videntur,
1648 995 1723 1052 quae
1744 978 1896 1049 interrogat

1039 1086 1107 1126 mox
1121 1086 1205 1142 egere
1219 1086 1380 1142 possumus,
1395 1069 1456 1124 sine
1471 1068 1557 1141 signo
1575 1085 1667 1140 posse
1679 1067 1896 1122 monstrantes
1936 1100 1938 1109 ·

1039 1159 1147 1230 aliquid
1160 1159 1289 1231 excipis?
1302 1159 1361 1213 Ad.
1377 1160 1434 1230 Ego
1445 1174 1513 1213 raro
1536 1158 1632 1213 etiam
1651 1160 1750 1228 atque
1765 1155 1849 1210 mmm
1860 1171 1896 1226 ge

1040 1266 1094 1305 uus
1109 1250 1162 1304 boc
1176 1254 1268 1304 totum
1284 1248 1476 1314 considerans,
1494 1247 1569 1302 nihil
1585 1247 1692 1302 adhuc
1708 1244 1896 1317 inventoque

1039 1337 1100 1392 sine
1120 1338 1201 1409 siguo
1215 1338 1308 1392 valeat
1325 1338 1430 1406 doceri,
1447 1336 1503 1392 nisi
1527 1337 1606 1391 forte
1627 1334 1833 1401 locutionem,
1846 1334 1896 1388 etsi

1038 1426 1112 1481 forte
1125 1426 1251 1498 idipsum
1266 1426 1408 1499 quispiam
1415 1431 1535 1499 quaerat,
1550 1425 1624 1498 quid
1641 1424 1686 1479 sit
1701 1423 1896 1480 docerelideo

1040 1516 1118 1571 euim
1132 1530 1210 1586 eum,
1225 1516 1439 1588 quidquidpost
1453 1515 1515 1587 ejus
1527 1514 1809 1586 interrogationem
1821 1512 1896 1568 loen

1039 1608 1073 1660 ut
1084 1604 1183 1672 disum,
1199 1605 1234 1660 ab
1249 1621 1282 1659 ea
1297 1605 1357 1677 ipsa
1372 1620 1402 1660 re
1412 1621 1472 1659 non
1483 1602 1595 1659 discere
1611 1618 1712 1676 quam
1729 1602 1896 1657 sibidemou·

1040 1693 1123 1748 strari
1138 1694 1218 1765 cupit
1233 1711 1240 1749 ι
1257 1710 1324 1749 nam
1339 1694 1361 1748 si
1392 1709 1439 1748 me
1466 1698 1644 1760 cessantem,
1663 1696 1700 1747 ut
1730 1691 1840 1747 dictum
1856 1694 1895 1757 ed,

1040 1783 1085 1838 vel
1095 1782 1171 1837 eliud
1186 1785 1320 1853 agentem
1336 1787 1416 1854 roget
1431 1779 1576 1853 quispiam
1592 1779 1672 1852 quid
1701 1779 1742 1834 sit
1754 1778 1895 1845 ambulare,

1039 1875 1067 1927 et
1082 1887 1135 1943 ego
1149 1872 1246 1926 statim
1262 1871 1447 1938 ambulando,
1459 1885 1525 1925 eum
1534 1871 1615 1942 quod
1623 1868 1895 1942 rogavitsinesignc

1040 1976 1128 2016 coner
1142 1960 1243 2015 docere
1255 1979 1263 2027 3
1277 1960 1352 2015 unde
1364 1959 1468 2015 carebo
1494 1975 1529 2013 ne
1546 1958 1576 2014 id
1603 1963 1732 2013 tantum
1754 1961 1896 2031 potetesss
1934 1986 1938 2011 l

1040 2049 1198 2117 ambulare,
1214 2053 1353 2121 quantum
1364 2065 1418 2121 ego
1432 2046 1648 2104 ambulavero?
1659 2047 1746 2120 quod
1758 2047 1784 2102 si
1798 2050 1896 2118 putare·
1935 2088 1938 2127 ,

1040 2138 1088 2206 rit,
1107 2137 1286 2209 decipietur:
1310 2137 1439 2211 quisquis
1459 2137 1534 2192 enim
1561 2137 1633 2208 plus
1658 2137 1801 2192 minusve
1824 2151 1895 2208 quau
1936 2138 1938 2143 '

1040 2243 1094 2298 ego
1112 2226 1309 2290 ambulaverit,
1325 2227 1402 2282 hunc
1422 2225 1470 2281 ille
1485 2226 1657 2281 ambulasse
1672 2242 1736 2280 non
1759 2223 1895 2281 arblhabi

1040 2317 1096 2370 tur.
1113 2315 1146 2370 Et
1160 2315 1235 2388 quod
1251 2315 1286 2370 de
1298 2315 1351 2371 boc
1365 2330 1422 2370 uuo
1436 2315 1522 2370 verbo
1539 2314 1612 2383 dixi,
1630 2314 1748 2369 transit
1770 2315 1803 2370 in
1814 2313 1896 2369 omnia

1041 2419 1106 2475 que
1120 2402 1180 2458 sine
1195 2403 1277 2476 signo
1290 2403 1445 2459 monstrari
1458 2419 1556 2475 possse
1571 2419 1793 2460 consenseram
1807 2405 1896 2476 preter

1040 2492 1098 2547 duo
1109 2491 1159 2547 illa
1174 2508 1238 2564 quie
1253 2492 1423 2566 excepimus.

1076 2582 1120 2635 30.
1137 2581 1211 2650 Aug.
1236 2580 1352 2653 Accipio
1379 2580 1496 2653 quidem
1522 2578 1626 2635 istud:
1657 2596 1765 2636 nonne
1793 2579 1845 2635 tibi
1862 2579 1896 2632 ri·

1041 2668 1126 2723 detur
1137 2668 1215 2723 aliud
1227 2683 1286 2723 esse
1300 2667 1473 2740 loqui,aliud
1481 2667 1606 2724 docere?
1615 2669 1680 2726 Ad.
1697 2668 1824 2725 Videtur
1832 2682 1895 2722 sane:

1042 2773 1110 2813 uam
1125 2757 1148 2812 si
1157 2757 1324 2827 essetidem,
1339 2773 1399 2813 uon
1410 2756 1697 2830 doceretquisqnam
1703 2758 1763 2812 uisi
1779 2759 1896 2830 loquens

1040 2862 1105 2902 cum
1122 2862 1187 2900 vero
1203 2850 1231 2900 et
1245 2845 1309 2901 aliis
1324 2846 1424 2918 signis,
1440 2849 1546 2918 preter
1560 2845 1666 2914 verba,
1694 2848 1796 2902 multa
1809 2846 1895 2901 docca-

1040 2951 1114 3003 mus,
1129 2934 1192 3008 quis
1208 2935 1242 2990 de
1257 2936 1310 2990 ista
1325 2933 1485 2990 dillereutia
1499 2933 1710 2990 dubitaverit?
1724 2933 1896 3004 deponit?

1041 3025 1143 3080 docere
1156 3027 1185 3078 et
1203 3023 1374 3096 significare,
1385 3022 1496 3078 nihilne
1508 3022 1658 3077 interest?
1674 3039 1714 3077 an
1730 3022 1843 3095 aliquid
1855 3020 1894 3076 dil·

1040 3112 1222 3170 ierunt‘ldd.
1239 3113 1317 3167 idem
1329 3116 1479 3185 putoesse.
1492 3112 1568 3181 Aug.
1590 3111 1703 3167 Nonne
1729 3117 1812 3167 recte
1829 3110 1893 3174 dicit

1041 3201 1092 3275 qui
1103 3200 1173 3256 dicit
1183 3199 1246 3255 idco
1260 3217 1313 3256 uos
1322 3200 1483 3272 significare
1496 3204 1527 3253 ut
1543 3200 1733 3256 doceamus?
1746 3200 1809 3255 Ad.
1824 3200 1895 3255 ilecto

1041 3305 1166 3362 prorsus.
1180 3289 1254 3358 Aue.
1271 3287 1354 3354 Quid,
1371 3288 1395 3342 si
1408 3288 1482 3343 dicat
1495 3286 1569 3342 alius
1584 3287 1657 3343 ideo
1672 3305 1732 3344 nos
1757 3290 1857 3346 docere
1871 3295 1896 3342 ut

1041 3376 1256 3449 significemus?
1269 3393 1364 3433 nonne
1383 3376 1465 3432 facile
1479 3376 1631 3448 superiore
1647 3378 1804 3434 sententia
1823 3376 1894 3434 refel-

1041 3467 1138 3522 letnr‘l
1151 3465 1206 3522 Ad.
1224 3467 1265 3520 lta
1280 3469 1331 3521 est.
1350 3467 1422 3535 Aug.
1434 3465 1463 3521 Si
1484 3480 1552 3537 ergo
1571 3465 1788 3538 significamus
1809 3471 1840 3522 ut
1856 3465 1895 3520 dc»

1042 3569 1235 3622 ceamus,non
1248 3554 1381 3609 docemus
1397 3553 1659 3626 utsigniticemus3
1684 3556 1773 3612 aliud
1797 3560 1839 3612 est
1858 3554 1895 3610 do

1041 3658 1115 3709 cere,
1137 3642 1214 3697 aliud
1233 3641 1405 3714 significare.
1420 3642 1474 3697 Ad.
1499 3642 1607 3696 Verum
1635 3642 1726 3714 dicis,
1757 3661 1814 3699 nec
1832 3645 1894 3698 recte

1040 3730 1117 3787 idem
1132 3747 1192 3785 esse
1205 3729 1512 3804 utrumquerespondi.
1523 3730 1597 3799 Aue.
1607 3730 1696 3786 Nunc
1703 3732 1785 3789 illud
1794 3747 1895 3805 respon·

1040 3821 1196 3890 deutrum
1215 3820 1265 3892 qui
1292 3820 1374 3876 docet
1399 3819 1467 3892 quid
1490 3819 1524 3873 sit
1543 3819 1662 3889 docere,
1685 3819 1894 3893 significadoid

1041 3913 1118 3982 agat,
1131 3924 1168 3963 an
1184 3908 1275 3964 aliter.
1293 3909 1351 3964 Ad.
1363 3909 1427 3964 Non
1441 3907 1523 3962 rideo
1538 3909 1694 3979 quomodo
1704 3910 1798 3967 aliter
1809 3908 1893 3983 pessit.

141 3993 182 4048 vit
195 3994 240 4048 vel
254 3993 394 4065 cupiditas
408 3992 519 4064 pendit,
534 3994 608 4049 hanc
633 4009 720 4048 unam
745 3993 904 4065 anteponit,
929 4011 986 4067 qua
1040 3999 1114 4068 Aug.
1129 3998 1242 4053 Falsum
1257 4001 1300 4052 est
1308 3997 1398 4068 igitur
1408 3996 1485 4070 quod
1496 3997 1582 4068 paulo
1596 3999 1670 4052 aute
1684 3998 1804 4067 dixisti,
1814 3995 1894 4053 docui

137 4081 302 4138 cruciantur
315 4081 445 4138 homines
460 4082 510 4154 qui
525 4082 592 4137 vitia
606 4082 770 4156 quaeritare
785 4098 843 4138 non
855 4087 983 4155 possunt,
1040 4101 1101 4141 rem
1113 4102 1196 4159 posse
1212 4085 1274 4141 sine
1288 4085 1388 4158 siguis,
1403 4101 1468 4140 cum
1484 4084 1628 4157 quaritur
1644 4087 1721 4158 quid
1752 4088 1792 4142 sit
1814 4087 1893 4160 ipsun

138 4173 281 4242 coguntur
296 4185 459 4242 agnoscere.
475 4170 547 4240 Aug.
559 4172 643 4226 Potes
654 4170 709 4226 hoc
723 4171 808 4227 modo
830 4171 986 4242 cognitioni
1040 4176 1161 4243 docere;
1183 4174 1298 4248 quando
1313 4190 1349 4230 ne
1368 4175 1423 4230 hoc
1437 4173 1555 4246 quidem
1577 4173 1722 4230 videmus
1739 4176 1806 4232 sine
1820 4175 1894 4248 sigui·

136 4258 223 4330 hujus
237 4258 362 4315 nominis
376 4259 468 4331 ipsam
491 4276 606 4332 quoque
626 4259 764 4316 virtutum
792 4259 985 4331 cognitionem
1040 4263 1173 4320 flectione
1188 4264 1234 4335 egi
1246 4280 1342 4335 posse,
1358 4279 1423 4318 cum
1439 4261 1516 4317 aliud
1536 4277 1597 4316 esse
1626 4262 1818 4335 significare,
1830 4261 1895 4320 aliud

139 4364 246 4421 negare
256 4347 464 4420 praeferendam
476 4365 483 4404 ε
494 4349 704 4421 quiavirtutem
715 4349 984 4417 riderenectenere,
1012 4416 1014 4420 ¹
1041 4352 1144 4408 docere
1159 4352 1340 4408 concesseris.
1356 4350 1385 4407 Si
1398 4350 1475 4406 euim
1490 4349 1601 4406 diversa
1616 4356 1702 4422 snut,
1725 4354 1805 4409 sicut
1819 4369 1895 4426 appe

138 4437 312 4509 supplicium
327 4442 386 4494 cst:
402 4454 459 4511 quo
484 4438 561 4493 idem
585 4437 633 4494 ille
661 4437 799 4509 satyricus
822 4438 937 4511 tyrsum
953 4440 986 4494 ut
1042 4445 1095 4507 ret,
1112 4441 1274 4512 nequeboc
1288 4439 1343 4495 nisi
1362 4457 1414 4512 per
1428 4439 1498 4496 illud
1524 4439 1703 4505 ostenditur,
1722 4459 1787 4498 nou
1801 4458 1853 4516 per
1872 4457 1895 4496 se

139 4526 297 4597 puniantur
309 4527 417 4599 optarit
443 4528 544 4598 (idid,
559 4543 587 4585 o.
613 4528 719 4595 35-38).
734 4528 794 4583 Aa.
814 4529 887 4582 lleus
912 4527 985 4584 hanc
1044 4528 1142 4601 utique
1157 4529 1327 4597 ostenditur,
1352 4527 1487 4584 sicuttibi
1505 4527 1597 4582 risum
1613 4534 1690 4585 erat.
1707 4531 1895 4596 Quamobrem

141 4617 250 4668 avertat
262 4615 417 4671 amentiam
434 4633 440 4672 :
452 4616 512 4688 jam
528 4615 606 4671 euim
621 4614 748 4688 intelligo
778 4633 836 4671 nou
851 4616 925 4688 ipsas
941 4634 985 4673 co·
1041 4617 1112 4673 nihil
1124 4617 1218 4673 adhuc
1232 4617 1380 4672 inventum
1393 4615 1530 4687 estquod
1544 4620 1708 4673 monstrari
1717 4621 1896 4692 perseipsum

139 4698 293 4769 gnitioues,
318 4702 423 4772 quibus
447 4705 577 4761 animum
604 4702 708 4759 imbuit
734 4704 841 4776 optima
855 4705 985 4761 omnium
1041 4712 1127 4780 queat
1144 4711 1250 4777 preter
1264 4705 1447 4776 locutionem,
1459 4704 1607 4777 quesiuter
1620 4705 1681 4761 alia
1696 4724 1730 4763 se
1743 4706 1895 4781 quoquesi

138 4786 561 4864 discipliua,esseculpandas;
579 4793 630 4850 sed
651 4793 842 4849 eosomuium
857 4794 985 4849 miserri·
1040 4794 1177 4868 gnificat:
1194 4811 1258 4867 que
1289 4798 1386 4849 tamen
1415 4809 1479 4848 cum
1508 4792 1595 4848 etiam
1620 4793 1688 4865 ipsa
1717 4796 1839 4868 signum
1857 4795 1894 4858 sit,

138 4892 199 4932 mos
207 4876 390 4947 judicandos,
405 4879 478 4935 sicut
497 4887 525 4937 et
539 4883 668 4938 Persium
687 4881 829 4954 judicasse
852 4882 984 4950 arbitror,
1044 4884 1170 4940 noudum
1182 4899 1299 4955 prorsus
1313 4888 1406 4938 exstat
1421 4881 1498 4955 quod
1511 4882 1573 4937 sine
1588 4880 1684 4955 siguis
1700 4884 1806 4942 doceri
1824 4897 1895 4958 posse

137 4963 252 5037 quitali
267 4965 367 5020 morbo
383 4967 475 5022 allecti
490 4976 567 5037 sunt,
593 4972 639 5027 cui
671 4987 722 5028 nec
747 4975 826 5026 tauta
843 4970 986 5026 medicina
1042 4973 1183 5029 videatur.
1198 4972 1253 5028 Ad.
1267 4971 1343 5026 Nihil
1354 4971 1445 5027 habeo
1460 4986 1510 5025 cur
1524 4985 1584 5025 non
1598 4972 1761 5030 assentiar.

140 5053 299 5110 subveniat.
311 5054 383 5122 Aee.
400 5057 475 5111 Beue
485 5058 640 5131 intelligis:
656 5060 704 5116 sed
720 5076 835 5133 quoquo
855 5060 941 5114 modo
956 5076 986 5115 se
1077 5064 1119 5116 31.
1137 5061 1209 5130 dep.
1226 5059 1393 5115 Confectum
1409 5062 1451 5114 est
1466 5058 1554 5131 igitur
1583 5062 1611 5112 et
1634 5059 1713 5116 nihil
1736 5061 1802 5117 sine
1816 5058 1894 5134 siguis

137 5143 242 5201 hebeat
254 5144 546 5215 Persianasenteutla,
563 5148 632 5220 quid
648 5150 765 5205 adnos‘l
776 5149 838 5203 Non
851 5147 985 5202 euimho·
1045 5148 1151 5217 doceri,
1168 5154 1196 5204 et
1209 5148 1403 5222 cognitionem
1418 5148 1509 5220 ipsam
1523 5148 1612 5219 signis
1632 5150 1748 5222 quibus
1760 5147 1896 5224 cognosci·

138 5249 203 5289 rum
218 5233 382 5290 auctoritati
396 5233 986 5306 subjectisumnsintalibusrebus.Deinde
1042 5253 1117 5306 mus,
1133 5237 1294 5292 chariorem
1317 5236 1400 5291 nobis
1428 5252 1487 5292 csse
1503 5239 1639 5308 oportere
1655 5255 1663 5292 ι
1681 5240 1820 5310 quamvis
1844 5251 1892 5292 nou

137 5321 162 5376 si
178 5339 235 5394 qua
250 5323 376 5396 cognitio
391 5322 547 5395 cognitioni
561 5325 737 5396 preferenda
751 5325 797 5392 sit,
814 5341 870 5380 nou
887 5324 932 5379 hic
944 5324 985 5379 fa·
1041 5324 1139 5381 omnia
1154 5342 1219 5398 quae
1234 5325 1432 5397 significantur
1444 5323 1556 5397 possint
1569 5324 1662 5396 signis
1678 5327 1742 5382 suis
1762 5345 1824 5383 esse
1847 5341 1891 5398 pe

137 5411 189 5467 cile
214 5418 256 5469 est
286 5413 438 5485 explicare.
468 5413 541 5468 Satis
568 5412 660 5468 habeo
682 5415 760 5487 quod
790 5414 921 5470 effectum
944 5417 986 5468 est
1041 5415 1125 5478 tiore,
1139 5415 1194 5470 Ad.
1210 5414 1388 5470 llaridetur.
1403 5414 1477 5483 Aug.
1507 5413 1619 5478 Quanto
1637 5399 1760 5472 tandem
1780 5414 1890 5472 circuitu

140 5502 337 5571 cognitionem
351 5518 448 5570 rerum
462 5501 739 5575 quaesignitlcuulur,
756 5503 809 5558 etsi
822 5520 881 5559 non
894 5503 987 5575 cogni·
1041 5519 1087 5559 res
1101 5503 1213 5560 tantilla
1228 5502 1401 5576 pernotant,
1417 5501 1626 5573 meministine,
1640 5505 1769 5576 quaesoi
1781 5505 1849 5561 Nam
1861 5514 1888 5554 ex
