3884 6112
89 250 141 303 uus
693 245 964 303 CONFESSIONUM
988 243 1018 301 S.
1039 244 1245 303 Auuusrtrtt.
1793 249 1839 306 tet

89 374 192 424 cesinas
204 384 211 435 ;
227 367 312 435 zelas,
332 371 360 422 et
374 382 489 421 securus
514 383 562 435 es;
576 365 695 437 poenitet
720 369 756 432 tc,
771 370 800 419 el
814 381 874 418 non
888 365 939 420 do·
994 362 1100 418 nescio.
1114 363 1340 432 Etsusoeperuut
1352 377 1399 418 me
1408 361 1840 423 consolationesmiserstionun

88 460 139 524 les,
162 456 292 511 irasceris
317 459 346 510 et
368 455 541 526 tranquillus
568 470 615 520 es;
644 469 731 526 opera
759 457 862 519 mutas,
886 461 940 508 nec
995 449 1840 527 tuarum,sioutandirieparentibuscsrnismeae,exquo¹

90 549 184 600 mutes
199 544 369 599 consilium:
395 542 499 615 recipis
514 542 589 614 quod
611 541 732 609 invenis,
747 545 776 596 el
790 557 939 613 nunquam
994 544 1023 593 et
1035 538 1066 592 in
1081 554 1139 609 qua
1148 537 1277 593 formasti
1296 553 1343 592 me
1357 537 1388 592 in
1401 542 1544 610 tempore,
1558 554 1618 594 non
1632 539 1714 596 enim
1725 556 1783 612 ego
1792 556 1841 599 ure

90 633 211 688 amisisti
223 631 232 666 ¹
246 653 254 699 ;
268 647 417 703 nunquam
440 631 534 702 inops,
552 634 581 684 et
609 630 716 700 gaudes
736 629 837 697 lncris3
864 646 939 685 nun·
995 625 1076 682 mini.
1086 626 1264 696 Exceperunt
1271 641 1340 696 erge
1351 641 1397 680 me
1404 627 1616 683 consolationes
1626 628 1709 684 lactis
1719 629 1839 688 hermani.

90 738 177 794 quam
192 738 302 788 avarus,
319 726 347 774 et
360 736 459 775 usuras
474 717 574 790 exigis.
591 718 817 789 supererogetur
830 718 892 781 tibi,
908 723 940 775 ut
995 715 1050 770 Nec
1078 719 1170 769 mater
1196 729 1271 781 mea,
1299 715 1344 770 rel
1377 715 1503 770 nutrices
1528 731 1602 771 meas
1625 716 1719 773 ubera
1745 717 1840 792 imple-

89 811 209 876 debeas;
227 813 256 863 et
277 808 342 881 quis
358 809 444 862 habet
458 806 615 879 quidquam
640 822 696 860 uon
714 808 822 861 tuum?
837 805 939 861 Reddis
993 804 1081 859 bant:
1097 803 1145 858 sed
1164 806 1195 856 tu
1209 801 1281 857 mihi
1293 819 1345 874 per
1358 819 1406 857 ess
1421 803 1694 860 dabasslimontunr
1708 805 1839 880 intente,

89 899 183 953 debita
198 897 270 952 nulli
289 896 405 956 debens,
430 896 519 951 donas
542 895 638 950 debita
662 894 732 949 nihil
754 895 888 966 perdens.
906 896 940 950 Et
994 890 1149 945 secundum
1163 887 1499 945 iustitutionemtuemet
1513 889 1838 964 divitiasusqueadiun·

88 986 156 1058 quid
172 984 294 1039 diximus
310 987 330 1048 ¹,
352 985 426 1038 Deris
449 999 540 1049 meus,
568 983 624 1038 rita
640 999 715 1049 mea,
738 983 858 1038 dulcedo
874 999 938 1037 moa
993 977 1063 1032 dum
1078 992 1173 1032 rerum
1189 976 1348 1047 dispositas.
1359 980 1402 1033 Tu
1411 978 1498 1034 stiam
1510 978 1582 1034 mibi
1597 978 1690 1034 debas
1703 980 1838 1038 nollent:-

88 1074 206 1128 saucia?
222 1077 272 1127 aut
285 1072 356 1143 quid
374 1072 442 1127 dicit
454 1071 568 1143 aliquis,
579 1087 644 1126 cum
660 1071 695 1126 de
708 1076 736 1126 te
746 1071 837 1126 dicut
847 1072 883 1127 Et
897 1087 939 1126 rae
993 1066 1069 1136 plius
1079 1081 1167 1137 quam
1181 1065 1268 1120 debas
1280 1083 1287 1132 ;
1300 1070 1329 1120 et
1344 1066 1540 1122 nutrientibus
1555 1083 1603 1123 me
1614 1067 1687 1123 dare
1698 1067 1838 1125 mihisells

86 1163 246 1217 lacentibus
266 1162 301 1216 de
316 1165 345 1215 te
357 1176 364 1228 ;
376 1160 513 1233 quoniam
532 1161 667 1232 loquaces
683 1161 754 1215 muti
769 1164 849 1217 suut.

430 1250 544 1304 CAPUT
562 1249 593 1303 V.

202 1340 271 1393 Petit
286 1352 403 1392 umorem
416 1340 475 1406 Dei,
492 1342 517 1391 et
532 1337 689 1392 delictorum
702 1339 818 1392 venium.

124 1431 150 1482 5.
165 1425 233 1492 Quis
248 1425 320 1480 mihi
336 1425 415 1480 debit
428 1425 607 1496 acquiescere
618 1425 648 1479 iu
658 1426 710 1481 te‘l
733 1425 801 1490 Quis
812 1424 940 1481 mihida-

87 1515 132 1570 hit
144 1520 175 1569 ut
190 1514 285 1568 venias
300 1514 329 1569 iu
346 1530 396 1568 cor
410 1529 518 1581 meum,
535 1518 564 1568 et
581 1513 706 1568 inebries
720 1513 800 1581 illud,
818 1518 849 1569 ut
862 1513 940 1568 obli-

88 1602 178 1655 viscar
193 1600 383 1671 malamea‚et
397 1601 604 1657 unumbonum
614 1618 711 1658 meum
726 1601 939 1672 amplectaris?

88 1689 161 1755 Quid
177 1689 309 1745 mihies?
320 1690 461 1756 Miserere,
477 1693 509 1744 ut
521 1690 633 1762 loquar,
650 1691 723 1756 Quid
732 1689 783 1745 tibi
793 1705 857 1744 sum
865 1689 937 1760 ipse,

88 1782 121 1832 ut
134 1778 224 1831 amari
240 1782 266 1832 te
278 1778 381 1849 Jubeas
392 1794 409 1832 a
421 1794 476 1845 me,
490 1783 520 1833 et
532 1778 588 1832 nisi
599 1778 703 1833 luciam
717 1778 847 1832 irascaris
856 1777 938 1844 mihi,

88 1872 115 1918 et
129 1865 248 1919 mineris
268 1864 399 1936 ingentes
413 1865 568 1920 miserias?
592 1867 719 1921 Parvane
745 1866 807 1936 ipsa
820 1871 862 1920 est
877 1864 899 1932 ³,
915 1865 939 1921 si

87 1969 146 2007 nou
161 1970 255 2009 amem
269 1954 320 2009 tei
337 1954 387 2008 ttei
403 1953 489 2010 mihil
504 1954 553 2009 ilic
576 1954 647 2008 mihi
663 1969 715 2025 per
738 1953 939 2009 miserationes

88 2048 162 2111 tuas,
176 2043 296 2098 Domine
312 2044 386 2098 Deus
400 2060 491 2110 meus,
512 2042 581 2114 quid
609 2042 647 2096 sis
670 2042 754 2097 mihi.
774 2046 823 2098 llic
841 2045 940 2098 enimse

86 2147 168 2186 mear:
190 2132 270 2187 Solos
285 2136 333 2186 lua
357 2147 404 2198 eqo
417 2146 478 2186 sum
501 2131 583 2201 (Psoi.
598 2147 693 2200 xxxiv,
717 2133 756 2201 3).
772 2131 817 2186 Sic
832 2131 888 2198 dic,
908 2134 939 2186 ut

88 2219 214 2275 audiam.
232 2220 299 2273 Eece
327 2235 409 2274 aures
437 2219 531 2274 cordis
558 2220 616 2275 mei
642 2223 708 2273 oute
735 2223 776 2287 te,
799 2219 936 2286 [lomins;

87 2323 145 2374 eas,
160 2308 238 2362 etdic
248 2309 345 2362 ouimae
352 2323 416 2361 mea
428 2324 434 2361 :
444 2308 524 2363 Solus
537 2312 585 2361 luo
598 2323 646 2378 eqo
660 2323 728 2363 sum.
745 2307 862 2362 Curram
872 2316 940 2380 post

85 2410 183 2449 vocem
197 2395 282 2462 hanc,
303 2400 331 2450 el
346 2395 563 2466 apprehendam
584 2399 623 2450 le.
645 2395 708 2450 Noli
731 2396 939 2452 absconderes

87 2483 248 2538 malaciam
262 2487 343 2538 tuam
357 2501 364 2538 :
381 2483 499 2552 moriar,
510 2499 545 2538 ne
560 2483 678 2549 moriar,
688 2489 720 2538 ut
735 2499 799 2539 eom
814 2484 936 2539 videam.

122 2574 149 2625 i.
164 2573 293 2641 Angusta
313 2576 355 2625 est
370 2571 473 2626 domus
487 2571 592 2625 animae
609 2587 682 2625 mem
705 2587 762 2642 quo
782 2572 880 2626 venias
899 2572 936 2627 ad

89 2675 152 2715 cam
165 2680 172 2728 ;
184 2660 318 2716 dilatetur
332 2660 382 2715 abs
396 2665 434 2715 le.
449 2660 576 2716 Ruinosa
590 2663 648 2726 est,
663 2660 747 2714 refice
762 2676 836 2717 earn.
849 2661 939 2716 Habet

87 2764 152 2819 quae
173 2746 318 2803 offendant
339 2749 436 2802 oculos
455 2752 538 2814 tuos;
561 2749 652 2802 fateor
668 2751 696 2801 et
710 2747 788 2802 scio:
805 2748 854 2803 sed
874 2748 939 2819 quis

85 2835 236 2891 mundabit
250 2852 314 2891 eam
325 2837 339 2892 ‘l
352 2840 401 2890 eut
412 2835 458 2890 cui
472 2835 553 2891 alleri
567 2840 672 2906 praeter
687 2840 714 2890 te
735 2834 877 2902 clamabo,
894 2835 937 2890 At

86 2925 196 2979 occultis
205 2926 272 2978 mma
280 2923 383 2978 mundo
392 2940 443 2987 mc,
456 2927 574 2989 Domine,
583 2928 609 2978 ct
622 2923 657 2978 oe
668 2925 765 2979 olicrsis
773 2939 856 2993 poree
862 2939 938 2979 seruo

87 3014 153 3065 tuo?
169 3010 253 3082 (Psoi.
270 3026 349 3077 reru,
373 3015 415 3073 id,
435 3010 489 3082 li.)
511 3011 600 3066 Credo
612 3015 735 3082 propter
748 3010 827 3082 quod
847 3014 876 3065 et
896 3010 938 3065 lo-

87 3114 161 3170 quor
184 3098 281 3169 (Psoi.
301 3115 363 3167 cxv,
380 3101 413 3153 10
426 3102 457 3166 );
482 3099 613 3167 Domino,
633 3103 663 3153 tu
688 3098 752 3155 scis.
768 3098 869 3154 Nonne
885 3097 939 3153 tibi

87 3186 254 3258 prolocutus
269 3202 332 3240 sum
344 3186 493 3241 adversum
504 3203 549 3241 me
558 3187 661 3242 delicta
672 3203 744 3253 mea,
760 3187 937 3254 lleusmeus3

88 3279 117 3328 el
131 3278 163 3328 tu
175 3273 308 3328 dimisisti
322 3273 500 3345 impietatem
516 3274 608 3329 cordis
619 3275 675 3329 mei
686 3275 795 3343 ilPsol.
809 3290 885 3341 ιω,
897 3278 937 3344 5.)

88 3363 149 3416 Non
156 3362 264 3434 judicio
275 3362 417 3418 contendo
431 3367 523 3417 tecum
537 3362 587 3434 qui
598 3362 701 3417 veritas
716 3379 745 3417 es
760 3363 836 3434 (Jot.
851 3378 888 3432 rx,
909 3364 937 3417 2.

20 3475 24 3487 ·
88 3453 112 3519 (l)
127 3457 232 3522 ;etego
242 3451 306 3505 nolo
318 3450 415 3506 fallere
426 3451 578 3522 meipsum,
592 3466 628 3506 ne
638 3449 939 3521 mentiaturiniquitus

88 3555 154 3594 mea
163 3539 218 3594 sibi
232 3541 315 3607 (Paul.
337 3556 412 3607 xxrr,
430 3541 485 3609 li).
509 3540 571 3594 Non
594 3555 662 3611 ergo
674 3537 783 3611 judicio
797 3539 939 3593 contendo

88 3632 202 3694 tecum;
219 3628 286 3699 quis
302 3627 325 3682 si
340 3628 507 3700 iniquitates
520 3627 724 3698 observaveris,
733 3625 871 3695 Domine·,
885 3627 939 3682 llo·

88 3716 175 3778 mine,
196 3717 260 3788 quis
273 3716 447 3772 sustinebit?
462 3717 545 3787 [Psol.
560 3733 648 3783 cxxrx,
660 3718 697 3788 3.)

426 3806 539 3860 CAPUT
553 3806 598 3860 Vl.

88 3894 241 3959 trefortium
262 3907 340 3946 enom
354 3893 493 3960 describit,
517 3893 613 3946 loudot
628 3894 676 3946 ilci
686 3891 889 3961 prouidentiam
911 3894 938 3945 el

420 3982 607 4034 eternitatem.

123 4072 150 4122 7.
172 4066 225 4122 Sed
246 4069 354 4135 tamen,
369 4067 429 4122 sine
445 4083 490 4123 me
515 4067 596 4138 loqui
616 4066 693 4138 apud
712 4066 938 4125 misericordiam

88 4161 179 4224 luam,
196 4172 241 4211 me
252 4160 358 4210 terrem
372 4155 546 4210 etcinerem.
558 4155 625 4212 Sine
635 4160 645 4193 ⁴
655 4157 852 4228 lamenloqui;
868 4174 940 4230 quo·

89 4247 167 4301 niam
178 4262 241 4300 ecce
251 4244 445 4300 misericordia
453 4249 501 4308 tun
513 4248 631 4314 estnon
640 4244 728 4298 homo
739 4243 839 4301 irrisor
846 4263 938 4318 meus,

88 4335 134 4390 cui
149 4337 261 4408 loquor.
286 4335 320 4389 Et
334 4334 497 4389 insertasse
513 4332 616 4388 irrides
632 4348 699 4400 me;
721 4332 770 4388 sed
785 4348 940 4389 conversus

89 4423 270 4479 misereberis
284 4422 351 4478 mei.
368 4421 438 4487 Quid
450 4420 529 4476 euim
543 4425 586 4475 est
603 4420 680 4492 quod
690 4420 753 4474 volo
767 4420 872 4487 dicere,
883 4422 939 4476 llo-

93 4512 169 4566 mine
187 4513 262 4567 Deus
272 4528 364 4570 meus.
379 4511 435 4566 nisi
450 4510 517 4582 quia
529 4510 625 4564 nescio
638 4509 714 4564 unde
729 4510 857 4565 venerim
872 4509 938 4577 hnc,

91 4599 122 4653 in
136 4599 221 4654 istam
236 4600 300 4655 dico
318 4601 406 4655 vitam
418 4599 570 4655 mortalem
580 4595 601 4665 ⁵,
619 4613 656 4652 au
671 4601 795 4653 mortem
811 4598 938 4667 vitalem,

122 4689 129 4722 ¹
142 4687 222 4735 Juxta
234 4686 333 4736 Somm.
349 4688 418 4748 Flor,
431 4687 531 4737 Rond.:
545 4688 657 4739 Amlllls.
670 4686 704 4736 ll.

120 4749 132 4783 ²
147 4747 246 4797 Somm.
264 4749 385 4800 elllond.
400 4763 431 4799 ex
442 4763 496 4799 uno
513 4748 557 4800 Cd.
574 4750 723 4798 :Dicimus
736 4747 773 4797 bl.

10 4833 13 4838 -
121 4809 175 4858 ³ln
187 4810 304 4873 sistiquis
318 4811 382 4860 Edd.
399 4812 462 4862 Bnd,
482 4812 532 4862 sn.
553 4814 580 4861 et
603 4811 656 4872 En,
680 4823 729 4859 nec
743 4823 798 4859 non
815 4810 842 4860 in
857 4825 938 4863 unce

89 4872 151 4921 lisa.
167 4871 281 4929 additur,
295 4875 412 4924 miserto.

119 4933 272 4983 iSummal.
285 4949 291 4993 ;
306 4934 392 4983 Rond.
412 4948 443 4984 ex
459 4949 554 4985 novem
579 4934 657 4996 blss.;
676 4935 751 4984 liert.
779 4947 813 4983 ex
834 4934 937 4987 duobus

89 4997 169 5055 blss.;
186 4997 248 5046 Siue
262 5008 314 5044 mc.
328 4996 361 5045 lt.
423 5020 435 5037 ι

120 5061 131 5094 ⁵
145 5058 184 5107 lto
198 5058 260 5106 Mes.
274 5058 356 5106 terme
381 5071 472 5107 omnes
486 5061 513 5108 et
526 5058 606 5109 editio
622 5072 670 5123 per
681 5058 826 5108 Antonium
843 5058 938 5110 Arnai·

90 5120 154 5170 dum
167 5119 302 5182 doctorem
320 5118 493 5169 Sorbonicum
506 5121 652 5182 adorneta;
667 5121 714 5170 uhi
726 5121 837 5170 verbum
850 5126 938 5171 nescis

89 5184 201 5233 retertur
211 5182 575 5246 adsuperioremsententiem
587 5198 593 5232 z
605 5183 677 5234 l‘ude
686 5185 805 5234 sennim
815 5183 876 5243 buc,
886 5197 939 5247 qua

89 5259 117 5295 ee
126 5245 290 5309 Augustinus
305 5241 436 5354 siqniflcat
447 5243 516 5292 circe
523 5245 618 5295 animae
628 5245 755 5309 originem
764 5244 939 5296 fluctuarent

89 5307 152 5358 ilud.
169 5312 228 5359 Am.
237 5310 263 5357 et
276 5306 318 5356 Er.
351 5305 448 5355 abent:
465 5307 497 5355 ln
509 5308 589 5357 istoru
601 5307 661 5358 dico
674 5306 820 5358 mortalem
833 5309 938 5357 mom:

89 5371 235 5422 mortalem
245 5368 334 5421 dicum
345 5370 440 5424 ollam,
447 5378 486 5416 on
492 5371 737 5429 mortesueitolcm,
748 5368 938 5432 nesciozqusm

89 5431 228 5482 lectionem
246 5431 420 5482 Lovanienses
434 5428 467 5478 ad
482 5429 562 5478 trium
572 5432 633 5480 tiss.
649 5430 727 5480 tidem
742 5432 780 5480 sic
791 5435 937 5492 mutarunl;

89 5492 936 5550 luistomdlcummortolemstramentorumsitalemmeseio.

994 1155 1070 1226 quod
1090 1153 1131 1208 eis
1153 1154 1251 1209 dabas.
1266 1155 1339 1210 llere
1353 1155 1431 1209 enim
1446 1155 1519 1210 mibi
1532 1172 1585 1228 per
1599 1156 1772 1212 ordinatum
1781 1157 1836 1214 sde-

993 1247 1072 1298 ctnm
1085 1242 1217 1298 volebant
1227 1258 1326 1314 quocx
1341 1247 1369 1298 te
1379 1244 1573 1301 abundabant.
1584 1247 1659 1300 Nam
1669 1245 1837 1302 bouummt

992 1331 1035 1387 eis
1049 1331 1158 1387 bonum
1167 1347 1264 1386 meum
1275 1348 1308 1386 er
1319 1333 1360 1387 eis
1372 1353 1380 1400 ;
1390 1334 1469 1405 qnod
1479 1349 1537 1389 non
1550 1349 1585 1389 ex
1596 1335 1640 1390 eis
1649 1337 1672 1402 ¹,
1684 1335 1835 1407 sedperess

992 1424 1052 1474 eret
1068 1435 1076 1474 ι
1093 1437 1126 1474 er
1137 1425 1165 1474 ts
1180 1420 1287 1492 quippe
1302 1420 1378 1475 boue
1389 1421 1496 1489 omnis,
1511 1423 1588 1478 Deus
1601 1443 1610 1490 ;
1624 1426 1654 1479 et
1664 1438 1703 1478 ex
1713 1423 1771 1478 tlso
1782 1440 1835 1480 nso

993 1510 1069 1564 salus
1083 1508 1154 1563 mihi
1169 1508 1312 1564 universa.
1338 1510 1421 1575 Quod
1440 1509 1633 1566 animadverti
1647 1512 1835 1584 postmodun,

993 1597 1134 1652 clamante
1149 1602 1177 1653 te
1191 1596 1263 1651 milri
1283 1613 1335 1669 per
1357 1598 1420 1653 haec
1443 1597 1505 1669 ipsa
1525 1614 1592 1670 quse
1607 1598 1715 1654 tribuis
1732 1599 1836 1655 intusel

993 1687 1072 1742 ioris.
1089 1687 1160 1741 Nam
1175 1691 1244 1743 tunc
1256 1702 1358 1758 sugere
1372 1702 1485 1752 norem,
1498 1692 1527 1742 st
1534 1688 1722 1760 acquiescere
1730 1689 1835 1745 delecta·

993 1775 1130 1842 tionibus,
1146 1778 1215 1831 llere
1244 1780 1340 1831 aulem
1360 1774 1533 1831 offensiones
1556 1777 1651 1832 carnis
1670 1790 1764 1847 mem
1777 1778 1833 1833 nibil

994 1862 1129 1934 amplius.

1029 1954 1055 2007 8.
1077 1953 1143 2006 Post
1170 1956 1199 2006 el
1213 1952 1308 2007 ridere
1331 1952 1417 2023 coepi,
1437 1951 1585 2009 dormiens
1606 1954 1716 2026 primo,
1744 1954 1833 2010 dffle

992 2039 1124 2112 vigilans.
1142 2042 1198 2095 lloc
1212 2041 1291 2096 enim
1305 2041 1340 2096 de
1354 2057 1401 2096 me
1416 2041 1487 2096 mihi
1502 2041 1664 2097 indiculum
1679 2046 1723 2099 est
1739 2047 1768 2099 st
1784 2059 1833 2099 css·

995 2127 1066 2196 didi,
1083 2128 1219 2200 quoniam
1235 2129 1276 2185 sic
1288 2129 1417 2185 ridemus
1432 2131 1539 2186 stallos
1553 2130 1700 2188 infantes:
1715 2148 1781 2188 nam
1791 2131 1834 2188 isla

993 2232 1058 2271 mes
1069 2233 1128 2272 nou
1140 2218 1269 2274 memini.
1286 2219 1320 2274 Et
1333 2234 1398 2273 ecce
1412 2219 1552 2290 paulatim
1566 2220 1731 2276 sentiebam
1743 2221 1792 2276 ubi
1802 2237 1834 2277 se

992 2310 1100 2374 sem,et
1111 2307 1270 2362 voluntates
1281 2307 1834 2382 measrolebsmostendereeisperqsos

992 2392 1193 2464 implerentur,
1211 2399 1241 2450 et
1260 2411 1318 2450 non
1332 2399 1462 2467 poteram
1475 2416 1483 2464 3
1497 2396 1566 2468 qnia
1581 2397 1641 2452 illae
1665 2397 1745 2453 intus
1755 2400 1833 2464 anu

992 2481 1062 2537 ioris
1076 2487 1173 2537 autem
1189 2482 1242 2549 illi,
1257 2498 1310 2538 nec
1324 2484 1384 2539 ullo
1401 2500 1454 2539 suo
1470 2500 1556 2541 seusu
1580 2486 1718 2542 velebant
1729 2485 1835 2543 introire

992 2569 1022 2624 in
1038 2569 1165 2625 animam
1180 2587 1285 2627 meam.
1299 2573 1399 2644 ltaque
1407 2573 1552 2644 jactabam
1567 2575 1701 2630 membra
1712 2579 1743 2631 et
1755 2590 1835 2643 roca,

992 2658 1074 2728 signa
1089 2659 1195 2715 similia
1207 2659 1405 2715 voluntatibus
1419 2661 1502 2730 meis,
1519 2678 1612 2733 pauco
1627 2678 1695 2734 qnae
1708 2666 1834 2735 poterin,

993 2746 1090 2818 qualio
1100 2752 1249 2818 poteram:
1264 2763 1324 2803 non
1345 2749 1515 2805 enimeraut
1529 2750 1588 2806 veri
1603 2751 1724 2808 similis
1741 2753 1836 2807 Etcum

992 2835 1064 2889 mihi
1080 2851 1137 2890 non
1156 2836 1419 2907 obtemperabatur,
1434 2838 1476 2892 rel
1492 2854 1552 2893 non
1580 2839 1740 2907 intellecto,
1753 2839 1796 2896 vel
1807 2855 1836 2895 ns

992 2924 1114 2990 obesset,
1130 2924 1301 2996 indignabar
1315 2941 1374 2980 non
1388 2925 1507 2981 subditis
1522 2927 1693 2998 majoribus,
1710 2932 1741 2984 et
1752 2927 1837 2984 liberis

992 3028 1051 3067 non
1065 3012 1267 3082 servientibus,
1288 3018 1317 3068 et
1335 3029 1381 3068 me
1403 3013 1439 3069 de
1456 3014 1514 3069 illis
1536 3015 1634 3071 tiendo
1653 3015 1835 3072 vindicabam.

993 3102 1074 3157 Tales
1090 3117 1151 3156 esse
1165 3100 1288 3156 infantes
1313 3101 1400 3156 didici
1422 3118 1494 3174 quos
1511 3103 1621 3159 discere
1644 3104 1741 3176 potui,
1761 3109 1837 3161 mres

992 3190 1081 3245 talem
1095 3189 1182 3245 tuisse
1198 3189 1290 3260 magis
1301 3189 1371 3244 mihi
1386 3189 1441 3262 ipsi
1456 3191 1657 3248 iudicaverunt
1678 3193 1835 3259 nescientes,

994 3295 1082 3351 quam
1096 3277 1216 3333 scientes
1226 3278 1382 3333 nutritores
1396 3279 1464 3334 mei.

1028 3370 1055 3422 9.
1070 3367 1103 3422 Et
1116 3381 1181 3420 eece
1195 3365 1317 3421 iniantie
1338 3382 1403 3422 mea
1430 3367 1501 3423 clim
1529 3371 1644 3423 mortus
1668 3372 1724 3439 est,
1748 3373 1777 3426 st
1791 3384 1835 3440 ego

992 3452 1067 3508 vivo,
1079 3455 1120 3509 Tu
1140 3457 1248 3514 eutem,
1265 3455 1395 3523 llomine,
1411 3456 1462 3526 qui
1473 3460 1501 3512 et
1511 3471 1627 3527 semper
1639 3457 1724 3527 viris,
1736 3463 1767 3515 st
1777 3457 1834 3514 nibil

993 3541 1115 3597 moritur
1127 3542 1158 3597 in
1172 3547 1210 3609 le,
1226 3543 1364 3614 quoniam
1377 3549 1443 3599 ante
1455 3543 1614 3615 primordia
1628 3548 1834 3614 saeculorumst

992 3635 1059 3685 ante
1070 3646 1156 3686 omne
1171 3630 1248 3702 quod
1272 3632 1316 3686 vel
1336 3635 1402 3686 ante
1418 3631 1473 3687 dici
1487 3637 1589 3704 polest,
1614 3637 1647 3689 tu
1667 3650 1711 3705 ss,
1731 3639 1760 3691 et
1773 3637 1832 3692 usu

993 3734 1024 3771 es
1033 3717 1229 3790 dominusque
1237 3717 1367 3773 omnium
1378 3734 1443 3790 quae
1451 3720 1555 3775 creasti
1566 3737 1573 3775 :
1585 3724 1614 3775 et
1624 3722 1740 3793 epudle
1748 3738 1828 3780 remu

993 3805 1124 3861 omnium
1138 3805 1317 3861 instabilium
1333 3810 1407 3862 stent
1421 3823 1532 3875 causes;
1548 3813 1692 3866 atrorum
1718 3812 1829 3869 omniun

993 3893 1233 3949 irrationabilium
1246 3899 1275 3950 et
1288 3895 1491 3966 temporalium
1501 3898 1685 3968 sempiterne
1695 3901 1829 3957 visuntu-

993 3981 1095 4037 tioues.
1111 3983 1160 4037 Dic
1171 3982 1243 4037 milri
1258 3983 1380 4054 supplici
1393 3989 1455 4052 tuo,
1471 3986 1557 4056 Deus,
1572 3990 1602 4041 et
1618 3988 1780 4046 misericors
1789 3988 1828 4044 ni·

994 4086 1057 4125 sero
1072 4074 1142 4135 tuo,
1158 4070 1203 4127 dic
1218 4070 1720 4145 mibiulrumjamalicuioetatimeae
1728 4081 1827 4135 merim

994 4158 1162 4214 successerit
1177 4158 1376 4215 instantiamea
1391 4177 1399 4216 :
1414 4176 1451 4216 eu
1475 4162 1524 4216 illu
1538 4167 1582 4218 est
1602 4180 1694 4236 quam
1713 4165 1760 4238 egi
1770 4166 1827 4221 utu

992 4247 1100 4301 viscere
1110 4246 1209 4301 matris
1224 4251 1320 4303 merei
1334 4249 1405 4303 Nem
1420 4254 1449 4304 el
1462 4250 1497 4305 de
1508 4251 1558 4306 illa
1574 4251 1649 4307 mihi
1658 4253 1786 4310 nonnihil
1793 4252 1824 4307 in·

994 4335 1120 4391 dicatum
1134 4341 1187 4402 est,
1212 4341 1240 4391 et
1256 4342 1439 4409 pregnantes
1461 4337 1522 4410 ipse
1543 4339 1603 4395 vidi
1626 4341 1757 4400 leminea
1768 4338 1825 4409 onii

993 4428 1060 4479 ante
1074 4424 1148 4479 hanc
1163 4425 1259 4491 eliam,
1277 4425 1397 4481 dulcedo
1412 4442 1486 4494 mea,
1503 4428 1578 4482 tleus
1589 4431 1694 4486 meus?
1706 4430 1781 4487 iuius
1790 4427 1827 4484 ali

993 4512 1070 4579 cubi,
1079 4513 1241 4585 autaliqois
1252 4516 1266 4569 ‘i
1279 4516 1350 4569 Nem
1365 4515 1430 4586 quis
1443 4515 1514 4572 mibi
1524 4516 1660 4574 dicatists
1673 4519 1825 4583 nonmbm

992 4617 1045 4656 nec
1055 4605 1136 4673 pater
1147 4606 1465 4674 necmeterpoluerunt,
1473 4621 1525 4660 nec
1533 4605 1827 4680 aliorumexperinrsn

994 4695 1065 4755 lum,
1082 4704 1134 4743 noc
1150 4690 1290 4744 memoria
1305 4706 1378 4748 mea.
1404 4693 1448 4746 An
1465 4691 1567 4747 irrides
1581 4709 1629 4749 me
1643 4696 1699 4751 ista
1712 4708 1827 4770 qarersn

992 4782 1062 4841 tem,
1077 4780 1164 4849 teque
1178 4778 1212 4834 de
1236 4779 1290 4833 hec
1305 4780 1381 4852 quod
1392 4778 1469 4849 novi,
1485 4780 1597 4837 laudari
1620 4798 1695 4840 ame
1706 4784 1794 4857 iubes,
1806 4783 1828 4835 el

995 4865 1126 4922 confiteri
1140 4882 1187 4921 me
1201 4866 1254 4922 tibi
1268 4867 1308 4924 ⁸?

1030 4958 1072 5012 to.
1089 4955 1233 5012 Confiteor
1251 4955 1313 5026 tibi,
1338 4957 1461 5013 Domine
1488 4957 1551 5013 coeli
1573 4963 1601 5015 el
1615 4963 1713 5031 terrie,
1730 4958 1826 5019 lauden

1024 5121 1119 5186 ¹Apud
1136 5122 1199 5180 liud,
1211 5126 1267 5172 Αιιι.
1282 5124 1325 5173 Er.
1340 5127 1367 5174 et
1382 5123 1521 5178 Lousia
1533 5126 1665 5192 quaeis
1713 5125 1824 5181 Ηοπύι
1874 5180 1876 5187 ,

991 5184 1184 5249 porroinlltss.
1201 5185 1267 5235 etin
1284 5186 1473 5259 editionenrtul.
1489 5188 1598 5239 Arnaldi
1617 5203 1667 5255 pro
1729 5191 1735 5203 “
1812 5198 1824 5234 ⁰
1874 5242 1876 5249 ,

993 5248 1549 5373 ”titttttil:itrtttlirtnn
1567 5314 1636 5365 ιιι.
1662 5315 1737 5367 uns
1753 5308 1820 5365 aar.

993 5382 1053 5420 curn
1068 5371 1081 5419 l
1096 5371 1147 5420 ll:
1165 5370 1236 5432 ouod
1248 5383 1300 5422 nos
1316 5375 1409 5424 escis
1422 5375 1456 5424 lt.

1023 5433 1035 5469 ⁵
1050 5431 1149 5482 Somm
1165 5434 1227 5482 tor.
1244 5434 1376 5485 Roudon
1391 5436 1528 5487 nonnullis
1542 5437 1608 5489 cdd.
1626 5439 1782 5504 querulas
1795 5434 1819 5487 tt.

993 5494 1037 5557 qul
1049 5493 1081 5544 de
1093 5491 1149 5554 lior,
1164 5494 1233 5557 quod
1246 5500 1316 5556 stom,
1327 5497 1479 5549 luudortte.
1490 5499 1524 5548 ll.
