3884 6112
63 260 131 313 rari
808 257 916 314 LIBER
935 256 1078 315 PRIMUS.
1742 262 1809 317 titt

54 380 147 446 pitore
161 378 232 432 enim
250 375 284 432 de
307 377 368 447 itta,
388 391 480 433 seruus
506 382 545 434 est
571 383 788 447 consummatus;
816 384 842 437 et
860 381 908 449 qni
962 378 1808 453 gunt,quierunt,concupiscunt,vigilant,cogitant,curant,

55 468 217 535 visitaverit
230 470 342 536 propter
354 467 441 533 ittam,
457 469 509 522 cito
523 469 575 522 erit
587 483 695 524 scaurus
708 485 715 523 :
730 471 796 538 quia
810 469 907 536 manos
961 484 1044 539 posse
1059 468 1200 540 cognosci.
1222 468 1303 524 Salus
1323 469 1411 524 animi
1426 474 1454 524 et
1472 471 1517 524 via
1531 468 1716 527 beatitudinis
1730 476 1809 528 utra·

56 558 149 625 seipso
163 555 262 611 circuit
276 569 408 624 querens,
419 558 444 609 et
458 557 487 609 in
501 558 555 610 uiis
570 557 688 612 ostendit
700 573 728 612 se
742 558 798 612 itt-is
809 559 906 612 hilari·
961 572 1083 628 rumque
1098 556 1309 628 scripturarum
1323 573 1391 628 pace
1406 561 1591 626 monstratur,
1601 563 1629 614 et
1642 575 1691 613 vos
1706 560 1809 615 latrare

56 648 106 711 ter,
130 650 155 699 et
181 646 255 699 omni
278 644 453 714 prouidentia
476 649 593 701 occurrit
607 648 673 702 iltis.
698 646 812 701 Initium
835 649 908 703 enim
962 645 1059 716 potius
1068 645 1201 700 adversus
1216 646 1288 712 huic,
1304 661 1389 716 quam
1405 645 1450 699 his
1465 647 1665 716 obtemperare
1679 647 1808 719 diligitis.

56 735 132 789 iltius
152 736 326 790 verissimum
345 735 496 804 disciplinis
514 737 728 804 concupiscentia
753 739 805 790 est.
836 737 908 793 Cura
963 733 1045 788 Brevi
1060 733 1151 788 dicam
1168 734 1244 804 quod
1261 733 1368 788 sentio:
1387 734 1483 789 audite
1498 734 1593 789 doctos
1615 736 1744 791 Ecclesia
1763 753 1810 792 ca·

58 838 122 891 erqo
136 823 289 892 disciplina
307 822 414 877 ditectio
424 827 463 878 est
474 839 481 889 ;
494 827 520 877 et
533 823 640 878 ditectio
660 823 801 878 custoditio
821 825 909 892 lepnm
961 821 1075 877 thelicae
1088 822 1165 876 viros
1176 827 1254 877 tanta
1268 838 1336 894 pace
1347 821 1447 889 animi,
1463 824 1490 876 et
1500 839 1533 877 eo
1549 826 1613 878 voto
1629 839 1686 894 quo
1697 840 1747 878 vos
1756 840 1810 895 ego

57 913 132 967 iltius
147 917 204 967 est:
219 911 364 967 custoditio
379 915 467 966 antem
483 912 581 979 haum,
600 911 769 984 confirmatio
787 915 909 969 incorru-
963 910 1075 979 audivi;
1093 910 1164 965 nihil
1180 927 1252 980 opus
1266 911 1320 966 erit
1334 927 1436 965 novem
1451 910 1533 965 annis
1548 911 1651 982 quibus
1668 929 1712 967 me
1730 912 1809 967 ludi-

57 1003 160 1071 pttonis
173 1006 228 1066 est;
241 1002 409 1070 incorruptio
421 1003 585 1068 outemtacit
591 1004 747 1070 procrimum
760 1001 829 1057 Deo.
846 1004 909 1060 Con·
963 998 1066 1054 ficastis
1095 1000 1140 1071 (a).
1171 1000 1265 1071 Longe
1308 999 1437 1067 omnino,
1467 1000 1554 1071 longe
1581 1001 1711 1056 breviore
1737 1005 1810 1056 tem-

57 1093 226 1160 cupr'scentia
239 1093 333 1159 itaque
345 1091 484 1158 sapientia
496 1089 605 1145 deducit
614 1090 768 1158 ndrepnum
776 1092 854 1162 (Sap.
870 1107 907 1158 vr,
962 1103 1042 1159 pore,
1075 1088 1145 1159 quid
1184 1088 1297 1143 intersit
1324 1088 1399 1143 inter
1422 1088 1571 1144 veritatem
1598 1089 1810 1162 vanitatemque

59 1178 166 1249 itm).
182 1179 261 1234 ltane
272 1178 388 1233 tandem
403 1178 495 1233 adhuc
509 1178 659 1234 adversum
682 1179 736 1234 ista
750 1178 909 1235 latrabitis?
963 1175 1097 1231 cernetis.

59 1268 159 1324 Nonne
173 1267 214 1322 ita
229 1266 321 1338 posita
337 1273 366 1322 et
380 1267 509 1322 nondum
523 1268 677 1335 intellecta,
692 1267 782 1323 cuivis
800 1267 906 1340 signiti-
963 1263 1075 1319 CAPUT
1088 1265 1155 1320 XIX.
1170 1294 1203 1303 -
1227 1265 1420 1334 Temperantia
1438 1267 1572 1334 astricem
1586 1269 1671 1322 sacris
1698 1268 1811 1323 Litteris

58 1360 124 1412 cant
137 1357 227 1411 altum
242 1372 272 1410 se
285 1355 423 1426 quiddam
438 1358 466 1410 et
481 1355 626 1410 ineffabile
634 1355 802 1411 contineret
816 1357 837 1411 0
853 1356 909 1411 uti·
1317 1351 1457 1407 describit.

57 1460 126 1499 nam
140 1443 262 1515 possetis
284 1443 447 1515 intelligere
470 1459 536 1515 quae
552 1442 626 1499 dicta
641 1446 724 1499 sunt!
752 1443 909 1499 Confestim
999 1442 1042 1494 ³5.
1058 1438 1112 1493 Sed
1126 1443 1239 1509 tempus
1253 1443 1296 1493 est
1311 1439 1344 1493 ad
1355 1439 1418 1493 illas
1432 1439 1550 1495 virtutes
1561 1446 1684 1512 quatuor
1697 1443 1810 1511 reverti,

58 1533 221 1604 abjiceretis
249 1549 349 1588 omnes
364 1532 486 1604 ineptias
500 1532 681 1602 tabellarum,
698 1537 727 1587 et
741 1531 910 1587 vanissimas
964 1531 1040 1583 etex
1056 1527 1236 1598 hissingulis
1254 1542 1354 1582 eruere
1379 1543 1411 1581 ac
1424 1527 1527 1582 ducere
1550 1528 1663 1584 vivendi
1680 1530 1809 1586 modum.

56 1622 279 1693 imaginationes
293 1637 457 1692 corporum,
480 1626 612 1693 totosque
626 1638 675 1676 vos
689 1637 795 1693 magna
808 1621 909 1676 alacri·
964 1618 1062 1686 ltaque
1077 1614 1624 1688 priustemperantiamvideamus,qnae
1638 1619 1722 1673 nobis
1737 1635 1814 1675 aruo

57 1713 128 1778 tate,
157 1711 269 1765 sincero
306 1726 415 1777 amore,
444 1709 609 1764 firmissima
634 1709 699 1777 fide,
733 1709 910 1765 sanctissima
964 1704 1003 1759 ris
1015 1703 1093 1758 itlius
1107 1719 1163 1774 quo
1178 1704 1351 1758 innectimur
1361 1705 1430 1771 Deo,
1446 1704 1638 1776 integritatem
1657 1707 1813 1777 quamdam

59 1798 192 1855 Ecclesia
205 1798 352 1853 catholicae
367 1796 478 1868 gremio
490 1796 660 1852 conderetis.
964 1796 993 1848 et
1006 1792 1252 1863 incorruptionem
1271 1793 1434 1864 pollicetur.
1454 1794 1554 1848 Nunus
1569 1794 1646 1849 enim
1661 1796 1812 1866 ejasestin

59 1880 173 1936 CAPUT
187 1881 282 1936 lllllll.
302 1911 338 1921 -
354 1883 387 1936 ln
401 1882 540 1945 Gatlmtr'ca
554 1881 611 1935 sota
622 1881 745 1949 perfecta
760 1883 862 1939 ueritas
875 1896 910 1936 ec
964 1880 1129 1935 coercendis
1136 1880 1657 1953 sedandisquecupiditatibus,quibus
1667 1883 1812 1939 inhiamus

246 1971 388 2038 utriusque
403 1970 565 2023 Testamenti
580 1983 718 2025 consensu.

97 2060 140 2113 33.
158 2059 290 2113 Poteram
313 2074 366 2128 pro
388 2073 451 2112 mea
473 2056 669 2112 mediocritate
685 2057 825 2113 discutere
848 2056 909 2112 sin·

59 2146 138 2218 gula,
153 2149 182 2200 et
207 2161 308 2201 eruere
334 2161 365 2200 ac
376 2145 572 2201 demonstrare
586 2162 651 2217 ques
666 2145 770 2217 accepi,
786 2147 817 2201 iu
833 2162 909 2216 qno·

59 2250 125 2289 rum
151 2233 317 2289 excellentia
331 2238 359 2288 et
382 2233 533 2289 altitudine
553 2234 724 2306 plerumque
738 2236 825 2289 verba
839 2234 909 2289 defi-

58 2322 139 2378 ciunt
152 2338 159 2377 ε
174 2323 223 2378 sed
241 2321 381 2393 quamdiu
395 2321 517 2385 latratis,
532 2338 590 2376 non
604 2324 646 2377 est
657 2321 829 2378 iaciendum.
847 2323 911 2377 Non

59 2410 138 2467 enim
165 2411 270 2465 trustra
284 2410 392 2465 dictum
408 2414 460 2478 est,
476 2411 567 2468 Nolite
580 2416 703 2467 sanctum
719 2412 785 2466 dare
799 2411 910 2467 conitus

58 2499 167 2570 (Matth
192 2516 240 2567 vn,
253 2501 293 2571 ὃ).
306 2500 346 2553 Ne
359 2499 560 2556 succenseatis.
578 2501 610 2554 Et
617 2515 670 2570 ego
684 2500 784 2555 latravi
793 2504 822 2555 et
833 2500 910 2556 canis

58 2587 112 2656 tui,
128 2589 244 2660 quando
268 2604 380 2643 mecum
402 2588 468 2659 juro
486 2604 545 2643 non
569 2588 690 2643 docendi
709 2587 781 2655 cibo,
801 2588 850 2643 sed
865 2604 909 2644 re·

58 2676 178 2734 tellendi
192 2676 317 2732 fustibus
333 2679 342 2714 ¹
358 2677 506 2748 agebatur.
526 2677 554 2732 Si
570 2680 665 2732 autem
681 2676 711 2731 in
734 2677 814 2732 vobis
837 2680 911 2731 esset

58 2765 192 2835 charitas,
210 2766 245 2821 de
260 2782 317 2838 qua
331 2782 408 2821 nunc
422 2765 527 2837 agitur,
544 2767 588 2821 vel
608 2765 694 2821 etiam
711 2765 734 2820 si
757 2765 844 2821 tuerit
857 2765 910 2819 ali-

58 2856 190 2928 quando,
219 2859 357 2926 quantam
378 2855 583 2926 cognoscendae
601 2854 728 2910 veritatis
742 2853 910 2924 magnitudo

60 2944 215 3009 desiderat,
233 2944 323 2999 aderit
338 2945 412 2998 Deus
427 2943 477 3014 qni
492 2943 622 2997 ostendat
635 2942 714 2997 vobis
728 2958 821 3013 neque
833 2943 910 3011 apud

65 3033 236 3089 llanichaeos
250 3048 311 3088 esse
327 3032 512 3087 christianam
522 3030 618 3098 fldem,
635 3047 700 3102 quae
715 3031 750 3086 ad
765 3045 910 3085 summum

63 3120 176 3191 apicem
194 3120 341 3191 sapientiae
356 3119 540 3190 veritatisque
553 3118 695 3190 perducit,
711 3134 768 3190 qua
790 3114 909 3189 pertrui,

63 3208 137 3264 nihil
153 3212 195 3263 est
209 3207 287 3263 atiud
303 3207 357 3262 nisi
371 3208 453 3263 beate
467 3207 578 3275 vivere;
594 3223 687 3278 neque
702 3223 762 3262 esse
787 3207 910 3278 uspiam,

62 3297 119 3353 nisi
134 3297 165 3351 in
179 3296 317 3351 catholica
331 3296 492 3368 disciplina.
508 3295 582 3360 Quid
598 3296 675 3350 enim
699 3295 778 3351 alind
801 3295 912 3351 videtur

63 3383 211 3455 apostolus
237 3383 344 3437 Paulus
357 3387 455 3454 optare
479 3398 544 3438 cum
563 3381 648 3438 dicit:
664 3383 753 3453 liujus
766 3384 808 3438 rei
819 3384 912 3450 aratia

62 3475 138 3541 flecto
152 3487 240 3540 arnna
253 3488 312 3527 mea
325 3472 362 3526 ud
375 3474 482 3527 Patrem
493 3472 605 3527 Domini
616 3474 703 3527 nostri
714 3473 785 3528 Jesu
799 3472 911 3539 Christi,

63 3577 82 3616 a
97 3577 148 3630 quo
161 3563 247 3616 omnis
260 3563 414 3631 paternitas
428 3563 458 3616 in
484 3562 555 3616 caetis
569 3566 594 3615 et
608 3563 637 3615 in
651 3565 724 3615 terra
741 3563 910 3626 nominatur,

64 3654 98 3705 ut
112 3648 156 3704 det
170 3649 245 3704 uotis
258 3649 406 3706 secundum
416 3649 530 3704 diuitias
539 3649 633 3716 picria
642 3664 697 3705 sua
711 3649 912 3718 fortitudinem,

10 3731 12 3799 s
62 3737 234 3792 corroborari
254 3753 304 3808 per
325 3740 454 3806 spiritum
468 3740 497 3792 in
509 3739 634 3792 interiori
657 3739 771 3799 homine,
789 3736 914 3792 habitare

64 3827 201 3883 Christum
212 3842 263 3898 per
276 3825 355 3895 fidem
366 3829 395 3881 in
409 3827 534 3882 cordibus
549 3828 662 3882 uestris:
684 3831 715 3882 nt
729 3829 758 3881 in
781 3828 915 3882 charitate

63 3914 219 3971 radicatiet
231 3915 355 3983 fundati,
367 3917 478 3984 possitis
488 3912 708 3986 comprehendere
718 3931 778 3970 cum
792 3914 914 3971 omnihus

10 3990 13 4093 ἱ
64 4005 179 4066 sanctis,
195 4004 302 4071 qnaesit
328 4003 455 4070 altitudo,
483 4007 508 4058 et
534 4003 685 4073 torpitudo,
708 4008 734 4058 et
748 4004 876 4070 latitudo,-
890 4005 915 4059 et

10 4100 16 4165 ζ
63 4092 251 4162 prosundnm3
268 4105 421 4158 cornescere
434 4093 516 4147 etiam
536 4093 775 4161 supereminentem
797 4093 916 4148 scientia

10 4166 17 4263 'j
66 4182 227 4236 charitatem
247 4181 350 4238 Christi
365 4178 394 4248 ¹,·
408 4184 438 4235 ut
453 4181 621 4251 impleamini
636 4182 666 4234 in
685 4194 787 4235 omnem
797 4181 918 4250 plenitu-

66 4269 157 4324 dinem
182 4271 262 4325 Dei‘t
285 4269 395 4341 (tiphis.
420 4286 461 4337 nr,
485 4268 587 4339 rire.)
615 4269 747 4324 Potestne
760 4267 915 4339 quidquam

11 4412 15 4421 ,
66 4357 344 4413 dicimaniiestius‘?

104 4445 148 4501 ai.
166 4446 298 4514 Obsecro,
321 4444 437 4518 vigilate
455 4444 616 4517 paululum,
631 4443 725 4499 videte
744 4443 919 4499 Testamenti

66 4533 220 4607 utriusque
235 4535 429 4603 concordiam,
439 4534 489 4606 qui
502 4534 539 4589 sit
550 4532 717 4588 inmoribus
728 4532 793 4588 vita
803 4533 917 4604 modus,

65 4625 97 4679 et
111 4639 169 4694 quo
184 4624 241 4680 sint
259 4624 408 4680 referenda
423 4622 530 4691 omnia,
546 4622 614 4677 satis
634 4620 810 4692 aperientem
826 4625 855 4676 et
868 4622 918 4677 do·

65 4716 189 4767 centem.
205 4716 340 4768 Amorem
356 4713 406 4768 Dei
418 4709 429 4746 ⁸
443 4711 586 4767 concitant
599 4709 760 4782 Evangelia,
773 4726 839 4766 cum
853 4709 920 4765 diei·

10 4784 13 4795 ’
65 4803 126 4866 tur,
142 4803 239 4868 Petite,
267 4803 390 4872 qiuarite,
411 4800 518 4871 pulsate
539 4798 652 4869 (Matth.
674 4815 720 4867 vn,
735 4800 780 4869 tt:
797 4799 921 4855 concitat

65 4887 184 4951 Paulus,
192 4888 322 4955 dicendo,
333 4891 366 4944 ur
376 4891 406 4943 in
419 4887 554 4943 charitate
566 4887 688 4943 radicati
701 4892 726 4943 et
734 4886 848 4958 fundati
853 4903 918 4958 poa·

63 4976 127 5032 sitis
137 4976 358 5043 comprehendere
372 4976 483 5047 (Ephes.
496 4993 537 5046 111,
554 4976 597 5046 lt)
609 4991 616 5029 ε
628 4975 919 5047 concitatetiampro·

67 5063 167 5137 pheta,
183 5078 249 5117 cum
262 5063 339 5130 dicit,
355 5063 437 5119 tacite
452 5064 624 5135 sapientiam
635 5065 670 5119 ab
680 5063 715 5120 iis
723 5065 773 5137 qui
782 5081 844 5121 eam
858 5064 921 5122 dili·

101 5153 109 5185 ¹
125 5149 185 5198 lllss.
198 5150 324 5213 quinque,
339 5163 371 5200 re
390 5149 489 5201 attendi
503 5150 630 5215 fustibus,

99 5211 357 5275 ⁹Sicpleriquehlse.
383 5212 922 5278 tnoannoeansapereminennmemen

68 5272 289 5386 titirunctuchoritgtis
300 5273 494 5326 christil>eulo
504 5275 736 5340 post,htss.duo:tn
748 5288 852 5327 omnem
859 5278 921 5342 pte·

67 5351 96 5386 ru
157 5350 215 5387 runt
257 5350 290 5387 es.

100 5398 652 5462 ³Editi:sattsapertenteetdccentcomore
661 5400 920 5457 deterrerentur.

68 5462 103 5512 nt
114 5461 174 5510 lisa.
184 5461 310 5513 tredecim
317 5462 461 5526 praeierunt
472 5466 591 5512 nostram
599 5462 748 5521 lectionem,
761 5463 921 5525 quemvisex

72 5525 104 5572 iis
119 5523 237 5586 plerique
255 5525 304 5574 suh
321 5524 373 5574 alia
387 5538 482 5576 vocum
495 5525 718 5588 interpunctione.

964 1969 995 2024 in
1008 1985 1040 2023 ea
1060 1985 1125 2040 quae
1139 1985 1191 2024 nos
1206 1973 1338 2025 avertunt
1353 1987 1370 2024 a
1383 1970 1494 2039 legibus
1509 1970 1560 2025 Dei
1575 1974 1605 2025 et
1618 1987 1635 2025 a
1652 1971 1745 2027 fructu
1760 1972 1811 2027 bo·

963 2057 1063 2113 nitatis
1076 2058 1156 2128 ejus:
1182 2059 1260 2129 quod
1279 2062 1331 2126 est,
1347 2062 1379 2113 ut
1397 2058 1459 2113 brvi
1480 2058 1629 2129 explicem,
1648 2060 1729 2115 beata
1744 2061 1810 2116 vita.
1834 2096 1838 2111 ,

965 2145 1008 2201 lbi
1023 2147 1100 2201 enim
1116 2150 1158 2201 est
1177 2147 1258 2202 sedes
1272 2146 1400 2203 veritatis
1422 2149 1442 2214 ¹,
1466 2147 1547 2218 cnjus
1564 2150 1813 2220 contemplatione

964 2235 1154 2306 perfruentes,
1169 2235 1253 2307 eique
1267 2236 1381 2307 penitus
1396 2236 1585 2307 adherentes,
1600 2239 1700 2308 procul
1724 2239 1812 2295 dubio

965 2323 1041 2378 beati
1053 2339 1170 2378 sumus:
1186 2324 1253 2378 inde
1270 2329 1366 2378 autem
1386 2322 1560 2395 decidentes,
1574 2325 1686 2397 magnis
1708 2329 1813 2383 errori·

965 2412 1018 2466 bus
1033 2411 1238 2482 doloribusque
1253 2411 1446 2482 implicantur.
1464 2415 1603 2486 Namque,
1626 2421 1659 2471 ut
1677 2417 1717 2473 ait
1736 2421 1812 2490 Apo-

964 2500 1154 2567 stolus,radir
1168 2503 1287 2555 omnium
1299 2504 1431 2557 matorum
1441 2505 1589 2573 cupiditas,
1597 2522 1677 2574 quam
1688 2508 1811 2576 quidam,

964 2593 1112 2657 sequentes,
1122 2591 1359 2656 naufraaauernnt
1373 2608 1389 2645 a
1403 2591 1465 2658 fide,
1482 2596 1507 2646 et
1527 2594 1698 2649 inseruerunt
1711 2611 1739 2649 se
1760 2596 1813 2651 do·

965 2678 1067 2732 loribus
1078 2678 1171 2732 multis
1199 2678 1221 2747 (l
1236 2680 1304 2733 Tim.
1321 2695 1358 2741 vr,
1383 2679 1433 2750 10).
1448 2679 1528 2743 Quod
1546 2686 1692 2752 peccatum
1707 2683 1812 2739 animre
1897 2733 1899 2736 ,

964 2764 995 2819 in
1009 2764 1104 2819 Veteri
1117 2767 1297 2820 Testamenta
1315 2766 1382 2820 satis
1401 2772 1508 2837 aperte,
1531 2770 1603 2825 bene
1622 2771 1812 2842 intelligenti-

965 2854 1028 2920 bus,
1046 2853 1075 2906 in
1090 2852 1179 2924 ipsius
1192 2854 1318 2909 hominis
1333 2855 1383 2926 qui
1396 2859 1457 2909 erat
1470 2855 1502 2910 in
1516 2859 1658 2928 paradiso,
1674 2860 1812 2930 praevari·

965 2941 1076 2996 catione
1092 2940 1231 3013 signatur.
1244 2944 1275 2996 ln
1285 2943 1377 2997 Adam
1391 2943 1498 3015 qnippe
1513 2960 1601 3001 omnes
1613 2949 1758 3015 mommnr,
1779 2953 1812 3004 ut

965 3029 1005 3085 ait
1022 3029 1109 3093 idem,
1125 3035 1151 3084 et
1165 3033 1194 3085 in
1209 3032 1320 3086 Christo
1334 3047 1422 3087 omrees
1436 3049 1605 3104 resnrqemns
1626 3036 1648 3107 (l
1672 3038 1737 3092 Cor.
1766 3054 1811 3106 xv,
1834 3078 1841 3089 .

964 3118 1052 3187 tipo
1068 3118 1125 3172 alta
1140 3120 1274 3189 mysteria
1289 3119 1296 3174 1
1314 3120 1369 3175 Sed
1383 3121 1539 3193 reprimam
1565 3140 1611 3179 me
1626 3142 1632 3179 :
1662 3126 1813 3181 nonenim

966 3206 1051 3262 modo
1067 3207 1178 3278 suscepi
1191 3207 1293 3262 docere
1308 3224 1356 3263 vos
1371 3213 1458 3279 recta,
1474 3211 1523 3265 sed
1550 3211 1687 3268 dedocere
1713 3229 1811 3285 prava,

966 3294 990 3349 si
1003 3298 1115 3362 potem,
1131 3294 1162 3351 id
1180 3300 1232 3368 est,
1246 3295 1270 3350 si
1285 3298 1360 3353 Deus
1388 3299 1521 3354 annuerit
1548 3302 1694 3373 proposito
1719 3302 1750 3358 in
1763 3319 1814 3358 vos

966 3399 1040 3438 meo.

1003 3474 1047 3527 36.
1071 3471 1145 3526 llicit
1163 3487 1231 3542 ergo
1246 3474 1351 3528 Paulus
1366 3473 1492 3530 radicem
1517 3475 1647 3531 omnium
1671 3479 1814 3533 malorum

967 3575 1027 3614 esse
1042 3559 1239 3629 cupiditatem,
1251 3576 1402 3632 perquam
1418 3561 1504 3617 ctiam
1519 3563 1573 3618 Lex
1584 3568 1663 3618 vetris
1686 3566 1813 3637 primum

966 3647 1112 3703 hominem
1137 3648 1251 3718 lapsum
1280 3665 1341 3704 esse
1370 3649 1520 3725 significat.
1550 3653 1644 3707 llonet
1663 3655 1768 3708 Paulus
1781 3659 1815 3710 ut

967 3751 1105 3792 exuamus
1133 3752 1185 3791 nos
1207 3741 1333 3793 veterem
1359 3737 1519 3807 hominem,
1548 3744 1576 3795 et
1594 3741 1747 3798 induamus
1761 3759 1814 3798 uo·

968 3840 1036 3881 vum
1049 3825 1164 3896 (coloss.
1186 3844 1225 3894 m,
1239 3828 1267 3894 9,
1286 3827 1338 3899 to).
1361 3826 1427 3882 Vult
1451 3832 1548 3884 autem
1565 3829 1699 3904 intelligi,
1724 3833 1815 3887 Adam

968 3914 1019 3986 qui
1035 3907 1172 3990 peccavit,
1186 3920 1311 3971 veterem
1324 3915 1490 3985 hominem;
1512 3917 1595 3973 illum
1614 3924 1710 3975 autern
1729 3936 1816 3992 quem

969 4003 1093 4076 suscepit
1107 4003 1137 4058 in
1158 4008 1334 4060 sacramento
1346 4005 1397 4060 Dei
1412 4007 1499 4061 Filius
1514 4007 1550 4062 ad
1571 4023 1624 4062 nos
1644 4008 1817 4074 liberandos,

969 4108 1088 4147 novum.
1106 4091 1180 4147 Dicit
1194 4109 1318 4165 namque
1333 4094 1388 4148 alio
1402 4094 1474 4161 loco,
1490 4095 1719 4150 Primushomode
1733 4101 1817 4162 turo,

970 4184 1110 4248 terrenus;
1126 4183 1259 4237 secundus
1273 4183 1350 4237 homo
1365 4184 1397 4238 de
1409 4185 1482 4251 coeto,
1497 4185 1617 4239 caelestis.
1647 4185 1741 4250 Qualis
1764 4189 1818 4239 ter·

970 4284 1060 4336 renus,
1082 4270 1147 4324 tates
1162 4274 1187 4324 et
1197 4273 1315 4338 tcrreni;
1332 4274 1421 4339 quatis
1437 4273 1559 4341 celestis,
1575 4272 1641 4327 tales
1656 4274 1816 4328 etcoetestes.

970 4358 1046 4414 Sient
1064 4360 1233 4426 portavimus
1248 4360 1394 4427 imapinem
1410 4362 1519 4426 terreni,
1534 4362 1669 4428 portemus
1683 4363 1709 4413 et
1720 4361 1817 4427 imuni-

970 4446 1155 4501 modestis
1171 4445 1193 4518 (l
1208 4449 1268 4504 Gor.
1283 4465 1329 4517 xv,
1356 4448 1472 4519 ir-mp
1495 4447 1548 4502 hoc
1577 4450 1628 4514 est,
1654 4448 1748 4504 exuite
1770 4464 1818 4503 ve-

972 4538 1073 4601 terem,
1090 4537 1118 4589 ct
1132 4533 1241 4591 induite
1257 4552 1373 4592 novum.
1391 4537 1481 4591 Omne
1496 4534 1586 4605 igitur
1604 4535 1729 4592 officium
1744 4541 1819 4592 tem·

973 4622 1120 4695 perantia,
1146 4629 1187 4680 est
1214 4641 1318 4681 exuere
1342 4628 1467 4679 veterem
1481 4623 1639 4692 hominem,
1661 4624 1733 4680 etin
1763 4627 1820 4681 Deo

973 4712 1124 4780 renovari;
1140 4713 1237 4781 idest,
1253 4717 1437 4768 contemnere
1461 4728 1561 4766 omnes
1584 4728 1733 4784 corporeas
1759 4713 1821 4769 ille·

974 4801 1082 4868 cebras,
1097 4801 1273 4873 laudemque
1283 4801 1463 4872 popularem,
1477 4805 1628 4872 totumque
1643 4818 1772 4858 amorem
1786 4802 1822 4857 ed

974 4889 1130 4944 invisibilia
1158 4894 1187 4944 et
1210 4889 1306 4945 divina
1329 4889 1467 4945 conterre.
1494 4889 1573 4944 Unde
1595 4889 1667 4945 illud
1694 4891 1824 4961 sequitur

975 4978 1053 5050 quod
1067 4978 1189 5033 mirifice
1204 4977 1311 5033 dictum
1326 4983 1377 5044 est,
1394 4979 1425 5034 St
1452 4983 1478 5034 et
1505 4981 1622 5034 anterior
1636 4980 1712 5033 homo
1733 4983 1824 5034 noster

976 5069 1169 5136 corrumpitur,
1206 5066 1254 5121 sed
1279 5068 1392 5122 interior
1419 5071 1565 5122 renouatur
1585 5068 1680 5122 dedic
1701 5069 1731 5120 in
1753 5065 1824 5120 diem

1009 5158 1016 5191 ¹
1030 5155 1157 5205 Bidnlm.
1166 5155 1211 5206 Er.
1224 5154 1565 5219 etLov.,necuouplerique
1574 5156 1646 5210 lisa,
1659 5149 1826 5215 habentridcv

975 5217 1199 5270 oeri.tlthntonio
1212 5216 1507 5280 Armmagisprohatur,
1515 5217 1586 5288 quud
1597 5215 1826 5287 inmerginequm·

976 5279 1098 5329 rumdam
1109 5278 1256 5328 editionum
1279 5279 1398 5335 hahetur.
1413 5279 1577 5337 reservem
1596 5277 1637 5325 cui
1648 5277 1826 5340 subputantur
1924 5290 1929 5295 ·

977 5342 1038 5391 lise.
1052 5341 1177 5412 quinque,
1195 5340 1223 5389 in
1237 5342 1334 5403 quibus
1351 5341 1456 5413 legitur,
1469 5340 1542 5413 sedes
1554 5339 1689 5389 ueritatis.
1765 5400 1771 5411 ι

1008 5401 1825 5464 (a)Augustinusnovomanarshlanrchoeus,alsannoretatustil

978 5464 1123 5589 ιῑιθᾶωιιιιὲἓξι
1134 5466 1164 5575 ξε
1176 5478 1182 5512 :
1194 5464 1254 5513 vide
1266 5464 1335 5513 intra
1345 5464 1389 5514 lib.
1401 5467 1424 5522 2,
1436 5477 1495 5527 cap.
1512 5463 1666 5519 19,u.68;et
1675 5461 1720 5511 lib.
1731 5464 1745 5511 t
1756 5462 1824 5512 Con·
