3884 6112
115 251 145 305 ar
916 308 919 313 ,
943 302 951 321 ,
1834 253 1868 306 aa

115 387 181 443 quaa
196 372 331 427 lectorem
345 374 558 443 properantem,
570 376 599 427 at
612 372 659 427 cui
671 372 822 444 parotium
836 373 947 445 integra
961 371 1010 426 illa
1019 370 1161 442 Opusoula
1175 369 1323 440 perlegere
1342 383 1402 422 nou
1416 370 1505 434 vacet,
1514 368 1687 424 admoueant
1697 374 1869 441 argumenta

114 458 149 514 da
164 475 220 530 quo
236 458 342 530 agitur,
358 458 537 532 invitantque
549 459 582 515 ad
599 476 633 515 ea
646 460 771 532 penitius
786 460 964 516 discutienda
977 474 1042 531 quaa
1057 474 1072 512 e
1091 474 1122 512 re
1138 475 1189 512 sua
1203 473 1264 512 esse
1278 455 1463 511 intellexerit.

150 547 199 602 llis
214 546 362 616 absolutis,
377 547 431 602 tria
449 548 587 603 duntaxat
610 565 625 602 a
641 546 723 601 nohis
739 548 857 618 insuper
869 546 1024 602 desiderari
1045 564 1126 619 posse
1142 548 1291 607 videntur:
1320 563 1424 618 nempe
1450 544 1585 601 indicatio
1609 545 1752 602 variarum
1778 547 1869 601 sancti

113 636 265 708 Augustini
279 636 450 705 editionum,
467 654 532 710 quaa
555 638 590 693 ab
613 637 728 692 inventa
744 641 803 689 arte
822 634 1030 706 typographica
1044 636 1125 691 fartae
1147 640 1231 690 sunt:
1249 636 1350 692 deinde
1370 634 1604 689 commemoratio
1620 635 1745 690 virorum
1770 636 1865 689 omnis

113 724 222 780 ordinis
237 725 469 794 clarissimorum,
484 727 534 799 qui
545 727 627 781 nobis
641 731 769 779 veterum
784 723 915 778 codicum
930 723 1075 796 suppetias
1089 725 1271 780 contulerunt
1284 725 1320 778 ad
1335 722 1573 778 hanceditionem
1588 723 1803 779 adornandam:
1822 725 1870 778 dc·

114 813 202 886 nique
216 814 345 869 collectio
360 814 590 869 testimoniorum
602 831 634 868 rx
645 812 762 868 rctustis
774 813 873 868 saltem
890 813 1063 881 auctoribus,
1077 813 1127 885 qui
1138 813 1347 868 sanctissimum
1367 813 1514 868 Ductorem
1526 813 1644 884 ejusque
1656 814 1760 883 scripta
1770 813 1870 885 elogiis

112 906 293 957 exornarunt.

146 991 189 1045 Ad
205 991 330 1061 primum
346 991 422 1061 quod
437 989 550 1058 attinet,
565 1005 611 1044 res
624 991 834 1061 propemodum
857 991 968 1047 infinita
984 996 1057 1046 esset
1071 1008 1170 1046 omnes
1185 1007 1412 1046 commemorare
1432 990 1708 1063 Augustinianorum
1724 991 1862 1062 Operum,

113 1080 321 1144 sireomuium,
339 1080 397 1134 sire
412 1079 602 1151 singulorum,
619 1080 769 1134 editiones.
787 1082 851 1135 l‘ost
866 1081 954 1136 libros
968 1081 1130 1136 deCivitate
1146 1081 1206 1147 Dei,
1223 1081 1274 1153 qui
1288 1081 1592 1153 uov'actypograpbicae
1602 1080 1671 1134 artis
1686 1080 1865 1151 primosferc

112 1167 235 1223 bonores
251 1169 400 1241 lucemque
415 1172 592 1232 meruerunt,
610 1168 665 1223 alia
677 1168 847 1223 sanctissimi
864 1170 993 1223 lloctoris
1013 1170 1105 1243 Opera
1118 1171 1238 1226 subinde
1255 1171 1379 1242 vulgavit
1391 1171 1515 1225 Joannes
1537 1169 1757 1238 Amorbachius,
1773 1186 1864 1240 caque

112 1257 209 1311 omnia
225 1257 255 1311 iu
269 1273 359 1312 uuum
372 1258 487 1313 tandem
498 1273 601 1330 corpus
615 1257 746 1329 redigere
755 1258 841 1330 coepit
860 1275 934 1313 auno
957 1261 1034 1326 ¹504,
1055 1261 1130 1331 quod
1144 1259 1279 1314 undecim
1292 1259 1322 1313 in
1336 1264 1432 1330 partes
1444 1258 1610 1314 distinctum
1624 1258 1700 1312 iutra
1715 1257 1865 1311 biennium

111 1347 248 1403 absolvit:
264 1349 332 1403 dum
347 1348 463 1404 interim
478 1348 601 1404 Jodocus
616 1346 720 1404 badius
741 1348 892 1403 Ascensius
904 1349 1036 1420 qrrudam
1050 1348 1141 1404 sancti
1162 1347 1290 1403 boctoris
1304 1348 1445 1419 Opuscula
1459 1346 1546 1400 variis
1560 1346 1642 1401 annis
1657 1351 1719 1400 tum
1735 1345 1861 1410 Parisiis,

111 1440 174 1490 tum
192 1437 335 1507 Lugduni,
355 1437 430 1507 typis
445 1434 573 1508 imprimi
587 1436 705 1491 curavit.
716 1436 851 1507 llajorem
864 1437 1058 1493 collectionem
1074 1438 1172 1492 decem
1187 1436 1281 1503 tomis,
1297 1452 1373 1491 anno
1388 1439 1466 1502 tiit),
1488 1435 1603 1489 anifeae
1616 1435 1645 1488 in
1661 1436 1752 1489 lucem
1770 1434 1866 1488 emisit

113 1523 275 1579 Desiderius
304 1525 454 1579 Erasmus:
471 1525 552 1595 cujus
571 1524 728 1579 editionem
753 1526 851 1580 multas
881 1526 943 1580 aliae
958 1527 1044 1582 variis
1061 1526 1091 1581 in
1119 1525 1186 1581 locis
1214 1525 1372 1580 subsecutae
1399 1529 1570 1595 subtusque
1598 1523 1633 1578 ad
1658 1538 1766 1576 annum
1785 1525 1864 1591 1577,

112 1627 169 1685 quo
186 1613 320 1667 Doctores
335 1613 523 1668 lovanienses
537 1613 695 1667 auctiorem
711 1618 740 1667 et
754 1613 840 1685 longe
856 1615 1059 1671 accuratiorem
1075 1613 1244 1685 Autwerpim
1259 1613 1367 1684 publici
1376 1612 1451 1684 juris
1466 1612 1604 1667 feceruut.

146 1701 209 1756 Jam
223 1717 289 1756 vero
304 1701 416 1773 quoties
430 1702 491 1757 haec
515 1702 698 1757 lovaniensis
716 1701 804 1758 editio
823 1719 922 1759 recusa
937 1705 983 1772 sit,
1008 1703 1031 1759 si
1055 1702 1119 1775 quis
1133 1718 1300 1775 percensere
1315 1701 1409 1769 vellet,
1435 1717 1479 1755 res
1494 1700 1586 1755 abiret
1599 1700 1629 1754 in
1658 1700 1789 1771 longum,
1814 1716 1866 1754 nec

112 1789 184 1845 forta
199 1789 271 1843 tanti
283 1795 367 1846 esset.
384 1789 451 1854 Quis
465 1805 552 1861 porro
562 1790 742 1861 singulorum
756 1791 963 1862 opusculorum
977 1792 1105 1863 singulus
1120 1791 1258 1846 editiones
1270 1792 1439 1845 enumeret?
1448 1790 1481 1844 ln
1491 1789 1535 1844 bis
1548 1789 1671 1843 loannes
1683 1787 1867 1844 Ulimmerius

110 1891 217 1932 novum
256 1878 399 1941 volumen,
438 1877 483 1932 cui
521 1877 637 1933 titulum
674 1879 819 1951 inscripsit
855 1881 889 1936 de
914 1883 1043 1945 Diversis,
1073 1885 1204 1934 constans
1241 1878 1427 1934 sermonibus
1454 1882 1570 1933 centum
1597 1878 1715 1949 triginta
1742 1877 1865 1946 duobus,

111 1963 217 2036 partim
232 1969 316 2019 antea
334 1964 459 2034 ineditis,
483 1965 588 2037 partim
604 1966 639 2021 ab
666 1966 729 2038 ipso
744 1966 899 2038 castigatis,
923 1982 999 2021 auno
1017 1970 1096 2034 teos,
1114 1984 1178 2022 cum
1199 1967 1263 2022 Vita
1285 1965 1438 2038 Augustini
1456 1983 1472 2020 a
1492 1966 1620 2021 Possidio
1644 1965 1746 2037 scripta
1762 1965 1866 2035 atejus

111 2053 238 2125 Operum
253 2054 379 2109 ludiculo
393 2055 423 2109 in
438 2056 540 2125 uulgus
555 2055 660 2110 emisit.
676 2055 753 2109 Alios
768 2070 915 2109 sermones
929 2059 1027 2110 nostro
1046 2061 1176 2126 tempure
1192 2055 1344 2111 etcncbris
1359 2058 1497 2110 eruerunt
1509 2054 1631 2109 lacobus
1642 2053 1822 2121 Sirmondus,
1838 2057 1868 2107 et

112 2143 301 2214 Hieronymus
316 2143 476 2213 vignerius,
492 2160 615 2215 quorum
627 2143 770 2214 posterior
784 2144 861 2214 Opus
876 2143 1075 2214 imperfectum
1091 2151 1189 2198 contra
1203 2144 1350 2199 lulianum
1364 2145 1476 2215 primus
1490 2143 1627 2214 vulgavit.

148 2231 243 2287 llasin
262 2232 363 2303 primis
378 2232 523 2304 suppetias
538 2231 693 2288 habuimus
708 2232 742 2287 ad
758 2239 887 2287 nostram
901 2233 1056 2289 editionem
1070 2233 1277 2288 conficiendam
1291 2250 1297 2288 :
1313 2233 1421 2305 quibus
1435 2248 1577 2287 accessere
1591 2231 1697 2287 infiniti
1711 2247 1865 2304 propemo-

112 2319 183 2376 dum
196 2325 306 2375 veteres
320 2321 440 2388 codices,
457 2337 472 2375 e
489 2320 624 2390 plurimis
640 2321 802 2392 deprompti
820 2321 1009 2389 bibliothecis,
1026 2339 1096 2394 quus
1117 2322 1409 2378 commemoravimus
1434 2321 1492 2376 suis
1510 2322 1591 2388 locis,
1615 2321 1665 2376 ubi
1687 2321 1866 2391 singulorum

113 2411 238 2484 Operum
254 2411 419 2467 collationes
434 2412 470 2466 ad
485 2415 592 2466 veteres
607 2412 721 2467 codices
738 2412 825 2466 factas
839 2412 1011 2468 notavimus.
1023 2411 1209 2483 Singulorum
1230 2412 1357 2468 virorum
1373 2411 1501 2475 nomina,
1518 2411 1569 2482 qui
1583 2409 1725 2481 ejusmodi
1740 2409 1868 2464 subsidia

117 2499 201 2556 uobis
214 2499 406 2567 contuleruut,
429 2515 575 2555 recensere
590 2516 777 2571 cuperemus:
791 2515 890 2554 varum
906 2499 941 2555 ab
955 2501 1008 2555 hac
1023 2499 1239 2554 enumeratione
1253 2499 1308 2554 hoc
1324 2500 1385 2554 loco
1399 2497 1540 2553 abstinere
1556 2499 1648 2552 visum
1663 2502 1715 2564 est,
1731 2512 1866 2568 nequem

118 2592 168 2643 aut
189 2588 357 2643 illaudatum
382 2589 606 2660 praeteriremus,
620 2593 671 2644 aut
685 2604 736 2643 suo
751 2604 808 2642 uon
825 2604 1082 2644 commemoramus
1103 2588 1213 2654 ordine,
1236 2593 1285 2643 aut
1302 2588 1398 2643 debito
1409 2587 1533 2659 denique
1544 2586 1637 2658 elogio
1654 2586 1864 2641 fraudaremus.

114 2676 253 2733 Omnibus
266 2680 294 2731 et
309 2676 430 2746 siugulis
444 2676 568 2747 gratiam
593 2676 751 2746 habebunt,
767 2679 797 2730 ut
811 2690 969 2747 speramus,
996 2677 1115 2733 lectores
1143 2677 1286 2746 benevoli,
1312 2693 1495 2733 cumeorum
1520 2675 1705 2731 bibliothecas
1721 2675 1779 2730 suis
1794 2675 1862 2729 locis

113 2770 349 2820 commemoratas
363 2765 497 2820 viderint.

148 2855 184 2908 At
198 2853 259 2909 siue
273 2853 381 2925 ingrati
401 2853 489 2908 animi
503 2851 571 2909 vitio
585 2853 668 2908 silere
688 2869 743 2908 non
763 2868 925 2925 possumus,
946 2860 1084 2926 quautam
1099 2856 1255 2912 babeamus
1270 2855 1392 2928 gratiam
1418 2859 1480 2910 tum
1495 2853 1721 2909 eminentissimo
1738 2853 1867 2908 Ecclesia

114 2940 237 3013 principi
256 2943 381 2997 Antonio
397 2942 538 2999 Luduriro
556 2943 590 2999 de
606 2942 729 2998 Noailles
747 2943 960 3016 archiepiscopo
974 2943 1138 3015 Parisieusi,
1155 2961 1243 3017 quem
1258 2944 1455 3000 sanctissimus
1477 2943 1607 2998 Pontifex
1624 2943 1808 2997 Innocentius
1821 2944 1868 2997 llll

114 3029 151 3084 ob
174 3029 310 3100 pietatem
325 3035 354 3086 et
369 3031 527 3086 doctrinam
541 3031 594 3086 sibi
621 3036 717 3087 notam
734 3036 762 3087 et
778 3033 938 3104 probatam,
961 3048 1040 3088 sacra
1059 3049 1199 3104 purpura,
1226 3033 1296 3089 dum
1311 3033 1372 3088 haec
1387 3031 1607 3098 absolveremus,
1623 3031 1745 3102 gratanti
1760 3031 1868 3097 auimo,

114 3116 254 3172 universis
274 3119 516 3189 applaudentibus
527 3119 683 3186 decorarit3
697 3125 758 3174 tum
773 3119 965 3176 illustrissimo
981 3122 1083 3177 Carolo
1099 3122 1229 3178 Mauritio
1244 3123 1270 3177 le
1283 3122 1389 3177 Tellier
1403 3120 1615 3192 archiepiscopo
1635 3119 1701 3174 duci
1713 3118 1866 3175 Remeusi:

114 3206 165 3278 qui
176 3206 270 3273 ambo,
287 3223 338 3279 pro
353 3208 459 3263 eximio
481 3225 532 3263 suo
552 3208 582 3263 in
596 3209 787 3280 augustinum
802 3209 906 3272 studio,
922 3225 1026 3264 novam
1041 3210 1114 3266 hanc
1129 3211 1283 3266 editionem
1301 3227 1353 3265 auo
1369 3209 1529 3281 patrocinio
1543 3208 1652 3281 dignati
1666 3212 1741 3273 sunt,
1758 3224 1868 3278 suaque

114 3295 281 3352 auctoritate
302 3296 493 3353 roborarunt:
510 3298 615 3369 quibus
628 3296 840 3352 illustrissimus
853 3298 1010 3355 bleldarum
1025 3299 1153 3367 antistes,
1167 3299 1288 3354 lacobus
1304 3298 1450 3369 Benignus
1465 3300 1592 3365 Bossuet,
1608 3313 1667 3352 uon
1686 3295 1782 3352 minus
1800 3312 1868 3368 pro-

114 3400 204 3456 penso
220 3384 250 3439 in
265 3390 396 3440 sanctum
410 3386 560 3441 Doctorum
574 3386 670 3441 animo
684 3387 759 3440 ultro
772 3387 897 3445 accessit.

151 3475 297 3530 Postremo
318 3479 447 3530 ceterum
462 3475 498 3531 de
516 3476 677 3548 Augustino
698 3475 865 3531 testimonia
878 3492 1033 3548 congerere
1051 3476 1129 3531 haud
1150 3472 1248 3545 bperm
1266 3475 1392 3547 pretium
1408 3475 1514 3530 fucrit:
1539 3490 1604 3529 cum
1622 3471 1781 3528 illustriora
1806 3472 1868 3542 ejus

116 3563 208 3635 alogia
227 3563 315 3618 cuivis
338 3565 449 3620 erudito
468 3565 568 3620 lectori
592 3564 707 3620 aliunde
729 3564 811 3620 obvia
835 3565 908 3633 siut;
930 3583 983 3621 nec
1002 3564 1059 3621 alia
1078 3564 1236 3620 necessaria
1259 3563 1409 3619 videantur
1424 3564 1460 3618 ad
1479 3567 1593 3617 tautum
1607 3562 1702 3616 virum
1722 3575 1867 3615 commen-

114 3652 251 3716 dandum,
273 3668 359 3724 quem
385 3653 416 3708 in
431 3653 607 3725 exponendis
621 3653 690 3708 fidei
715 3653 903 3725 dogmatibus,
918 3659 947 3709 et
964 3653 1067 3709 morali
1093 3653 1221 3709 doctrina
1234 3652 1389 3708 christiana
1404 3651 1582 3723 explicanda,
1605 3650 1754 3705 Ductorem
1779 3649 1869 3704 maxi·

116 3757 207 3810 mum,
218 3741 449 3813 integerrimum,
466 3746 495 3796 et
510 3741 622 3814 puriori
637 3741 741 3797 Christi
755 3740 892 3798 doctrinae
907 3741 1031 3797 maxima
1042 3741 1232 3797 inhaerentem
1247 3740 1379 3796 universa
1393 3738 1520 3811 agnoscit
1534 3737 1666 3795 Ecclesia.

1151 3980 1509 3992 ——-——-·-

650 4160 1352 4315 vsslrossuss
1393 4376 1418 4391 ,,

152 4697 310 4766 Possidius,
326 4697 405 4752 urbis
419 4697 592 4754 calamensis
604 4696 635 4752 iu
651 4697 785 4753 Numidia
798 4697 948 4770 episcopus
963 4698 1068 4754 electus
1091 4715 1166 4754 anuo
1181 4702 1243 4765 397,
1264 4696 1420 4769 discipulus
1442 4697 1497 4752 fuit
1520 4697 1552 4752 u.
1568 4694 1730 4767 Augustini,
1746 4709 1870 4765 quocum

120 4786 310 4861 quadraginta
323 4803 413 4859 propa
428 4788 519 4855 annis,
531 4793 563 4843 ut
576 4788 635 4860 ipse
650 4792 756 4853 narrat,
772 4787 842 4842 vixit
856 4787 1044 4845 familiariter.
1061 4788 1187 4860 Magistri
1201 4787 1245 4843 sui
1260 4792 1420 4843 extromum
1434 4786 1545 4858 excepit
1559 4785 1702 4857 spiritum,
1720 4783 1871 4855 vitamque

118 4876 231 4948 scripsit
245 4891 332 4948 quam
346 4875 420 4931 iufra
435 4876 595 4946 referimus,
607 4894 665 4932 non
679 4877 737 4932 stili
746 4877 863 4949 quidem
879 4878 1039 4949 splendore,
1053 4878 1102 4934 sed
1115 4877 1194 4934 suavi
1204 4877 1329 4949 quadam
1343 4877 1525 4947 simplicitate
1540 4889 1652 4929 necnon
1666 4872 1807 4927 factorum
1823 4886 1870 4925 ve-

69 5003 73 5011 .
118 4965 201 5020 ritate
215 4966 380 5037 pretiosam.
397 4965 448 5021 Cui
462 4966 622 5022 ludiculum
630 4967 760 5039 adjunxit
771 4967 1103 5034 librorum,tractatuum
1117 4965 1349 5038 etepistolarum.
1358 4967 1388 5021 D.
1402 4963 1554 5036 Augustini
1564 4963 1610 5033 tl).
1620 4964 1697 5016 lnter
1705 4960 1798 5015 varias
1807 4975 1873 5031 qua¹

117 5053 288 5126 prodierunt
301 5054 388 5124 hujus
401 5054 629 5124 Vitaeaditioues,
638 5056 866 5127 primumlocum
877 5056 959 5111 facile
969 5059 1077 5122 tenent,
1090 5060 1206 5128 propter
1216 5055 1435 5111 annotationum
1447 5052 1655 5119 excellentiam,
1666 5051 1722 5105 duo
1732 5066 1803 5121 quas
1813 5049 1873 5103 vul-

118 5156 220 5214 gavere
236 5143 289 5199 PP.
307 5143 484 5199 benedictini
497 5144 827 5215 incollectioneoperum
841 5145 931 5199 sancti
946 5143 1078 5210 doctoris,
1090 5150 1119 5200 et
1126 5144 1243 5199 seorsim
1253 5147 1376 5200 loannes
1387 5142 1497 5199 Salinas
1505 5141 1719 5214 Neapolitanus,
1731 5138 1873 5211 regularis

118 5232 272 5289 canonicus
288 5231 495 5289 Lateranensis.
517 5234 612 5288 Haecce
631 5234 774 5305 posterior
792 5232 880 5289 editio
896 5234 993 5289 Roma
1005 5235 1071 5292 data
1084 5236 1126 5289 cst
1140 5249 1215 5288 auno
1231 5237 1309 5290 litt.
1326 5234 1481 5304 Utramque
1496 5230 1705 5287 consuluimus.
1799 5228 1835 5282 ll.

149 5410 182 5474 (t)
200 5411 335 5462 lnvliculus
350 5413 447 5478 dequo
462 5412 557 5477 agitur,
572 5413 598 5461 in
613 5416 685 5462 tomo
696 5413 790 5463 ultimo
801 5415 950 5478 opportune
965 5409 1061 5462 veniet.
