3884 6112
131 237 199 290 ¹055

130 354 239 406 reterns
254 349 374 404 est‘laet.
397 347 529 418 lingnam
551 342 678 409 omuino,
702 356 848 411 magnam,
871 343 900 394 et
922 352 979 410 qna

128 438 225 494 nescio
241 434 506 507 utrumquidquam
518 434 610 502 majus
623 429 863 501 sit,quaestionem
870 442 977 492 mores,

128 527 160 582 in
175 543 232 598 qua
244 530 358 580 tantum
369 528 474 578 nostrae
490 521 605 575 sibimet
618 519 767 589 opiniones
781 504 977 583 adversantur,

128 618 161 669 ut
177 614 231 669 tibi
246 613 343 668 anima
357 611 476 673 nullam,
493 609 564 662 mihi
578 609 868 661 contraomnesertes
882 620 979 658 secum

129 703 258 756 attulisse
273 701 418 766 videatur3
433 714 485 752 nec
500 696 576 750 aliud
596 694 756 766 quidquam
779 709 838 747 esse
855 693 882 747 id
903 691 979 762 qnod

130 791 235 844 dicitur
245 789 362 853 discere,
375 801 462 858 quam
472 783 617 840 reminisci
628 787 656 837 ιι
665 780 866 851 recordarita).
876 780 931 835 Sed
940 779 979 833 vi-

129 878 216 931 desne
237 890 323 947 quam
343 873 429 943 hujus
448 871 586 942 temporis
601 886 657 923 non
674 869 720 937 sit,
736 872 833 922 utrum
861 867 914 921 ista
928 866 980 919 ha-

128 966 218 1020 beant
233 964 274 1018 ita
288 978 359 1029 sese,
371 960 541 1032 requirere?
552 957 717 1013 Nuncenim
728 956 839 1026 agimus
849 959 882 1010 ut
895 971 980 1025 appa·

127 1055 200 1116 reat,
218 1051 241 1103 si
254 1053 425 1120 potest,uon
441 1065 504 1102 eam
517 1046 672 1101 secundum
688 1044 742 1098 loci
756 1043 848 1113 spatie
862 1057 979 1113 parram

131 1154 302 1210 magnamve
318 1136 478 1202 nominari3
495 1136 685 1189 eternitatem
701 1137 795 1187 eutem
812 1133 872 1202 ejus
888 1131 911 1184 si
923 1131 981 1185 ulle

130 1234 183 1293 est,
201 1231 364 1297 opportune
379 1223 570 1279 scrutabimur
584 1238 649 1277 cum
665 1220 735 1276 illud
751 1220 828 1291 quod
845 1224 980 1290 quartum

128 1314 259 1387 posuisti.
285 1314 341 1368 Cur
365 1311 480 1382 corpori
509 1311 596 1365 luerit
621 1310 695 1376 deta,
721 1313 861 1379 quantum
876 1306 918 1361 fas
939 1311 980 1362 est

127 1407 249 1458 tractare
264 1399 445 1471 coeperimus.
463 1398 536 1463 Quid
552 1398 630 1452 enim
646 1397 682 1451 ad
696 1397 782 1450 talem
808 1397 870 1467 ejus
885 1411 980 1466 quan-

127 1491 240 1546 titatem
256 1489 368 1557 attinet,
385 1502 535 1556 semperne
550 1501 586 1539 en
601 1501 659 1539 non
676 1483 891 1554 semperfuerit,
902 1483 979 1538 futu·

128 1594 194 1633 rave
210 1577 257 1646 sit,
272 1581 323 1630 aut
334 1576 409 1646 quod
421 1591 499 1628 nunc
509 1573 642 1646 imperita
651 1589 728 1627 nunc
738 1572 879 1642 peritaest
895 1589 902 1638 3
914 1588 980 1626 cum

128 1672 157 1722 et
173 1667 293 1736 longum
308 1669 432 1735 tempus,
447 1679 483 1717 ne
497 1661 665 1732 corporibus
679 1660 797 1732 quidem
808 1660 908 1714 afferre
920 1676 978 1714 ma-

128 1753 288 1825 gnitudinis
305 1766 430 1819 causam,
447 1749 577 1821 superius
596 1749 831 1818 probaverimus;
852 1752 880 1802 et
899 1747 980 1818 peri-

127 1841 198 1896 tiam
211 1839 395 1894 notissimum
409 1839 446 1892 sit
457 1854 539 1909 posse
548 1838 656 1892 nullam
668 1836 765 1891 adesse
779 1834 978 1902 crescentibus,

128 1944 160 1983 ec
176 1924 472 1999 saepesenescentibus
483 1928 675 1995 opportunam
683 1941 743 1979 esse
752 1941 758 1992 ;
767 1924 914 1995 multaque
924 1923 981 1978 alia

127 2016 204 2072 dicte
219 2015 276 2070 sint
290 2015 370 2083 satis,
393 2019 427 2069 ιιι
449 2013 562 2084 opinor,
585 2012 621 2067 ad
642 2013 897 2067 demonstrandum
920 2028 980 2066 non

127 2121 195 2160 cum
221 2101 418 2174 magnitudine
435 2099 572 2172 corporis,
591 2116 678 2172 quam
693 2105 762 2155 aetas
783 2100 875 2167 effert,
893 2099 979 2154 etiam

127 2193 257 2249 animam
271 2191 334 2246 lieri
348 2189 527 2262 ampliorem.

131 2281 246 2336 CAPUT
269 2279 334 2335 lllll.
356 2307 391 2319 -
416 2279 545 2333 Virasia
564 2277 665 2346 mojori
685 2279 763 2331 arare
790 2276 906 2346 majores
926 2290 980 2331 non

281 2369 348 2421 suut
360 2368 549 2433 argumentum
563 2365 704 2417 crescentis
716 2364 822 2417 ocima.

166 2458 210 2511 35.
226 2454 319 2519 Quare
333 2451 493 2521 rideamus,
510 2451 534 2506 ai
551 2453 654 2522 placet,
669 2450 741 2505 illud
756 2451 879 2505 alterum
893 2466 979 2520 argu-

130 2546 262 2598 mentum
282 2546 365 2596 tuum
390 2539 474 2612 quale
502 2539 549 2607 sit,
578 2539 656 2610 quod
673 2554 725 2610 per
742 2542 836 2593 totum
855 2539 979 2610 spatium

129 2630 257 2702 corporis
273 2633 364 2684 tectus
374 2628 497 2683 sentitur
509 2627 544 2692 ab
559 2627 665 2695 anima,
677 2643 764 2698 quam
775 2627 859 2697 spatii
872 2627 979 2682 nullius

130 2734 191 2774 esse
206 2717 350 2772 volumus.
364 2719 397 2773 Ε.
414 2715 543 2771 Sinerem
559 2716 618 2786 jam
633 2715 669 2771 ad
692 2715 763 2770 illud
781 2715 907 2782 transiri,
922 2716 979 2771 nisi

127 2807 164 2862 de
175 2805 283 2861 viribus
295 2804 448 2859 dicendum
459 2803 569 2875 aliquid
579 2803 742 2858 arbitrarer.
754 2803 828 2868 Quid
842 2808 885 2858 est
900 2803 978 2858 enim

126 2895 193 2964 hoc,
211 2894 288 2965 quod
303 2891 431 2948 auctiore
444 2907 497 2962 per
506 2896 619 2947 estatem
630 2907 750 2962 corpora
764 2892 836 2947 vires
850 2893 981 2963 praebent

129 2983 233 3038 auimae
248 2981 413 3052 ampliores,
427 2979 451 3034 si
465 2995 532 3034 cum
546 2979 591 3034 his
604 2979 727 3050 amplior
745 2995 804 3033 non
818 2979 851 3033 tit
863 2979 981 3033 anima?

129 3071 303 3141 Quanquam
317 3068 395 3123 enim
410 3067 501 3122 virtus
516 3067 632 3136 animae,
646 3067 720 3122 vires
740 3071 838 3122 autem
851 3066 981 3137 corporis

98 3172 102 3180 ’
129 3159 225 3232 putari
237 3158 347 3212 soleant
358 3176 365 3223 ;
377 3170 526 3226 nunquam
541 3155 685 3210 tamenab
700 3155 796 3210 anima
809 3171 856 3208 eas
868 3154 980 3224 abjudi-

129 3245 265 3314 caverim,
281 3259 347 3299 cum
361 3243 476 3297 videam
494 3242 524 3296 in
537 3242 675 3297 exanimis
698 3242 865 3313 corporibus
888 3241 980 3297 nullas

131 3347 201 3386 esse,
219 3332 274 3386 Per
293 3346 397 3402 corpus
413 3329 530 3401 quidem
545 3330 664 3397 uiribus,
686 3329 767 3384 sicuti
782 3330 922 3397 sensibus,
938 3328 981 3384 uti

129 3419 256 3474 animam
273 3435 331 3473 non
346 3418 508 3489 negandum
521 3422 580 3487 est;
590 3422 686 3472 tamen
697 3418 832 3490 qnoniam
847 3417 982 3472 istasunt

129 3509 249 3565 viventis
262 3506 366 3575 officia,
378 3507 442 3579 quis
454 3507 516 3562 heac
527 3506 871 3563 dubitaveritadanimam
886 3507 981 3579 potius

130 3598 298 3670 pertinere?
312 3597 384 3654 Cum
398 3595 488 3667 igitur
504 3596 627 3666 majores
641 3596 715 3650 vires
730 3594 760 3650 in
774 3595 871 3668 pueris
892 3612 981 3668 grau·

132 3686 270 3742 diusculis
282 3700 368 3757 quem
382 3684 412 3739 in
423 3684 581 3739 infantibus
594 3700 654 3739 esse
664 3684 822 3752 rideamus,
836 3683 980 3739 ecdeiude

131 3774 334 3835 adolescentes,
358 3774 534 3843 juvenesque
558 3772 588 3826 iu
613 3772 673 3827 dies
696 3773 804 3828 viribus
831 3777 979 3843 praesteut,

132 3857 222 3912 donec
236 3873 334 3912 rursus
349 3875 467 3930 corpore
473 3865 636 3914 senescente
651 3860 979 3929 minuantur3nonleve,

131 3949 272 4015 quantum
297 3945 368 4000 mibi
390 3945 510 4013 videtur,
540 3947 691 4002 crescentis
709 3964 775 4003 cum
795 3965 925 4021 corpore,
949 3965 981 4004 ec

133 4031 238 4088 deinde
253 4033 425 4089 senescentis
437 4034 542 4089 animae
562 4035 701 4091 indicium
715 4043 767 4093 est.

170 4123 214 4176 36.
227 4123 262 4177 Α.
280 4123 343 4178 Non
356 4139 563 4196 usquequaque
575 4124 731 4180 absurdum
746 4126 877 4197 estquod
891 4124 978 4181 dicis:

133 4209 182 4265 sed
198 4226 251 4283 ego
267 4211 341 4266 vires
356 4228 414 4267 non
428 4211 520 4284 magis
533 4212 563 4267 iu
577 4213 766 4284 amplitudine
778 4214 904 4286 corporis
916 4218 981 4269 aeta-

649 226 696 281 DE
715 219 944 291 QUANTITATE
963 214 1101 284 ANIMAE,
1122 215 1149 271 S.
1169 214 1360 273 AUGUSTINI

1832 213 1890 268 ldbb

1032 334 1137 390 molem
1152 351 1185 390 ac
1198 334 1438 407 magnitudinem,
1451 335 1500 392 sed
1516 335 1612 392 nodos
1621 334 1776 407 quosdam
1787 333 1892 390 lacerto

1032 440 1108 491 rum,
1124 429 1152 478 ιι
1165 425 1314 479 destrictos
1328 430 1415 491 toros,
1431 424 1621 496 figuramque
1636 438 1764 478 omnem
1778 422 1893 495 corporis

1032 512 1087 567 sibi
1106 517 1313 583 congruentem
1329 513 1499 584 peritissime
1513 511 1696 583 inspiciunt,
1721 517 1751 565 et
1765 511 1833 565 binc
1847 528 1892 583 pc

1032 601 1089 655 tius
1103 605 1275 672 argumenta
1295 601 1398 656 virium
1419 601 1569 673 colligunt.
1596 600 1672 666 Quae
1688 603 1790 654 tamen
1806 601 1893 654 omnia

1031 705 1137 760 parum
1152 690 1257 754 valent,
1274 688 1331 743 nisi
1345 691 1386 743 vis
1400 689 1469 744 artis
1485 697 1513 745 et
1535 688 1764 745 exercitationis
1778 689 1892 744 accedat.

1032 777 1115 849 Soepe
1129 778 1216 832 etiam
1230 778 1323 832 visum
1335 782 1387 847 est,
1403 777 1529 848 ingentis
1546 777 1688 849 corporis
1703 777 1784 831 viros
1796 777 1832 832 ab
1844 778 1893 832 exi·

1033 867 1099 938 guis
1114 866 1307 938 brevibusque
1323 866 1463 937 superari,
1485 868 1530 921 rel
1554 867 1586 921 in
1611 858 1787 934 merendis,
1807 866 1847 921 rel
1868 867 1892 921 in

1033 955 1159 1010 ferendis
1174 955 1408 1025 ponderibus,vel
1420 953 1521 1024 inipso
1536 955 1628 1009 ctiam
1647 953 1822 1008 luctamine.
1832 955 1892 1009 uam

1033 1042 1259 1116 olympionicum
1267 1042 1528 1113 quemlibellassari
1543 1042 1575 1097 in
1590 1042 1704 1097 itinere
1719 1042 1892 1114 citiusque

1033 1132 1293 1187 circumforaneum
1307 1125 1319 1162 ¹
1333 1129 1456 1201 aliquem
1470 1135 1680 1198 mercatorem,
1693 1130 1748 1201 qui
1760 1145 1818 1183 uno
1829 1129 1893 1182 illius

1033 1221 1126 1291 digito
1141 1219 1237 1275 collidi
1250 1219 1350 1290 possit,
1366 1218 1411 1273 cui
1427 1224 1469 1273 est
1482 1217 1699 1290 incognitum?
1715 1219 1814 1282 Quare
1829 1217 1850 1271 si
1871 1222 1893 1270 et

1032 1309 1110 1379 ipsas
1127 1308 1202 1363 sires
1226 1324 1285 1362 non
1304 1323 1437 1380 peraque
1459 1323 1572 1367 omnes,
1600 1307 1657 1361 sed
1681 1307 1757 1360 alias
1772 1305 1809 1360 ad
1827 1306 1893 1360 aliud

1033 1397 1158 1468 aptiores
1172 1413 1292 1468 magnas
1304 1412 1457 1464 vocamus;
1482 1400 1710 1472 etcorporum
1725 1394 1894 1449 lineamenta

1033 1485 1125 1556 magis
1134 1488 1162 1540 et
1171 1485 1272 1555 figurae
1279 1500 1365 1556 quam
1373 1483 1588 1555 magnitudines
1602 1483 1710 1538 valent
1725 1483 1894 1554 plurimum,

1033 1577 1062 1628 et
1076 1573 1098 1626 si
1119 1560 1335 1627 exercitationes
1356 1576 1470 1627 tautum
1493 1571 1635 1638 aderunt,
1660 1575 1696 1625 ιιι
1715 1570 1892 1625 celeberrime

1032 1661 1173 1716 creditum
1189 1661 1234 1724 sit,
1245 1660 1533 1729 hominemtollendo
1548 1659 1688 1732 quotidie
1703 1660 1832 1715 uitulum
1842 1676 1893 1730 par-

1034 1765 1113 1816 rum,
1129 1749 1221 1820 egisse
1234 1754 1266 1803 ut
1279 1765 1344 1803 eum
1360 1748 1447 1803 etiam
1464 1753 1580 1803 taurum
1595 1747 1664 1802 sine
1680 1764 1774 1803 sensu
1789 1748 1893 1819 majoris

1034 1837 1140 1904 oneris,
1158 1837 1236 1908 quod
1249 1836 1386 1908 paulatim
1403 1835 1573 1902 addebatur,
1587 1836 1697 1891 tollere
1713 1852 1751 1890 ac
1763 1834 1891 1890 sustinere

1033 1931 1144 1998 posset:
1159 1940 1344 1996 nequaquam
1360 1922 1509 1995 amplioris
1530 1923 1627 1978 mtatis
1647 1923 1729 1978 vires
1758 1940 1824 1979 cum
1843 1939 1891 1978 con

1034 2030 1103 2086 pore
1118 2014 1246 2068 animam
1261 2012 1381 2067 crevisse
1400 2011 1573 2083 significant.

1106 2103 1222 2158 CAPUT
1234 2102 1315 2158 XXII.
1326 2131 1361 2143 -
1379 2101 1451 2157 Unde
1471 2103 1543 2156 uires
1555 2102 1685 2170 corporis
1699 2102 1832 2171 majores.

1072 2193 1115 2245 37.
1132 2191 1213 2256 Quod
1229 2191 1253 2246 si
1268 2190 1392 2261 amplius
1407 2188 1516 2261 aliquid
1533 2188 1835 2262 animalinmmejora
1843 2207 1890 2245 cor·

1034 2294 1114 2350 pora,
1132 2294 1166 2334 eo
1190 2279 1252 2350 ipso
1271 2295 1328 2350 quo
1344 2278 1453 2349 majora
1467 2282 1543 2341 sunt,
1562 2278 1680 2335 habent
1703 2278 1833 2344 virium;
1851 2279 1889 2333 illa

1034 2371 1187 2433 causaest,
1205 2367 1282 2437 quod
1302 2367 1365 2436 lege
1383 2370 1493 2420 naturae
1505 2364 1615 2419 cedunt
1628 2366 1770 2435 pondera
1793 2367 1890 2422 minora

1034 2454 1206 2526 majoribus,
1224 2470 1284 2509 non
1298 2454 1384 2509 modo
1395 2470 1460 2509 cum
1474 2453 1508 2507 ad
1522 2453 1681 2525 proprium
1694 2454 1798 2509 locum
1806 2461 1888 2526 suopte

1034 2548 1108 2597 nutu
1123 2543 1267 2610 feruntur,
1286 2547 1318 2596 ut
1332 2542 1451 2597 humide
1461 2547 1628 2597 etterrema
1644 2543 1889 2614 corporaiuipsius

1035 2631 1137 2687 mundi
1152 2631 1280 2686 medium
1293 2632 1387 2685 locum
1400 2629 1450 2702 qui
1463 2634 1505 2685 est
1517 2630 1653 2700 iniimus,
1669 2647 1780 2687 rursus
1787 2633 1856 2687 aeria
1867 2637 1889 2685 el

1032 2718 1116 2791 ignee
1133 2735 1370 2787 sursumrersus3
1385 2719 1433 2774 sed
1449 2718 1536 2773 etiam
1551 2734 1622 2773 cum
1637 2718 1746 2791 aliquo
1760 2725 1887 2775 tormento

1036 2814 1085 2863 aut
1095 2809 1173 2880 jactu
1190 2814 1241 2862 aut
1256 2807 1383 2878 impulsu
1398 2811 1447 2861 eut
1461 2806 1590 2879 repulsu,
1604 2823 1641 2861 eo
1658 2824 1724 2880 quo
1733 2825 1795 2864 nou
1804 2814 1887 2881 sponte

1034 2897 1187 2963 ferrentur,
1204 2894 1232 2950 ri
1249 2896 1343 2951 aliena
1357 2895 1399 2949 ire
1413 2901 1564 2965 coguntur.
1581 2895 1659 2950 Nam
1674 2897 1703 2950 si
1727 2913 1763 2952 ex
1784 2899 1837 2952 alto
1852 2898 1885 2952 di·

1033 2983 1154 3046 miseris,
1171 2999 1339 3055 quanquam
1354 2982 1449 3052 simul,
1466 2982 1538 3037 duos
1552 2983 1668 3054 lapides
1680 2984 1885 3057 disparisquau

1033 3071 1134 3139 titulis,
1151 3071 1234 3126 citius
1252 3071 1369 3142 quidem
1382 3057 1478 3142 major
1491 3071 1528 3126 ed
1541 3076 1654 3127 terram
1675 3076 1815 3145 persenit
1826 3091 1834 3129 ι
1847 3074 1884 3127 sed

1033 3159 1090 3214 sici
1099 3157 1379 3229 minorsubjiciatur,
1394 3174 1485 3229 eoque
1499 3158 1717 3215 inevitabiliter
1732 3166 1883 3232 occupetur,

1033 3245 1108 3300 cedit
1123 3245 1260 3315 profecto,
1283 3245 1426 3316 stmulqne
1441 3245 1472 3300 in
1486 3245 1581 3300 solum
1598 3245 1772 3303 deducitur.
1790 3246 1884 3303 ltemsi

1034 3333 1168 3404 dejicitur
1183 3338 1305 3403 desuper
1321 3334 1421 3404 major,
1437 3333 1646 3389 minorantem
1665 3340 1774 3391 contra
1786 3351 1882 3391 sursum

1032 3437 1131 3476 versus
1143 3421 1250 3492 jacitur
1262 3438 1269 3489 3
1291 3421 1339 3476 ubi
1355 3422 1466 3477 obviam
1480 3422 1626 3491 venerint,
1640 3424 1829 3494 repercussio
1841 3424 1882 3479 mi-

1033 3510 1112 3565 noris
1142 3514 1171 3565 et
1198 3509 1367 3564 retrocessio
1394 3509 1442 3565 fiat
1464 3525 1580 3565 necesse
1608 3516 1663 3567 est.
1683 3513 1770 3577 Quod
1786 3512 1883 3569 acideo

1033 3597 1163 3652 accidere
1176 3603 1269 3669 putes,
1286 3598 1470 3669 quodminus
1487 3601 1587 3653 contre
1603 3605 1750 3655 usturam
1766 3601 1795 3656 in
1807 3600 1883 3655 subli-

1034 3686 1093 3741 mia
1107 3686 1148 3740 ire
1175 3687 1341 3757 cogebatur,
1357 3687 1429 3741 alter
1444 3703 1511 3743 vero
1528 3687 1643 3758 majore
1661 3688 1783 3760 impetu
1804 3690 1882 3744 locun

1034 3790 1118 3829 suum
1134 3773 1269 3844 petebet;
1285 3774 1370 3829 lecito
1386 3779 1417 3829 ut
1432 3775 1525 3847 major
1542 3774 1575 3829 in
1594 3792 1732 3848 superna
1742 3778 1882 3849 jaculetur,

1034 3866 1063 3918 et
1076 3862 1184 3918 minori
1201 3867 1331 3918 occurrat
1346 3861 1376 3917 iu
1390 3868 1481 3918 terres
1501 3863 1632 3935 dejecto:
1661 3865 1780 3922 ridebis
1794 3866 1883 3922 nihile

1033 3951 1129 4006 minus
1148 3953 1296 4023 repulsum
1311 3952 1453 4008 minorem
1467 3952 1497 4007 in
1511 3954 1618 4008 coelum
1632 3956 1719 4027 cogi,
1742 3958 1794 4012 sed
1805 3971 1884 4025 repes

1033 4055 1117 4095 cnssu
1132 4039 1194 4110 ipso
1209 4040 1309 4094 cadere
1322 4041 1354 4094 in
1367 4040 1452 4094 aliam
1465 4026 1588 4111 partem.
1605 4044 1640 4095 ut
1655 4058 1720 4114 qua
1731 4043 1883 4115 expeditum

1035 4128 1128 4196 estin
1149 4128 1208 4182 ime
1225 4128 1475 4190 deferatur.,ltem
1504 4126 1706 4184 siembonou
1718 4136 1801 4186 motu
1814 4135 1884 4185 natu·

1033 4215 1095 4283 reli,
1108 4215 1157 4270 sed
1172 4215 1310 4270 aduobus
1321 4215 1404 4287 quasi
1419 4215 1449 4269 in
1460 4230 1563 4286 campo
1576 4219 1788 4288 pugnantibus
1803 4218 1884 4273 adres

28 4349 31 4359 ,
131 4297 226 4370 iisque
241 4299 437 4368 incrementis,
457 4317 544 4372 quem
559 4301 589 4355 in
605 4297 807 4358 exercitatione
822 4304 981 4376 quademet
1033 4319 1081 4357 eus
1103 4302 1225 4358 invicem
1248 4304 1327 4375 jacti,
1356 4303 1470 4359 sibimet
1490 4303 1521 4358 in
1537 4303 1637 4359 medio
1655 4306 1756 4378 spatio
1770 4307 1883 4378 comple

134 4388 359 4444 conformatione
374 4387 383 4420 ¹
401 4389 599 4445 membrorum
626 4407 686 4446 esse
709 4393 786 4448 soleo
803 4397 925 4464 putare:
951 4391 979 4446 id
1032 4390 1154 4459 deutur3
1173 4391 1238 4463 quis
1254 4391 1427 4447 dubitaverit
1442 4391 1585 4447 minorem
1601 4394 1714 4464 majori
1727 4411 1793 4450 esse
1804 4410 1885 4450 cassu·

134 4473 205 4529 adeo
222 4481 253 4531 ut
266 4476 318 4532 tibi
331 4478 461 4548 probem,
480 4494 578 4549 quaero
596 4479 646 4533 abs
661 4483 689 4533 te
706 4485 802 4536 utrum
818 4479 906 4535 alium
923 4480 979 4534 alio
1033 4495 1109 4546 rum,
1122 4479 1153 4533 in
1168 4485 1359 4551 campartem
1374 4479 1516 4550 uudeipse
1531 4479 1886 4550 etquoilleferebentur¹t

129 4562 305 4633 pertinacius
321 4566 466 4621 ambulare
489 4583 521 4621 ac
542 4566 637 4621 minus
651 4567 813 4640 defatigari,
838 4567 980 4638 majorum
1033 4566 1103 4631 Quae
1117 4582 1183 4621 cum
1198 4567 1238 4622 ita
1253 4567 1320 4629 sint,
1336 4567 1365 4623 id
1379 4572 1422 4623 eet
1435 4583 1500 4622 cum
1517 4566 1644 4636 minore,
1665 4575 1702 4624 ut
1717 4571 1828 4626 dictum
1843 4573 1886 4634 est,

132 4648 237 4704 virium
252 4667 312 4706 esse
336 4654 506 4710 arbitreris?
532 4658 565 4711 Ε.
593 4657 636 4711 lte
655 4656 758 4711 sentio.
778 4658 817 4711 Α.
843 4657 980 4727 Curergo
1032 4655 1162 4726 pondera
1190 4655 1349 4727 majoribus
1375 4656 1494 4722 cedant3
1525 4655 1654 4711 multum
1680 4663 1785 4715 tamen
1813 4659 1886 4714 refert

132 4752 205 4808 puer
220 4739 310 4793 multo
325 4742 447 4813 amplius
462 4744 572 4799 itineris
582 4744 767 4800 conficiebam
782 4743 843 4799 sine
857 4745 979 4812 delectu,
1033 4747 1142 4814 quanto
1158 4743 1188 4797 in
1201 4748 1393 4815 seseagantur
1403 4743 1513 4814 impetu
1525 4759 1610 4799 :nam
1623 4745 1650 4799 si
1660 4748 1779 4819 maj0re
1788 4749 1885 4820 impetu

133 4840 200 4880 cum
215 4829 377 4896 aucupandi
387 4831 481 4885 studio
497 4832 528 4886 in
541 4833 713 4888 ambulando
728 4848 882 4897 exercerer,
893 4849 981 4904 quam
1033 4831 1139 4901 minor,
1152 4833 1230 4886 salut
1247 4831 1413 4887 vehementi
1429 4831 1526 4903 aliquo
1542 4837 1695 4890 tormento
1716 4837 1839 4892 emissus
1850 4834 1885 4888 in·

131 4912 300 4967 adolescens
315 4929 380 4969 cum
394 4932 440 4971 me
450 4920 485 4973 ad
501 4920 555 4974 alie
569 4921 674 4988 studia,
689 4920 793 4992 quibus
807 4921 905 4976 sedere
921 4938 980 4976 ma·
1033 4919 1151 4991 lligatur
1177 4920 1281 4991 majori
1305 4921 1350 4975 rel
1372 4919 1462 4975 laxius
1479 4919 1616 4990 jaculato,
1635 4923 1685 4976 vel
1699 4924 1765 4995 jam
1781 4926 1885 4994 langue

134 5002 178 5074 gis
193 5002 326 5073 cogebar,
349 5006 549 5077 contulissem
566 5009 588 5063 si
612 5009 758 5064 accedenti
777 5010 865 5080 aetati,
887 5015 915 5065 et
928 5026 981 5081 per
1034 5007 1555 5080 acenti;quamrisabeodemresiliat,
1567 5010 1883 5073 retardetillumtemeu

132 5090 333 5146 bancauimae¹
343 5096 885 5170 crescentiriresampliorestribuendae
896 5100 980 5152 sunt?
1019 5084 1084 5151 'aut
1104 5097 1190 5152 etiam
1209 5102 1287 5152 retro
1303 5097 1362 5169 agit
1377 5112 1430 5168 pro
1445 5094 1532 5151 modo
1548 5096 1661 5152 ictuum
1682 5103 1773 5172 atque
1788 5098 1885 5173 ponde·

133 5179 240 5236 Deinde
251 5181 281 5236 in
296 5180 367 5252 ipsis
379 5182 549 5239 luctatorum
565 5187 730 5257 corporibus
744 5186 908 5257 palestritae
921 5203 980 5241 uon
1032 5200 1107 5240 rum.

160 5314 167 5348 ¹
187 5313 230 5362 Sic
243 5314 306 5365 MSS·
326 5316 358 5364 Μ
371 5313 447 5374 Edd,
459 5327 510 5364 con
530 5320 674 5369 rmum·
781 5310 786 5327 ι
1070 5276 1113 5329 38.
1131 5273 1179 5327 llis
1198 5273 1341 5344 praejectis
1354 5277 1440 5345 etque
1459 5272 1623 5340 intellectis,
1646 5281 1793 5346 quantum
1817 5289 1882 5348 pre·

158 5375 168 5408 ²
189 5376 263 5436 Losa,
277 5374 388 5427 bomini.
403 5376 452 5426 Alii
466 5391 497 5427 co
517 5378 578 5436 ices,
594 5380 699 5430 αιιιιιιι.

233 5455 237 5464 Ι
1065 5401 1072 5433 ¹
1090 5398 1133 5447 Er.
1148 5401 1175 5447 et
1188 5398 1249 5447 llas.
1265 5410 1371 5455 novem,
1383 5396 1630 5460 circumforaneos.

161 5451 198 5516 (o)
208 5454 257 5504 Vrd
275 5459 285 5505 l
302 5456 416 5507 Retract.
429 5471 485 5521 cap.
499 5460 523 5517 8,
536 5471 564 5507 n.
576 5461 600 5507 ι.

1064 5461 1075 5495 ²
1093 5461 1154 5542 Par,
1168 5461 1211 5510 Er.
1221 5458 1562 5523 Veu.Lov.,uudeipsccst‚
1572 5462 1665 5524 eiquo
1681 5461 1731 5516 tlte
1740 5461 1881 5526 temtor.
