3884 6112
127 252 195 306 ¹235
671 244 717 299 DE
737 243 866 301 LIBERO
885 244 1065 310 assunto,
1087 243 1115 299 S.
1136 241 1328 300 AUGUSTINI
1826 243 1883 297 taso

124 372 228 438 vimus,
243 385 296 441 pro
307 367 411 440 quibus
422 366 611 438 adipiscendis
619 365 833 421 multitudinem
842 366 973 422 ridemus
1031 365 1107 422 enim
1122 365 1252 436 intelligo
1267 379 1354 437 quem
1366 362 1468 419 fortem
1485 361 1585 416 verius
1600 359 1759 433 appellare
1782 363 1887 434 possin,

124 459 277 516 hominum
292 458 385 512 nullos
397 456 519 522 labores,
536 455 615 509 ncilla
628 453 756 524 pericula
766 470 897 510 recusare
907 456 922 509 ‘l
933 455 972 511 Ε.
1030 470 1117 526 quam
1131 469 1197 509 eum
1215 452 1265 524 qui
1278 452 1363 507 rebus
1378 450 1413 505 iis
1427 466 1498 522 quas
1521 463 1626 520 neque
1648 451 1684 502 nt
1695 447 1887 521 adipiscamur,

126 547 315 606 Gaudendum
329 561 407 611 vero,
419 560 451 599 ac
466 543 677 615 plurimumA.
691 543 858 608 Quidlboc
868 544 974 616 gaudio
1029 559 1123 615 neque
1137 546 1170 597 ut
1184 542 1364 596 obtineamus
1389 539 1420 594 in
1445 538 1529 595 nobis
1560 537 1659 593 situm
1690 541 1744 604 est,
1775 546 1890 610 mqnoet

126 636 252 708 quinon
279 634 424 699 fruuntur,
447 648 533 703 parvo
555 630 660 684 damno
684 647 732 685 eos
751 631 866 686 allectos
892 637 975 704 putas
1030 631 1185 704 tranquillo
1196 630 1292 685 animo
1309 634 1401 693 co:·‹=t;
1418 627 1495 700 quod
1510 627 1592 682 hunc
1608 626 1785 682 necessario
1808 627 1889 683 iacere

126 724 202 780 tanti
215 722 304 779 boni‘l
320 724 352 777 E.
370 722 430 775 lmo
447 718 584 774 maximo.
1030 725 1210 791 compertum
1224 722 1274 774 est.
1287 720 1326 772 A.
1341 720 1409 772 tide
1421 717 1482 789 jam
1494 731 1573 771 nnnc
1597 718 1711 770 utrum
1724 715 1762 769 ab
1781 729 1816 770 eo
1832 720 1891 772 tem·

163 816 206 868 26.
220 813 258 866 A.
279 809 360 864 Vides
379 808 467 880 igitur
479 808 551 878 jam,
580 811 613 862 ut
627 807 767 876 existimo,
784 809 814 863 in
830 809 976 864 voluntate
1030 807 1189 879 percutiam
1212 807 1335 861 alienare
1348 805 1501 876 possimus,
1517 819 1586 859 cnm
1603 814 1644 858 ea
1659 803 1701 858 sit
1722 803 1816 859 virtus
1837 822 1891 876 qne

126 905 297 956 nostraesse
313 897 512 964 constitutum,
537 896 635 951 uthoc
657 897 702 951 vel
717 896 848 952 fruamur
869 898 976 953 velca-
1030 895 1164 951 libidines
1187 895 1310 951 cohibet.
1337 893 1410 959 Quid
1425 898 1521 947 autem
1548 897 1612 947 tam
1645 891 1808 947 inimicum
1821 893 1893 948 bona

126 1004 240 1044 reamus
254 991 333 1042 tanto
348 990 376 1041 ct
391 990 449 1041 tam
464 1002 529 1039 vero
543 984 633 1040 bono.
653 985 810 1050 Quideuim
823 985 917 1041 tamin
930 1002 977 1039 vo·
1030 985 1171 1039 voluntati
1181 990 1225 1040 est
1238 999 1326 1057 qnam
1339 983 1508 1038 libido‘llix
1524 998 1584 1054 quo
1613 981 1757 1054 proiecto
1770 981 1893 1054 intelligis

127 1077 249 1144 luntate,
260 1072 663 1146 quamipsavoluntassitaest
675 1073 717 1144 (α)
728 1076 743 1127 t
753 1075 844 1138 Quam
855 1073 977 1146 quisque
1031 1074 1118 1129 istum
1130 1075 1214 1130 bonae
1226 1072 1382 1129 voluntatis
1396 1088 1454 1126 suae
1481 1076 1654 1127 amatorem
1669 1070 1811 1126 resistere
1826 1072 1890 1126 omni

128 1180 193 1219 cum
208 1164 294 1218 habot
308 1164 424 1229 bonam,
436 1162 464 1216 id
475 1167 550 1217 certe
561 1162 647 1217 habet
660 1163 739 1233 quod
750 1163 871 1217 terrenis
887 1162 978 1216 omui·

127 1253 181 1308 bus
202 1253 306 1323 regnis,
331 1250 584 1321 voluptatibusque
602 1249 736 1304 omnibus
750 1251 877 1320 corporis
894 1251 977 1322 longe

127 1341 360 1412 anteponendum
381 1339 427 1393 sit.
444 1338 579 1409 Quisquis
595 1343 691 1392 antem
707 1338 878 1406 nonhabet,
901 1344 979 1393 caret

127 1431 255 1504 prolecto
269 1430 318 1484 illa
331 1445 373 1495 re,
390 1444 477 1499 qnam
491 1429 717 1498 prestantiorem
741 1429 874 1483 omnibus
896 1429 979 1484 bonis

128 1521 159 1576 in
173 1523 311 1592 potestate
331 1521 429 1572 nostra
454 1533 513 1571 non
533 1517 705 1586 constitutis,
720 1520 780 1572 sola
794 1519 835 1572 illi
850 1520 979 1574 voluutas

129 1609 319 1682 perseipsum
341 1608 431 1661 daret.
445 1606 543 1677 ltaque
559 1621 625 1659 cum
650 1606 756 1676 seipse
782 1607 979 1662 miserrimum

126 1696 244 1769 judicet,
262 1695 286 1748 si
299 1693 427 1748 amiserit
447 1693 602 1763 gloriosam
617 1694 734 1760 lamam,
753 1695 884 1765 ingentes
900 1710 978 1766 opes,

130 1789 158 1840 et
178 1782 314 1856 qualibet
327 1782 454 1852 corporis
468 1782 556 1849 bona;
573 1787 605 1836 tu
620 1798 686 1836 eum
710 1800 766 1837 non
785 1784 980 1839 miserrimum

127 1871 280 1944 judicabis,
297 1869 409 1925 etiamsi
423 1870 528 1924 talibus
548 1871 674 1925 abundet
697 1872 841 1939 omuibus,
865 1888 931 1927 cum
946 1872 981 1927 iis

130 1961 252 2017 inhaeret
264 1975 329 2031 quie
338 1958 468 2014 amittere
479 1958 614 2014 facillime
627 1965 733 2031 potest,
744 1976 838 2032 neque
846 1961 914 2016 dum
922 1959 982 2016 vult

130 2047 226 2115 babet,
242 2050 318 2101 caret
331 2051 426 2101 autem
441 2046 515 2101 bona
531 2048 687 2113 voluntate,
709 2064 775 2119 quoe
797 2065 850 2104 nec
865 2065 981 2121 compa-

131 2136 222 2191 randa
235 2139 277 2191 est
291 2150 357 2190 cum
371 2136 442 2200 istis,
459 2141 567 2191 etcum
582 2136 690 2191 sillam
706 2153 846 2208 magnum
860 2138 978 2206 bonum,

129 2224 202 2280 velle
213 2223 306 2279 solum
316 2223 453 2295 opns'est,
467 2224 665 2281 uthabeatur?
678 2227 710 2280 E.
727 2225 914 2281 Verissimum
926 2232 979 2282 est.

130 2313 167 2368 A.
187 2313 253 2367 lure
268 2312 357 2382 igitur
371 2326 404 2365 ac
417 2313 519 2366 merito
535 2311 767 2381 stulti-homines,
783 2315 897 2369 tametsi
910 2330 983 2369 nun·

133 2413 220 2470 quam
234 2399 351 2454 fuerunt
358 2399 499 2470 sapientes
510 2399 575 2470 (hoc
582 2400 659 2454 enim
672 2400 792 2456 dubium
807 2407 835 2456 et
848 2402 983 2457 occultis-

131 2485 237 2541 simum
266 2487 330 2558 est),
345 2486 543 2558 huJuscemodi
555 2487 720 2543 alliciuntur
736 2489 859 2544 miseria.
876 2492 911 2546 E.
927 2492 983 2545 As·

133 2574 252 2629 sentior.

134 2661 246 2718 CAPUT
259 2663 333 2718 lllll.
348 2693 382 2702 -
410 2661 558 2720 Voluntotc
582 2663 676 2719 ettam
695 2663 813 2734 beatam,
838 2665 985 2724 uoluntate

411 2751 547 2808 sommam
566 2752 705 2825 degimus.

169 2845 213 2895 27.
229 2844 268 2896 A.
285 2838 439 2896 Considera
465 2856 542 2894 nunc
570 2845 667 2895 utrum
691 2841 744 2896 tihi
766 2842 897 2899 rideatur
925 2860 985 2900 osse

133 2928 288 3000 prudentia
302 2928 528 2999 appetendarum
542 2933 571 2983 et
584 2928 768 2984 vitandarum
784 2947 884 2989 rerum
899 2933 978 2988 scien

1032 1259 1181 1324 perantem
1195 1251 1298 1305 vocari.
1313 1253 1346 1306 E.
1362 1251 1470 1320 Perge;
1492 1248 1655 1303 assentior.
1675 1250 1711 1304 A.
1728 1247 1846 1303 lustitia
1858 1265 1890 1302 re-

1033 1344 1098 1409 stat,
1110 1356 1175 1412 quae
1182 1339 1326 1411 quomodo
1340 1337 1483 1393 desithuic
1497 1336 1627 1405 homini,
1644 1353 1709 1391 non
1725 1351 1800 1391 sane
1811 1337 1889 1391 video.

1034 1428 1088 1494 Qni
1102 1429 1181 1483 enim
1200 1426 1286 1483 habet
1303 1431 1332 1483 et
1346 1427 1439 1498 diligit
1452 1427 1639 1482 voluntatem
1655 1426 1787 1494 bonam,
1802 1428 1830 1480 et
1852 1426 1889 1480 ob·

1034 1517 1108 1572 sistit
1122 1517 1173 1584 eis,
1189 1520 1221 1571 ut
1235 1517 1344 1572 dictum
1359 1521 1411 1582 est,
1426 1531 1491 1588 quae
1501 1513 1570 1571 huic
1584 1514 1718 1570 inimica
1738 1518 1818 1580 sunt,
1834 1517 1890 1569 mele

1034 1605 1168 1678 cuiquam
1178 1605 1249 1660 velle
1259 1621 1318 1660 non
1332 1608 1434 1675 potest.
1452 1603 1591 1675 Sequitur
1609 1617 1686 1674 ergo
1701 1607 1738 1658 ut
1748 1603 1888 1658 neminiia-

1035 1693 1091 1748 ciat
1104 1692 1259 1764 injuriam;
1282 1692 1359 1765 quod
1387 1691 1465 1746 nullo
1479 1695 1563 1763 pacto
1577 1695 1696 1762 potest,
1714 1690 1775 1746 nisi
1792 1692 1890 1764 quisue

1035 1781 1138 1852 cuique
1152 1780 1304 1835 tribuerit:
1329 1780 1381 1834 hoc
1394 1783 1489 1834 autem
1514 1778 1551 1833 ad
1575 1779 1737 1850 justitiam
1762 1780 1891 1850 pertinere

1035 1885 1100 1925 cum
1113 1870 1247 1936 dicerem,
1263 1869 1436 1940 approbasse
1453 1872 1491 1933 te,
1515 1872 1549 1922 ut
1570 1872 1664 1938 puto,
1681 1868 1889 1923 meministilt

1036 1959 1093 2029 Ego
1109 1974 1175 2013 vero
1189 1957 1306 2012 memini
1322 1962 1350 2011 et
1362 1956 1452 2012 iateor
1473 1956 1505 2010 in
1528 1957 1583 2011 hoc
1600 1956 1743 2024 homine,
1762 1958 1891 2029 quisusn

1035 2047 1142 2102 bonam
1169 2047 1344 2101 voluntatem
1372 2045 1592 2116 magnipendit
1623 2049 1655 2100 et
1675 2045 1792 2118 diligit,
1811 2062 1891 2101 omns

1036 2138 1161 2208 quatuor
1182 2124 1384 2206 'virtutesque
1399 2133 1448 2188 abs
1462 2139 1491 2188 te
1505 2134 1596 2205 paulo
1622 2138 1707 2202 ante,
1735 2151 1786 2190 me
1813 2151 1890 2190 essen

1037 2225 1135 2293 tiente,
1151 2224 1298 2297 descriptae
1310 2227 1386 2290 sunt,
1407 2239 1468 2278 esse
1482 2228 1665 2294 compertas.

1072 2316 1116 2369 ⁶28.
1137 2316 1176 2368 A.
1199 2313 1273 2379 Quid
1293 2312 1383 2384 igitur
1410 2310 1531 2383 impedit
1549 2327 1604 2367 cur
1619 2311 1715 2384 hujus
1742 2313 1830 2368 vitam
1843 2330 1890 2368 non

1038 2401 1226 2457 concedamus
1240 2416 1302 2456 asse
1317 2400 1515 2456 laudabilem?
1528 2402 1564 2456 Ε.
1586 2400 1671 2455 Nihil
1687 2417 1827 2472 prorsns;
1844 2403 1890 2457 imo

1038 2488 1190 2544 hortantur
1213 2489 1258 2543 sel
1271 2488 1358 2543 etiam
1372 2493 1479 2559 cogunt
1492 2487 1603 2542 omnia.
1621 2491 1663 2544 A.
1692 2489 1799 2555 Quid?
1818 2490 1892 2544 vitan

1039 2577 1172 2634 miseram
1187 2582 1305 2649 potesne
1319 2577 1378 2632 ullo
1393 2577 1479 2632 modo
1494 2591 1552 2630 nou
1560 2576 1704 2647 judicare
1714 2578 1894 2651 fugiendam?

1038 2669 1072 2722 Ε.
1088 2665 1121 2721 Et
1132 2680 1305 2737 magnopere
1316 2663 1433 2736 quidem
1444 2664 1553 2735 judico,
1565 2664 1712 2738 nihilque
1725 2668 1808 2722 alind
1821 2683 1894 2739 agen·

1038 2753 1108 2809 dum
1122 2751 1262 2807 existimo.
1278 2753 1316 2806 A.
1330 2752 1367 2805 Al
1381 2750 1554 2806 laudabilem
1568 2767 1634 2805 non
1648 2751 1829 2824 fugiendam
1843 2771 1893 2826 pro

1040 2839 1112 2897 iecto
1125 2845 1217 2913 putas.
1232 2843 1265 2896 Ε.
1286 2839 1361 2905 Quin
1375 2839 1461 2894 etiam
1473 2840 1677 2910 appetendam
1695 2842 1804 2897 sedulo
1818 2840 1895 2896 exhu-

1040 2948 1098 2987 mo.
1123 2935 1160 2985 A.
1177 2932 1239 2985 Nou
1253 2946 1322 3003 ergo
1345 2929 1449 2984 misero
1463 2933 1507 2984 est
1521 2945 1588 3001 quae
1604 2930 1774 2986 laudabilis
1788 2933 1844 2988 sita
1854 2936 1893 2987 cst

132 3016 183 3071 tia.
200 3019 232 3072 E.
258 3015 383 3071 Videtur.
412 3017 449 3071 A.
474 3016 571 3082 Quid?
598 3016 735 3073 fortitudo
763 3035 859 3074 nonne
874 3019 924 3076 illa
944 3025 988 3076 est

135 3104 240 3159 animae
254 3103 377 3169 allectio,
395 3119 451 3175 qua
463 3104 559 3158 omnia
571 3105 754 3162 incommoda
769 3115 798 3162 et
818 3108 923 3164 damna
939 3125 983 3164 re·

1039 3022 1073 3076 E.
1086 3020 1143 3074 iloc
1154 3019 1254 3090 ulique
1267 3017 1405 3089 sequitur.
1413 3020 1450 3071 A.
1461 3017 1536 3071 Nihil
1544 3017 1621 3088 jam,
1633 3024 1789 3090 quantum
1796 3021 1891 3093 opinor,
1936 3038 1938 3071 ς

1041 3107 1157 3164 difficile
1184 3106 1237 3162 tibi
1264 3111 1295 3162 ut
1308 3105 1471 3161 assentiaris
1485 3105 1685 3178 relinquitur,
1719 3126 1787 3166 eam
1801 3110 1893 3165 scilicet

136 3207 201 3247 rum
215 3207 273 3246 non
286 3191 317 3245 in
331 3196 430 3246 nostra
441 3196 580 3263 potestate
595 3195 813 3250 constitutarum
829 3198 986 3253 contemni·
1042 3213 1106 3268 quae
1130 3195 1234 3250 misera
1257 3198 1383 3262 nonest,
1398 3194 1511 3250 beatam
1538 3211 1601 3250 esse
1616 3197 1728 3254 vitam.
1747 3203 1780 3256 Ε.
1797 3198 1893 3256 hlauts

136 3280 223 3336 mns‘l
245 3282 279 3335 Ε.
305 3281 347 3334 lta
361 3279 500 3335 existimo.
523 3281 558 3336 A.
579 3284 667 3336 Porro
683 3285 872 3354 temperantia
887 3291 928 3341 est
943 3285 986 3340 al·
1042 3283 1200 3338 stissimum
1215 3284 1310 3339 estA.
1322 3284 1418 3339 Placet
1432 3283 1521 3354 igitur
1534 3284 1659 3341 beatum
1678 3303 1748 3344 esse
1764 3289 1892 3345 hominen

136 3366 221 3423 lectio
251 3382 383 3422 coercens
406 3372 434 3422 et
448 3368 585 3424 cohibens
607 3372 769 3442 appetitum
792 3372 827 3427 ab
841 3372 876 3428 iis
900 3374 988 3429 rebus
1042 3370 1208 3426 dilectorem
1234 3371 1317 3426 bonae
1335 3371 1491 3426 voluntatis
1506 3387 1577 3440 suae,
1595 3377 1626 3428 et
1650 3391 1721 3446 prae
1742 3377 1794 3432 illa
1817 3382 1892 3432 conte
1936 3399 1938 3416 ι

137 3471 202 3529 quae
214 3455 338 3527 turpiter
347 3461 539 3528 appetuntur:
560 3474 598 3512 au
612 3463 644 3513 tu
658 3460 741 3515 aliter
754 3467 837 3533 putas
847 3463 862 3516 ‘l
874 3465 906 3518 E.
926 3464 987 3518 Imo
1041 3460 1892 3539 maenumquodcumquealiudbonamdicitur,cujmauis

135 3543 175 3599 ita
187 3549 219 3599 ut
233 3543 302 3599 dicis
316 3544 417 3599 sentio.
427 3548 465 3600 A.
477 3547 539 3600 lam
546 3546 685 3619 justitiam
693 3549 763 3621 quid
775 3549 903 3606 dicamus
915 3568 986 3618 esse,
1041 3548 1084 3603 sio
1099 3552 1192 3620 potest
1204 3548 1329 3604 accidere
1337 3549 1424 3604 etiam
1434 3565 1499 3605 cum
1512 3549 1653 3606 voluntas
1664 3556 1796 3610 tenendi
1804 3557 1890 3610 manet

135 3631 191 3689 nisi
207 3633 341 3688 virtulem
363 3649 420 3705 qua
443 3651 494 3689 sna
509 3635 611 3707 cuique
636 3636 831 3694 tribuuntur?
853 3642 887 3695 Ε.
903 3640 987 3695 Nulla
1040 3640 1073 3693 E.
1090 3637 1195 3702 Quidni
1209 3638 1328 3709 placeat,
1342 3654 1400 3709 quo
1419 3637 1569 3708 superiora
1598 3654 1671 3711 quae
1701 3643 1890 3706 concessimus,

135 3721 406 3793 mihialiajustitioe
421 3723 499 3777 notio
515 3729 569 3780 est.
585 3726 620 3780 A.
637 3725 773 3798 Quisquis
789 3743 857 3799 ergo
880 3729 987 3783 bonam
1041 3725 1199 3781 necessario
1223 3727 1365 3781 trahunt?
1390 3729 1429 3783 A.
1467 3728 1541 3781 Beue
1569 3726 1750 3802 intelligis:
1781 3733 1828 3788 sed
1850 3730 1890 3797 dit,

137 3810 246 3865 habeus
260 3812 444 3878 voluntatem,
463 3812 497 3866 de
513 3814 593 3883 cujus
620 3816 786 3872 excellentia
806 3819 868 3890 jam
882 3818 932 3873 diu
946 3819 987 3873 lo·
1041 3830 1148 3886 quaeso,
1167 3830 1261 3869 nonne
1276 3813 1380 3870 bonam
1404 3815 1586 3870 voluntatem
1612 3833 1705 3874 suam
1734 3821 1891 3894 diliger-emt

136 3897 263 3969 quimur,
277 3897 351 3952 hauc
368 3914 455 3953 unam
466 3899 617 3955 dilectione
634 3903 824 3973 amplexetur,
842 3920 898 3976 qun
912 3905 985 3960 inte·
1040 3906 1099 3957 tam
1110 3902 1207 3974 magni
1220 3902 1362 3958 aestimare
1371 3919 1458 3975 quam
1468 3902 1643 3973 dictumest,
1654 3909 1754 3965 etiam
1765 3910 1890 3983 ipsehon

136 3985 192 4040 rim
208 3986 310 4040 melius
324 3986 397 4040 nihil
409 3986 505 4056 habet,
515 3987 568 4042 hac
583 4005 643 4043 sese
657 3989 788 4058 oblectet,
799 3992 853 4047 hac
863 3993 987 4065 denique
1040 3992 1170 4046 voluntas
1185 3991 1250 4046 est?
1272 3994 1305 4047 Ε.
1324 3991 1518 4047 Verumdicis.
1533 3993 1573 4047 A.
1599 3995 1640 4048 At
1653 3995 1683 4049 si
1699 3997 1783 4054 hunc
1798 4000 1889 4054 bmtnu

134 4072 298 4145 perfruatur
323 4078 351 4128 ct
365 4074 497 4145 gaudeat,
524 4077 708 4132 considerans
732 4095 796 4134 eam
815 4084 842 4135 et
852 4081 986 4152 judicans
1041 4084 1117 4136 recte
1128 4079 1301 4151 judicamus,
1319 4096 1414 4136 nonne
1430 4084 1504 4134 recte
1519 4079 1682 4154 miserum,
1693 4088 1750 4157 qui
1762 4085 1889 4143 contrade

135 4166 243 4235 quemn
257 4162 303 4231 sit,
319 4179 464 4236 quamque
491 4165 579 4220 insito
592 4165 636 4221 illi
651 4167 724 4239 eripi
743 4170 789 4224 vel
813 4170 918 4242 surripi
932 4187 985 4226 ne·
1040 4167 1195 4222 voluntatis
1205 4168 1266 4221 est‘l
1284 4170 1316 4223 Ε.
1332 4166 1508 4223 Rectissime.
1519 4168 1557 4222 A.
1570 4168 1651 4233 Quid
1671 4188 1749 4245 ergo
1764 4191 1850 4229 carisa
1861 4176 1890 4225 etl

136 4254 239 4322 queat;
257 4267 326 4306 uum
334 4251 464 4307 dubitare
478 4253 635 4324 poterimus
645 4254 735 4311 istum
748 4257 891 4313 adversari
902 4259 986 4313 rebus
1040 4255 1290 4311 curdubitandum
1304 4259 1447 4327 putemus,
1464 4256 1575 4311 ehamsi
1593 4274 1762 4333 nunquam
1778 4269 1889 4319 anteess-
1936 4282 1938 4291 ·

135 4337 368 4411 omnibusque
396 4339 463 4395 hnic
483 4340 533 4394 uni
548 4340 624 4397 bono
640 4342 764 4400 inimicae
780 4348 912 4403 suntid.
928 4349 985 4402 Ne·
1040 4345 1149 4417 pientes
1176 4344 1291 4408 luimus,
1331 4347 1477 4400 voluntate
1519 4348 1622 4401 tamen
1661 4350 1847 4408 laudabilem
1871 4352 1891 4402 et

135 4441 211 4482 cesse
224 4432 265 4482 est
281 4427 400 4483 omnino
415 4434 447 4483 ut
461 4428 635 4486 adversetur.
652 4434 690 4488 A.
707 4433 827 4490 Nullane
840 4436 917 4490 hunc
929 4452 985 4508 pu·
1039 4433 1152 4488 beatam
1176 4433 1275 4501 sitam,
1295 4435 1441 4489 voluntate
1458 4437 1572 4505 turpem
1593 4450 1629 4491 ac
1647 4439 1797 4497 miseram
1807 4438 1891 4497 mereri

135 4517 229 4570 mmus
243 4516 397 4588 preditum
411 4532 472 4571 esse
485 4517 651 4588 prudentia,
658 4521 708 4592 qui
717 4522 772 4576 hoc
781 4523 889 4579 bonum
900 4540 986 4595 appe-
1041 4539 1073 4578 ac
1083 4522 1186 4594 degere
1202 4522 1265 4594 (o)‘l
1280 4526 1315 4579 F..
1335 4524 1435 4578 Fateor
1443 4523 1500 4579 huc
1511 4523 1599 4579 certis
1614 4528 1784 4587 etminime
1799 4544 1890 4602 negan-

136 4603 266 4670 tendum,
281 4608 309 4658 et
323 4605 438 4661 vitanda
449 4622 483 4661 ea
499 4623 564 4679 quoe
581 4607 648 4663 huic
672 4609 790 4666 inimica
804 4618 871 4668 sunt
884 4614 986 4669 videt?
1041 4612 1085 4667 dis
1098 4612 1183 4668 robus
1198 4628 1257 4668 esse
1272 4616 1452 4684 perventum.

137 4691 170 4746 E.
185 4690 267 4744 Nullo
280 4692 364 4746 modo
379 4693 449 4748 mihi
460 4695 574 4750 videtur
586 4696 641 4751 hoc
656 4714 737 4769 posse
758 4700 910 4773 quisquam
926 4702 986 4758 sine
1074 4703 1119 4757 29.
1135 4703 1177 4756 A.
1196 4701 1266 4757 Vide
1281 4701 1368 4756 ctiam
1384 4699 1566 4755 aliudznam
1597 4703 1693 4760 credo
1719 4710 1750 4763 te
1767 4708 1891 4764 memoria

135 4777 296 4850 prudentia.
322 4782 361 4832 A.
387 4782 490 4837 Recte:
505 4785 677 4840 sedcuruon
690 4787 756 4842 hnic
769 4787 856 4843 etiam
871 4789 985 4845 fortitu·
1039 4791 1137 4844 tenere
1152 4804 1239 4861 quam
1254 4789 1410 4844 dixerimus
1424 4804 1484 4843 esse
1499 4788 1606 4846 honam
1621 4793 1830 4854 voluntatem:
1845 4796 1891 4868 opi·

136 4866 233 4922 dinem
244 4866 426 4924 tribuamus?
438 4871 489 4926 Illa
503 4873 611 4945 quippe
626 4875 795 4947 omniaquoe
808 4876 838 4930 in
848 4881 986 4946 potestate
1041 4895 1095 4934 nor
1109 4878 1195 4946 enim,
1211 4895 1245 4933 ea
1259 4878 1333 4934 dicto
1343 4883 1387 4933 est
1401 4894 1458 4950 qua
1471 4885 1547 4933 recte
1560 4884 1651 4952 atque
1668 4884 1801 4942 honeste
1818 4887 1892 4942 uren

136 4960 232 5011 nostra
246 4970 306 5010 non
321 4958 397 5023 sunt,
414 4973 510 5015 amare
525 4960 578 5016 iste
594 4978 626 5017 ac
640 4963 759 5035 plurimi
771 4965 913 5020 estimare
927 4982 986 5022 non
1041 4964 1210 5036 appetimus.
1224 4968 1258 5021 Ε.
1269 4965 1494 5022 ltamemini.A.
1509 4966 1589 5021 Hanc
1600 4969 1702 5042 igitur
1718 4976 1892 5038 voluntatem.

134 5048 239 5119 potest.
265 5043 335 5100 Mala
351 5043 427 5099 enim
451 5048 595 5104 voluntate
621 5057 764 5116 amantur,
790 5053 984 5126 cuittanquam
1041 5052 1154 5108 sihona
1168 5053 1269 5109 itidem
1289 5056 1437 5111 voluntate
1456 5054 1612 5127 diligamus
1631 5064 1727 5135 atque
1750 5066 1892 5137 amplecta-

134 5132 260 5190 inimicae
284 5131 451 5188 charissimo
479 5152 530 5190 suo
550 5137 626 5194 bono
653 5141 766 5197 resistat
788 5158 903 5198 necesse
932 5149 983 5199 est.
1039 5158 1115 5210 mur,
1131 5144 1272 5216 rebusque
1288 5143 1422 5199 omnibus
1435 5159 1505 5216 quas
1517 5143 1647 5202 retinere
1664 5164 1730 5206 non
1742 5155 1813 5225 quia
1826 5152 1891 5206 volu·

136 5223 207 5279 Cum
233 5227 330 5278 autem
351 5235 410 5276 nou
432 5227 508 5278 amat
536 5226 607 5296 haec,
634 5245 693 5284 uon
721 5231 800 5287 dolet
823 5231 940 5300 ciuisse,
956 5237 985 5287 et
1040 5246 1104 5286 mus
1117 5248 1277 5303 possumus,
1294 5235 1763 5308 anteponamuspconseqnenter
1776 5241 1832 5296 ille
1848 5239 1892 5294 vir·
1936 5262 1938 5285 ι

135 5311 254 5368 omnino
278 5310 453 5379 contemnil;
471 5313 547 5383 quod
564 5332 635 5386 opus
651 5334 711 5373 esse
731 5320 916 5388 fortitudinis,
940 5320 983 5375 di·
1040 5323 1124 5388 tutes,
1139 5328 1170 5375 ut
1183 5321 1256 5375 ratio
1267 5320 1371 5390 docuit,
1383 5321 1512 5376 animum
1523 5328 1661 5380 nostrum
1677 5326 1824 5401 incolent,
1833 5343 1892 5403 quas
1930 5334 1938 5396 ἰ,

134 5401 211 5454 ctum
228 5405 312 5472 atque
326 5415 492 5456 concessum
507 5404 559 5457 est.
579 5404 610 5457 E.
633 5405 803 5464 tribuamus
824 5424 909 5464 sane:
926 5424 984 5463 non
1039 5407 1144 5463 habere
1161 5409 1287 5480 idipsum
1302 5414 1344 5465 est
1358 5416 1434 5467 recte
1449 5410 1631 5485 honesteque
1645 5414 1760 5475 visere.
1793 5422 1890 5490 linquo

167 5494 203 5559 (o)
218 5495 275 5548 Vid.
291 5497 405 5549 Retmct.
423 5498 468 5549 lib.
485 5501 508 5559 l,
524 5511 581 5563 esp.
594 5501 617 5556 9,
635 5515 662 5551 n.
680 5506 703 5553 3.
1071 5507 1106 5567 (α)
1118 5507 1176 5556 vid.
1192 5508 1305 5559 Retrnot.
1320 5507 1365 5558 lib.
1380 5511 1403 5568 l,
1417 5521 1474 5572 cap.
1489 5510 1514 5568 9,
1527 5522 1555 5559 n.
1570 5511 1595 5559 3.
