3884 6112
137 287 188 340 995

137 407 210 478 quit,
226 404 312 477 paulo
327 404 451 475 planius.
466 402 547 467 Quod
556 418 615 458 non
629 401 700 457 mihi
714 401 791 456 risus
806 405 848 456 est
860 401 984 456 diilicul·

136 498 194 549 tate
214 493 393 564 intelligendi
406 492 469 547 lieri
484 492 616 558 voluisse,
633 493 681 545 sed
697 490 845 562 quaerendi
859 489 984 562 spatium

137 599 194 654 quo
207 582 348 637 inveniret
360 581 429 652 quid
453 580 648 650 responderet.
669 578 780 640 Dixisti,
801 579 931 650 inquam,
950 594 983 632 cu

137 687 201 741 quae
216 686 281 724 cum
296 670 352 723 Deo
363 672 430 721 sunt
440 666 623 732 nonruoreri,
635 671 737 721 catera
752 671 850 720 autem
864 665 983 719 morari.

137 758 166 813 Si
181 774 249 828 ergo
266 758 326 811 hoec
342 772 407 827 quae
422 760 576 809 moventur
589 770 649 809 non
662 759 844 809 morerentur
854 753 878 808 si
891 758 985 808 essent

136 862 202 900 cum
215 847 281 911 lieo,
298 844 436 915 quoniam
453 843 550 898 omnia
565 860 630 915 quae
644 848 712 898 sunt
725 859 790 898 cum
805 844 874 910 Deo,
896 859 984 914 negas

135 932 255 1001 moveri,
278 936 365 987 restat
388 938 420 986 ut
441 937 544 1004 praeter
566 934 656 986 Deum
671 932 728 987 sint
742 948 807 1003 quae
822 935 982 986 morentur.

135 1022 243 1086 Quibus
258 1021 339 1075 dictis
352 1021 445 1076 adhuc
465 1022 577 1076 tacebat
591 1039 597 1088 ;
616 1037 681 1075 cum
705 1021 840 1076 undem:
866 1019 985 1074 Videtur

135 1110 217 1177 mihi,
232 1109 338 1182 inquit,
357 1111 433 1180 quod
453 1111 525 1164 etin
540 1111 595 1164 hoc
609 1110 717 1164 mundo
730 1110 753 1164 si
764 1126 820 1180 qua
842 1125 901 1163 non
922 1124 984 1162 mo·

133 1204 245 1265 rentur,
261 1214 327 1253 cum
341 1199 400 1254 Deo
416 1202 491 1253 sunt.
500 1198 576 1252 Nihil
591 1200 646 1252 hoc
667 1198 703 1253 ad
714 1213 770 1263 me,
787 1198 916 1268 inquam.
932 1196 985 1251 Fa-

135 1289 204 1342 teris
220 1287 308 1353 enim,
323 1292 356 1341 ut
368 1286 480 1358 opinor,
496 1302 556 1340 non
572 1286 670 1340 omnia
684 1302 749 1356 quae
763 1285 794 1339 in
806 1286 860 1340 hoc
877 1284 984 1339 mundo

137 1383 214 1441 sunt,
227 1391 284 1429 non
299 1375 530 1446 moverilixquo
546 1372 985 1442 coniicitur,nonomniamundi

135 1462 221 1533 hujus
233 1478 294 1516 csse
309 1478 374 1516 cum
386 1463 453 1517 lieo.
472 1463 580 1528 Fateor,
597 1461 702 1532 inquit,
719 1477 777 1516 non
788 1461 894 1516 omnia.
910 1462 983 1531 Ergo

136 1554 178 1605 est
185 1549 293 1621 aliquid
305 1549 365 1603 sine
380 1550 448 1604 Deo.
465 1549 538 1615 Non,
551 1549 654 1620 inquit.
670 1550 742 1604 Cum
753 1551 810 1603 lieo
824 1549 986 1620 suntigitur

134 1638 239 1692 omnia.
258 1638 306 1692 llic
321 1637 555 1692 cunctabundus:
580 1637 691 1702 Quaeso,
708 1637 813 1708 inquit,
829 1637 901 1693 illud
925 1652 982 1691 non

137 1727 268 1794 dixerim,
285 1726 362 1797 quod
375 1726 436 1780 sine
450 1727 507 1779 Deo
522 1725 593 1779 nihil
608 1725 645 1780 sit
656 1743 663 1792 3
674 1742 742 1780 nam
756 1742 872 1796 prorsus
888 1725 985 1780 omnia

135 1831 199 1886 qure
209 1819 370 1879 morentur,
387 1830 445 1867 non
453 1813 667 1867 mihividantur
679 1830 740 1868 esse
755 1830 820 1868 cum
836 1816 902 1869 lieo.
917 1814 984 1869 Sine

134 1905 192 1959 lieo
215 1908 265 1969 est,
289 1903 419 1973 inquam,
444 1901 533 1973 igitur
552 1902 655 1957 coelum
684 1903 748 1969 hoc,
774 1902 849 1974 quod
876 1902 984 1957 moveri

134 2007 218 2046 nemo
234 1990 362 2061 ambigit.
380 1991 442 2044 Non
456 1993 508 2059 est,
524 1990 628 2061 inquit,
645 1991 769 2046 sinelleo
780 1990 893 2045 coelum.
910 1992 983 2061 Ergo

133 2085 175 2136 est
187 2079 296 2150 aliquid
315 2094 380 2133 cnm
397 2080 464 2145 lieo,
490 2079 565 2150 quod
593 2085 748 2135 moveatur.
773 2080 834 2133 Non
854 2094 982 2149 possum,

132 2168 236 2241 inquit,
252 2174 284 2223 ut
297 2169 371 2234 rolo,
398 2167 539 2239 explicare
564 2169 641 2239 quod
665 2168 775 2223 sentio:
797 2171 894 2223 tamen
912 2167 982 2239 quid

131 2256 452 2327 moliardicere,petont
462 2256 694 2327 nonexspectatis
703 2256 797 2311 verbis
807 2257 888 2325 meis,
903 2272 983 2328 saga·

131 2344 255 2412 cissime,
272 2343 295 2398 si
309 2343 438 2415 potestis,
447 2342 624 2414 intelligatis.
642 2344 712 2398 Nam
726 2349 754 2399 et
769 2343 830 2399 sine
841 2345 898 2399 Deo
909 2343 982 2400 mibi

131 2433 204 2488 nihil
214 2432 325 2486 videtur
337 2447 397 2486 esse
406 2447 413 2501 ;
421 2432 601 2504 etquodcum
617 2433 732 2498 Deoest,
745 2448 858 2486 rursum
869 2432 982 2488 videtur

131 2521 332 2575 inconcussum
348 2536 481 2575 manere:
499 2521 601 2574 coelum
621 2524 718 2574 autem
731 2520 824 2575 dicere
840 2519 900 2575 sine
924 2521 981 2575 Deo

131 2626 202 2675 esse,
214 2625 272 2663 non
286 2625 402 2680 possum
415 2626 421 2675 ;
432 2625 490 2662 non
505 2609 598 2662 solum
608 2608 687 2679 quod
701 2608 772 2664 nihil
784 2609 844 2663 sine
852 2610 910 2664 Deo
920 2626 981 2664 esse

131 2699 264 2765 arbitror,
280 2699 329 2753 sed
345 2697 420 2769 quod
428 2697 531 2751 coelum
546 2701 644 2768 putem
659 2697 765 2751 habere
779 2697 888 2769 aliquid
903 2699 981 2770 quod

130 2804 191 2841 non
205 2791 345 2854 movetur,
362 2786 439 2857 quod
450 2802 517 2840 rere
532 2791 581 2840 aut
600 2786 675 2840 Deus
689 2789 742 2854 est,
759 2791 808 2841 aut
822 2803 888 2841 cum
910 2788 979 2856 Deo,

130 2875 260 2946 quamvis
274 2874 370 2947 ipsum
398 2873 501 2928 coelum
529 2888 588 2928 non
614 2873 744 2928 dubitem
768 2874 840 2928 verti
858 2890 891 2928 ac
919 2891 980 2929 nro·

129 2963 199 3018 reri.

130 3053 244 3106 CAPUT
259 3052 293 3107 11.
310 3082 344 3090 -
359 3051 425 3106 Cum
435 3054 561 3116 Decesse,
572 3050 639 3119 quid
653 3053 699 3105 sit.
725 3051 860 3122 Quomodo
871 3053 979 3122 sapiens

357 3155 416 3194 cum
439 3143 490 3195 lieo
504 3145 595 3194 monet
608 3142 744 3194 immotus.

162 3230 189 3283 l.
205 3227 298 3283 Delini
311 3244 390 3297 ergo,
411 3227 541 3298 inquam,
562 3227 586 3282 si
599 3227 703 3298 placet,
715 3226 785 3298 quid
795 3226 831 3280 sit
841 3243 977 3284 essecum

130 3319 199 3386 Deo,
224 3322 252 3371 et
267 3316 336 3388 quid
350 3315 385 3370 sit
408 3331 536 3370 nonesse
553 3316 613 3369 sine
637 3317 703 3370 Deo.
713 3315 742 3370 Si
754 3315 875 3370 enimde
885 3317 979 3370 verbis

126 3405 204 3461 inter
219 3422 270 3460 nos
285 3404 479 3459 controversia
494 3407 544 3465 est,
561 3403 642 3458 facile
662 3407 874 3472 contemnetur,
890 3404 978 3459 dum-

127 3495 211 3550 modo
227 3510 288 3549 rem
314 3494 406 3564 ipsam
422 3508 508 3563 quam
523 3490 678 3560 concepisti
692 3496 799 3558 mente,
820 3491 976 3548 videamus.

127 3583 179 3638 Odi
195 3599 260 3655 ego,
274 3582 379 3653 inquit,
387 3581 518 3636 delinire.
529 3580 602 3645 Quid
613 3596 681 3652 ergo
688 3581 834 3648 iaciemus,
845 3581 980 3653 inquam?

127 3674 179 3738 Tu,
194 3671 297 3744 inquit,
316 3669 417 3736 delini,
436 3685 542 3740 quaeso.
569 3670 640 3723 Nam
664 3669 774 3724 facilius
790 3673 832 3724 est
851 3669 922 3724 mihi
937 3670 977 3724 vi-

128 3760 195 3815 dere
216 3761 247 3814 in
261 3758 379 3812 alterius
393 3757 559 3812 definitione
574 3757 644 3826 quid
658 3773 715 3811 nou
738 3757 868 3827 probem,
891 3774 978 3829 quam

126 3848 285 3919 quidquam
300 3846 372 3900 bene
384 3843 548 3899 deliniendo
565 3844 715 3914 explicare.
732 3847 835 3900 Geram
848 3845 901 3900 tibi
916 3862 978 3900 mo·

126 3950 198 3999 rem,
224 3934 352 4004 inquam.
367 3932 485 3987 Videtur
496 3931 549 3986 tibi
564 3932 591 3985 id
607 3947 668 3986 esse
684 3947 750 3986 cum
769 3933 837 3999 lieo,
851 3935 926 4004 quod
942 3934 976 3988 ab

127 4023 368 4094 eoregituratque
383 4019 701 4087 administraturlNon,
717 4018 831 4093 aitlille,
851 4023 905 4077 hoc
915 4022 977 4076 ani-

125 4127 173 4166 mo
189 4125 386 4181 conceperam,
403 4124 467 4162 eum
483 4107 612 4163 dicebam
628 4125 662 4163 ea
675 4125 739 4181 quoe
749 4126 805 4164 non
815 4115 975 4180 moventur,

125 4216 185 4256 esse
200 4216 266 4255 cum
282 4199 348 4252 lieo.
366 4196 433 4253 Vide
458 4213 537 4268 ergo,
559 4197 690 4270 inquam,
714 4203 813 4253 utrum
836 4200 898 4253 haec
923 4200 976 4255 tibi

125 4292 226 4345 saltem
243 4286 371 4343 definitio
386 4287 513 4358 placeat:
531 4302 596 4340 cum
613 4287 668 4341 Deo
684 4291 725 4342 est
740 4287 880 4359 quidquid
894 4287 976 4342 iutel-

124 4379 187 4451 ligit
202 4380 302 4434 Deum.
320 4375 462 4444 Concedo,
472 4374 578 4447 inquit.
594 4374 667 4440 Quid
680 4391 759 4447 ergo,
775 4375 915 4447 inquam?
930 4392 975 4431 sa-

124 4467 207 4539 piens
217 4467 269 4521 tibi
284 4467 374 4521 Deum
386 4464 547 4537 intelligere
561 4480 621 4518 non
638 4464 774 4519 videtur?
788 4464 915 4531 Videtur,
931 4464 975 4519 in·

125 4555 197 4627 quit.
213 4556 284 4610 Cum
307 4570 375 4626 ergo
401 4554 542 4625 sapientes
561 4569 620 4607 non
635 4552 728 4607 solum
752 4553 782 4608 iu
806 4569 864 4608 una
878 4553 974 4620 domo,

125 4645 176 4696 aut
190 4641 270 4707 urbe,
292 4640 341 4694 sed
357 4640 442 4695 etiam
459 4657 511 4711 per
525 4639 666 4694 immensa
679 4638 831 4710 regionum
845 4639 974 4710 peregri-

125 4726 974 4799 nando,narigandoqnemoveantur;quomoioeritverum,

125 4816 267 4892 quidquid
282 4832 347 4869 cum
365 4816 420 4870 lieo
434 4819 475 4870 est
490 4833 547 4870 non
563 4814 695 4870 moveri?
712 4814 810 4870 Risum
825 4814 906 4882 milri,
927 4815 975 4869 in-

125 4907 197 4980 quit,
214 4904 336 4971 movisti,
356 4904 437 4975 quasi
455 4921 508 4976 ego
524 4905 602 4976 quod
627 4904 740 4976 sapiens
754 4903 830 4970 iacit,
851 4902 973 4958 dixerim

124 5014 186 5054 esse
208 5011 274 5050 cum
290 4995 357 5049 Deo.
374 4992 445 5046 Cum
460 4994 517 5048 Deo
545 4997 598 5059 est,
614 4993 663 5048 sed
689 4991 761 5047 illud
786 4993 864 5063 quod
885 4992 971 5047 novit.

124 5088 186 5144 Non
198 5084 286 5148 novit,
303 5082 433 5153 inquam,
454 5081 568 5152 sapiens
576 5081 702 5137 codicem
718 5096 814 5142 suum.
840 5081 973 5152 pallium,

122 5176 260 5238 tunicam,
277 5170 492 5244 supellectilem,
508 5171 531 5225 si
547 5188 634 5242 quam
656 5171 752 5238 habet,
769 5175 928 5242 caeteraque
943 5170 972 5226 id

124 5282 225 5338 genus,
235 5280 300 5337 quae
308 5259 389 5317 stulti
399 5259 734 5314 etiambencuorerunt?
745 5260 855 5325 Fateor,
866 5257 972 5330 inquit,

112 5360 206 5411 'nosse
220 5354 357 5417 tunicam,
374 5354 403 5405 et
418 5365 500 5403 nosse
515 5349 645 5419 pallium,
663 5365 722 5404 non
737 5365 798 5404 esse
821 5365 887 5403 cum
903 5349 970 5403 lieo.

159 5443 185 5495 5.
201 5442 260 5496 lloc
273 5454 352 5510 crgo,
372 5439 501 5510 inquam,
519 5436 607 5491 dicis:
624 5438 685 5492 Non
700 5453 785 5493 omne
800 5438 875 5510 quod
894 5435 972 5491 norit

124 5529 250 5599 sapiens,
266 5545 327 5586 esse
343 5543 410 5586 cum
433 5528 511 5595 Deo;
528 5525 577 5583 sod
599 5529 695 5583 tamen
709 5527 832 5599 quiquid
846 5525 970 5598 sapienti

766 280 814 336 DE
833 277 983 346 ORDINE,
1005 276 1033 334 S.
1054 277 1248 336 AUGUSTINI
1854 289 1897 343 tit

1039 417 1105 456 cum
1120 403 1176 457 lieo
1190 407 1242 468 est,
1251 401 1549 474 idnossesapientem.
1559 402 1695 475 Optime,
1710 403 1815 476 inquit
1825 420 1899 472 ;uarx

1040 487 1180 559 quidquid
1194 505 1278 543 sensu
1292 489 1346 544 isto
1359 491 1486 562 corporis
1498 491 1589 558 norit,
1609 508 1672 547 non
1687 497 1735 547 est
1747 509 1818 548 cum
1838 494 1899 561 lieo,

1040 575 1088 629 sed
1116 576 1188 630 illud
1213 578 1289 649 quod
1304 579 1400 634 animo
1419 580 1550 652 percipit.
1571 582 1646 637 Plus
1670 580 1766 637 etiam
1791 581 1901 639 tortasse

1040 665 1131 719 audeo
1146 664 1256 732 dicera;
1278 668 1328 722 sed
1349 672 1446 723 tamen
1461 668 1574 724 dicam:
1592 669 1680 725 robis
1704 669 1792 725 enim
1812 671 1902 727 existi·

1040 752 1207 821 matoribus,
1223 758 1274 808 aut
1286 755 1450 824 confirmer,
1464 761 1514 811 aut
1524 756 1650 812 discam.
1671 756 1819 829 Quisquis
1830 759 1901 815 enin

1040 858 1073 896 ea
1087 841 1146 895 sola
1158 841 1237 896 novit
1255 858 1321 914 qua
1335 844 1462 916 corporis
1476 860 1578 900 sensus
1595 844 1733 917 attingit,
1742 861 1806 901 non
1816 847 1902 903 solun

1039 946 1105 984 cum
1119 931 1177 985 lieo
1193 947 1325 985 essenon
1346 932 1419 986 mihi
1432 932 1555 1000 ridetur,
1579 932 1631 988 sed
1654 949 1704 999 ne,
1722 948 1828 988 secum
1847 935 1902 1007 qui·

1039 1018 1115 1072 dem.
1145 1018 1196 1073 llic
1218 1034 1284 1073 cum
1300 1020 1472 1091 ⁸Trygetium
1499 1021 1789 1077 animadvertissem
1820 1022 1851 1077 in
1871 1038 1901 1078 eo

1038 1107 1130 1175 vultu,
1142 1108 1276 1163 utnescio
1291 1108 1362 1179 quid
1377 1110 1448 1165 velle
1461 1109 1554 1166 dicere
1567 1109 1739 1175 rideretur,
1764 1109 1817 1165 sed
1831 1125 1902 1185 'crof

1039 1194 1143 1249 cundia
1156 1210 1235 1266 eum,
1249 1212 1286 1251 ne
1298 1197 1380 1267 quasi
1393 1196 1426 1253 in
1440 1196 1568 1253 alienum
1582 1197 1687 1253 locum
1694 1196 1902 1264 irrueretcon·

1039 1283 1143 1351 tineri;
1179 1284 1232 1339 ieci
1254 1289 1437 1356 potestatem,
1464 1285 1524 1358 jam
1547 1291 1670 1341 tacente
1701 1285 1849 1356 Licentia,
1870 1290 1899 1342 ut

1038 1376 1184 1443 promeret
1196 1371 1220 1426 si
1235 1372 1304 1443 quid
1317 1373 1410 1428 rellet.
1425 1376 1462 1429 At
1476 1359 1542 1428 ille:
1563 1375 1635 1437 Ista.
1651 1373 1773 1445 inquit,
1788 1390 1855 1447 qua
1872 1374 1901 1430 ad

1039 1476 1138 1515 sensus
1150 1461 1279 1532 corporis
1292 1462 1447 1533 pertinent,
1463 1478 1582 1533 prorsus
1597 1478 1694 1518 nemo
1710 1462 1901 1518 mihiridctur

1038 1565 1131 1604 nosse.
1146 1548 1229 1604 uliud
1247 1552 1288 1604 est
1306 1548 1384 1604 enirn
1398 1550 1513 1619 sentire,
1534 1549 1616 1606 aliud
1633 1567 1740 1606 nosse.
1767 1550 1860 1616 Quare
1880 1552 1900 1606 si

1039 1637 1108 1708 quid
1123 1637 1265 1704 novimus,
1289 1638 1348 1692 solo
1362 1638 1508 1694 intellectu
1530 1638 1684 1694 contineri
1711 1643 1799 1711 puto,
1823 1644 1851 1696 u
1869 1656 1899 1696 eo

1039 1725 1100 1779 solo
1114 1741 1197 1796 posse
1219 1725 1433 1798 comprehendi.
1462 1727 1501 1782 Ex
1521 1741 1580 1799 quo
1595 1727 1641 1794 lit,
1666 1731 1704 1781 ut
1720 1726 1747 1781 si
1771 1727 1843 1783 illud
1861 1732 1898 1782 est

1039 1829 1104 1867 cum
1118 1815 1175 1868 Deo
1186 1814 1263 1885 quod
1276 1814 1462 1887 intelligendo
1477 1814 1706 1887 sapienanovit,
1718 1820 1818 1870 totum
1831 1816 1896 1887 qnod

1039 1901 1117 1956 novit
1128 1902 1242 1972 sapiens
1256 1902 1346 1972 possit
1360 1918 1421 1957 esse
1431 1918 1496 1956 cum
1511 1904 1585 1958 lieo.
1605 1903 1698 1968 Quod
1715 1919 1787 1958 cum
1809 1904 1894 1959 Licen-

1038 1990 1095 2044 tius
1110 1990 1305 2062 approbasset,
1318 1990 1438 2060 subjecit
1450 1990 1528 2046 aliud
1542 1991 1623 2062 quod
1634 1992 1728 2046 nullo
1741 1997 1828 2064 pacto
1840 2008 1894 2064 pm·

1038 2092 1099 2131 sem
1121 2083 1315 2133 contemnere.
1344 2079 1392 2134 Ait
1413 2077 1509 2133 enim:
1537 2079 1663 2150 Sapiens
1695 2096 1819 2151 prorsus
1839 2097 1893 2136 cun

1038 2166 1096 2221 lieo
1106 2169 1158 2233 est,
1174 2182 1242 2221 nam
1253 2171 1282 2222 et
1293 2165 1419 2238 seipsum
1431 2166 1568 2238 intelligit
1581 2166 1718 2239 sapiens.
1740 2168 1824 2233 Quod
1836 2185 1891 2223 eou-

1036 2253 1132 2308 ficitur
1152 2259 1180 2310 et
1202 2270 1235 2309 ex
1258 2270 1292 2309 eo
1306 2254 1382 2326 quod
1397 2272 1414 2309 a
1428 2260 1456 2309 te
1471 2254 1579 2326 accepi,
1600 2255 1630 2311 id
1647 2271 1718 2311 esse
1744 2273 1813 2313 cum
1836 2259 1891 2317 lieo,

1037 2341 1115 2412 quod
1127 2342 1360 2415 intelligitlieum
1370 2360 1377 2412 ;
1389 2348 1457 2398 etex
1468 2343 1589 2416 eoquod
1597 2359 1615 2398 a
1624 2344 1719 2400 nobis
1729 2345 1838 2401 dictum
1847 2352 1891 2414 est,

1036 2428 1066 2484 id
1081 2446 1142 2485 esse
1157 2447 1223 2486 cum
1234 2433 1303 2499 lieo,
1315 2432 1391 2503 quod
1402 2448 1418 2486 a
1428 2432 1555 2503 sapiente
1564 2430 1760 2504 intelligitur.
1769 2432 1825 2488 Sed
1831 2432 1893 2486 banc

1036 2520 1097 2591 ejus
1111 2526 1222 2592 partem
1238 2537 1390 2592 perquam
1404 2521 1466 2575 istis
1479 2519 1572 2575 utitur
1586 2521 1731 2576 sensibus
1747 2521 1892 2591 (nonenim

1035 2613 1106 2681 puto
1119 2611 1381 2666 connumerandam
1392 2626 1463 2676 esse,
1479 2624 1544 2663 cum
1556 2608 1732 2679 sapientem
1743 2610 1890 2678 vocamus),

1034 2695 1126 2752 fateor
1139 2713 1185 2751 me
1200 2697 1379 2765 nescire,nec
1394 2696 1512 2752 omnino
1526 2697 1889 2770 cujusmodisitsuspicari

1071 2789 1097 2841 6.
1116 2786 1207 2856 Negas
1222 2802 1300 2858 erg03
1316 2787 1445 2857 inquam,
1470 2801 1530 2840 non
1548 2785 1650 2840 solum
1675 2802 1714 2841 ex
1737 2789 1892 2858 corporaet

1034 2872 1141 2940 anima,
1159 2873 1208 2928 sed
1224 2874 1312 2928 etiam
1327 2889 1361 2928 ex
1375 2873 1472 2928 anima
1486 2877 1548 2927 tota
1559 2879 1700 2929 constare
1717 2875 1890 2945 sapientem

1035 2960 1177 3032 siquidem
1196 2965 1310 3033 partem
1326 2961 1411 3016 istam
1433 2974 1491 3033 qua
1512 2959 1606 3016 utitur
1625 2961 1782 3033 sensibus,
1796 2962 1889 3017 anime

1035 3065 1095 3105 esse
1122 3065 1228 3121 negare
1252 3050 1394 3105 dementis
1415 3054 1467 3104 est.
1496 3050 1561 3104 Non
1585 3049 1671 3105 enim
1685 3049 1747 3122 ipsi
1761 3051 1839 3106 oculi
1853 3051 1890 3106 rel

1034 3154 1128 3204 aures,
1146 3140 1194 3193 sed
1209 3138 1306 3194 nescio
1319 3138 1388 3210 quid
1403 3137 1480 3192 aliud
1494 3154 1547 3209 per
1568 3138 1670 3193 oculos
1685 3140 1788 3196 sentit.
1805 3142 1891 3212 lpsum

1034 3230 1130 3281 autem
1146 3227 1262 3294 sentire,
1284 3228 1309 3281 si
1330 3242 1390 3282 non
1403 3227 1503 3282 damus
1518 3226 1696 3297 intellectui,
1720 3244 1785 3283 non
1800 3229 1891 3284 damu

1033 3313 1118 3369 alicui
1132 3315 1207 3386 parti
1229 3314 1342 3370 anima.
1359 3316 1457 3370 Restat
1471 3317 1502 3369 ut
1517 3314 1632 3385 corpori
1655 3315 1824 3383 tribuatur,
1840 3331 1890 3388 que

1034 3403 1186 3458 absurdius
1200 3403 1254 3457 dici
1266 3403 1339 3458 nihil
1351 3402 1469 3458 interim
1480 3402 1552 3457 mihi
1566 3402 1695 3459 ridetur.
1708 3405 1831 3473 Anima,
1849 3405 1889 3459 in·

1033 3491 1106 3563 quit,
1122 3491 1258 3562 sapientis
1271 3496 1445 3564 perpurgata
1458 3490 1622 3557 virtutibus,
1633 3492 1737 3564 etjam
1751 3494 1890 3549 coherens

1033 3581 1104 3647 Deo,
1119 3579 1255 3650 sapientis
1269 3579 1356 3635 etiam
1372 3579 1487 3635 nomine
1503 3578 1590 3650 digna
1604 3584 1664 3647 cst,
1681 3597 1720 3635 ne
1738 3581 1890 3654 quidquam

1033 3667 1095 3736 ejus
1109 3666 1187 3722 aliud
1200 3667 1281 3722 decet
1296 3667 1436 3739 appellari
1449 3667 1610 3738 sapientem
1623 3668 1809 3725 :sedtamen
1818 3666 1889 3742 qnasi

1032 3755 1176 3825 quadam,
1192 3760 1225 3810 ut
1238 3755 1278 3809 ita
1293 3756 1396 3821 dicam,
1420 3755 1519 3810 sordes
1538 3760 1626 3827 atque
1651 3757 1773 3813 exuvias
1796 3758 1890 3831 quibus

1033 3859 1062 3897 se
1090 3843 1138 3899 ille
1166 3843 1322 3911 mundarit,
1356 3849 1385 3899 et
1410 3844 1492 3916 quasi
1519 3844 1666 3899 subtraxit
1689 3845 1724 3901 in
1757 3848 1888 3919 seipsum,

1033 3931 1060 3986 ei
1073 3932 1176 3987 anima
1188 3933 1326 3988 serviunt.
1340 3933 1389 3987 Vel
1400 3932 1424 3987 si
1437 3937 1497 3987 tota
1509 3932 1571 3987 haec
1586 3932 1689 3988 anima
1704 3935 1834 3991 dicenda
1843 3940 1889 4002 est,

1033 4019 1148 4074 eicerte
1162 4020 1236 4091 parti
1262 4021 1366 4077 animas
1390 4020 1517 4075 serviunt
1539 4024 1628 4092 atque
1652 4021 1801 4094 subjectae
1820 4025 1887 4087 snut,

1032 4123 1120 4179 quam
1136 4110 1227 4165 solam
1240 4108 1400 4180 sapientem
1415 4107 1557 4164 nominari
1572 4107 1668 4164 decet.
1686 4111 1723 4164 ln
1735 4127 1797 4182 qua
1816 4114 1887 4182 perte

1032 4196 1160 4266 subjecta
1181 4197 1269 4253 etiam
1298 4197 1391 4269 ipsam
1426 4196 1595 4252 memoriam
1637 4202 1714 4268 puto
1754 4199 1896 4264 habitare,

1032 4284 1126 4340 Utitur
1139 4302 1207 4357 ergo
1221 4286 1275 4340 hac
1289 4286 1402 4358 sapiens
1414 4285 1494 4357 quasi
1510 4301 1602 4352 servo,
1617 4289 1653 4340 nt
1663 4287 1731 4342 heac
1743 4288 1773 4343 ei
1783 4287 1885 4360 jubeat,

1031 4387 1136 4445 easque
1141 4374 1203 4444 jam
1222 4373 1331 4429 domito
1341 4375 1439 4447 {atque
1464 4374 1797 4449 substratometaslagis
1805 4377 1886 4448 impo-

1031 4468 1091 4530 nat,
1107 4468 1139 4518 ut
1153 4463 1222 4518 dum
1236 4463 1296 4517 istis
1312 4462 1442 4518 sensibus
1455 4462 1546 4518 utitur
1557 4463 1750 4534 propterilla
1764 4465 1886 4537 quaejan

1030 4567 1090 4606 non
1104 4551 1237 4622 sapienti,
1251 4553 1300 4607 sed
1313 4551 1366 4606 sibi
1382 4555 1449 4606 sunt
1463 4549 1633 4618 necessaria,
1652 4567 1715 4607 non
1739 4570 1773 4609 se
1792 4553 1887 4609 audeat

1030 4639 1175 4706 extollere,
1191 4656 1244 4695 nec
1257 4640 1406 4712 superbire
1421 4640 1548 4704 domino,
1566 4654 1620 4694 nec
1634 4639 1673 4694 iis
1686 4641 1764 4712 ipsis
1780 4659 1844 4715 qua
1856 4640 1886 4696 ad

1030 4743 1059 4781 se
1071 4744 1122 4798 per
1135 4728 1229 4783 tinent
1242 4728 1348 4800 passim
1366 4734 1453 4801 atque
1467 4727 1658 4783 immoderata
1669 4728 1739 4802 luti.
1755 4731 1801 4787 Ad
1816 4731 1886 4786 illam

1030 4816 1107 4871 enim
1126 4816 1292 4872 vilissimam
1319 4822 1432 4888 partem
1451 4819 1573 4889 possunt
1591 4831 1626 4870 aa
1654 4818 1886 4890 pertinereque

1028 4909 1211 4976 praetereunt.
1235 4905 1343 4970 Quibus
1362 4910 1458 4961 autem
1479 4909 1521 4960 est
1541 4907 1686 4960 memoria
1709 4907 1902 4974 necessaria„

1030 4993 1084 5048 nisi
1098 4994 1349 5064 praetereuntibus,
1371 4998 1399 5049 et
1411 4994 1492 5067 quasi
1506 4992 1689 5065 fugientibus
1711 4997 1830 5053 rebus?
1842 4995 1886 5051 llle

1028 5081 1116 5153 igitur
1130 5082 1243 5153 sapiens
1254 5083 1435 5155 amplectitur
1448 5084 1549 5151 licum,
1559 5098 1655 5154 eoque
1665 5083 1885 5157 perfruiturqui

1029 5187 1143 5241 semper
1161 5176 1268 5239 manet,
1284 5187 1337 5225 nec
1351 5175 1530 5243 exspectatur
1544 5176 1576 5226 ut
1599 5171 1648 5238 sit,
1667 5189 1726 5229 nec
1749 5175 1885 5231 metuitur

1028 5274 1064 5313 ne
1080 5260 1161 5327 desit,
1178 5261 1265 5315 sedeo
1275 5259 1402 5331 ipsoque
1416 5276 1482 5316 vere
1496 5264 1547 5326 est,
1559 5275 1677 5332 semper
1692 5268 1741 5318 est
1751 5277 1884 5335 presens.

1029 5349 1114 5405 Curat
1132 5353 1229 5404 autem
1238 5349 1395 5405 immobilis
1409 5349 1478 5405 etin
1490 5365 1520 5405 se
1534 5364 1658 5404 manens
1670 5353 1750 5408 servi
1761 5353 1807 5409 sui
1819 5367 1884 5423 quo·

1027 5437 1180 5493 dammodo
1199 5438 1355 5509 peculium,
1377 5442 1410 5494 ut
1436 5454 1469 5493 eo
1490 5442 1599 5510 tanqua
1620 5438 1702 5512 frugi
1718 5446 1751 5498 et
1766 5441 1884 5514 diligens

1026 5526 1151 5582 famulus
1167 5526 1239 5584 bene
1254 5531 1362 5597 utatur,
1376 5542 1520 5602 parceque
1533 5527 1693 5586 custodiat.
