3884 6112
113 212 182 268 tete

110 332 310 391 arbitrandum
320 332 387 386 est‘l
399 330 492 386 lithoc
504 329 609 385 factum
624 331 666 384 est
676 343 710 384 ea
720 331 804 384 nocte
816 345 874 402 qua
884 330 963 385 festae

110 423 188 496 apud
197 419 361 492 vosvigiliar
371 419 562 475 celebrantur.
573 417 629 474 Sed
639 433 738 473 revera
745 418 857 473 etiamsi
865 420 963 474 nullus

111 515 186 568 asset
199 507 369 583 proditionis
388 512 492 575 metus,
510 506 574 579 quis
592 510 688 578 posset
700 507 897 564 damnandum
920 507 961 562 of·

111 601 187 658 ferre
202 598 347 671 episcopo,
363 595 413 670 qui
433 595 472 650 sic
493 598 716 668 praecaveretur
732 598 964 668 agnosceretur?

112 688 200 756 Queri
218 702 286 744 vero
303 701 361 741 uon
385 700 485 740 omnes
507 684 582 739 idem
599 683 709 739 crimen
723 684 867 741 involutos
881 690 961 740 teue-

113 776 230 849 bat,qui
241 774 326 831 simul
336 772 458 844 ingressi
469 776 560 828 eraut.
573 773 644 829 Nam
656 773 790 828 omnibus
799 775 964 845 petulanter

110 864 273 940 jocantibus
286 863 402 917 lucerna
416 861 555 917 exstincta
568 861 723 934 placuerat.

147 958 193 1011 vt.
208 952 500 1024 Suspicioaibusvaro
512 952 609 1023 janua
619 956 736 1024 quante
746 952 963 1024 aperiebantur·

111 1059 178 1100 cum
187 1058 237 1098 eos
248 1041 361 1097 invidos
371 1040 597 1108 inveniebamus,
612 1056 678 1097 cum
690 1057 800 1106 avaros,
814 1057 880 1097 curn
892 1057 962 1114 epu·

112 1133 206 1188 larum
229 1129 438 1202 exquisitarum
453 1128 643 1196 avidissimos,
659 1145 725 1184 cum
739 1129 770 1184 in
785 1130 893 1202 J'urgiis
906 1129 962 1185 fre-

112 1218 327 1293 quentissimos,
346 1233 413 1273 cum
437 1217 472 1272 de
495 1217 581 1273 rebus
604 1218 716 1289 exiguis
736 1219 963 1274 mobilissimos?

113 1307 283 1380 Nonutique
292 1305 824 1377 arbitrabamureostemperareposse‚
833 1307 962 1379 aquibus

112 1413 142 1453 se
160 1402 322 1469 temperare
336 1395 557 1467 profitebantur,
572 1394 688 1466 quaudo
704 1394 825 1450 latibula
839 1399 867 1451 et
880 1399 961 1452 tena-

112 1487 177 1543 bras
186 1485 357 1541 invenirent.
371 1484 433 1538 liuo
444 1482 563 1554 quidam
573 1486 654 1538 erant
664 1482 885 1539 existimationis
895 1484 962 1539 satis

112 1573 208 1640 bonae,
219 1573 294 1628 facili
304 1572 434 1645 ingenio,
445 1577 532 1645 atque
544 1572 574 1627 iu
585 1571 642 1628 illis
652 1572 712 1627 suis
721 1572 962 1644 disputationibus

112 1660 267 1734 principes,
285 1660 368 1715 nobis
383 1661 507 1731 amplius
521 1677 608 1733 mam
623 1660 719 1716 ceteri
734 1661 961 1734 familiariusque

112 1748 267 1822 conjuncti.
279 1749 406 1815 Quorum
416 1765 490 1804 uuus
500 1749 549 1821 qui
561 1755 678 1822 propter
688 1750 783 1805 studia
792 1751 880 1806 etiam
894 1751 963 1806 libe·

111 1836 184 1894 ralia
198 1836 281 1894 nobis
294 1838 400 1893 arctius
416 1837 589 1906 adherebat,
608 1837 655 1893 hic
673 1853 750 1894 nunc
769 1837 808 1893 ibi
822 1855 884 1894 esse
898 1854 962 1911 pre·

111 1925 209 1998 sbyter
218 1925 441 1997 dicitur.[lii-sibi
451 1926 757 1998 graviterinridebant,
769 1931 797 1983 et
807 1927 962 1999 objiciebat

111 2014 290 2083 alteralteri,
310 2030 369 2070 non
385 2016 565 2071 accusatione
580 2016 740 2084 manifesta,
763 2017 812 2073 sed
830 2032 961 2073 sermone

112 2103 189 2176 apud
206 2119 278 2175 quos
293 2107 404 2176 poteret
425 2108 453 2159 et
467 2104 601 2168 susurris.
619 2104 655 2160 ab
669 2121 703 2161 eo
719 2105 859 2162 violenter
873 2108 961 2162 atten-

111 2195 200 2248 tatam
215 2193 365 2264 cujusdam
380 2192 519 2249 auditoris
529 2209 659 2249 uxorem.
675 2193 726 2249 ille
739 2197 837 2249 antem
849 2209 879 2249 se
894 2210 962 2267 pur-

111 2297 193 2354 gans,
204 2281 321 2337 interim
332 2282 408 2354 apud
419 2298 471 2336 nos
481 2282 568 2337 alium
578 2282 708 2354 ejusdem
714 2283 828 2338 sceleris
837 2284 961 2339 eiectum

112 2368 328 2435 criminabatur,
335 2369 468 2441 quiapnd
477 2370 611 2425 eumdem
619 2370 792 2438 auditorem,
801 2371 883 2442 quasi
891 2372 961 2427 ami·

111 2473 162 2513 cus
171 2456 327 2513 fidissimus
337 2456 501 2513 habitabat:
512 2472 599 2530 quem
609 2457 745 2530 quoniam
756 2458 851 2514 subito
864 2459 961 2532 ingre-

112 2545 194 2602 diens
208 2560 273 2600 cum
289 2544 409 2600 muliera
425 2545 662 2617 deprehenderat,
678 2546 790 2603 dicebat
804 2548 918 2603 mulieri
932 2553 962 2605 et

112 2634 244 2691 adultero
255 2634 291 2690 sb
306 2634 356 2689 illo
366 2633 484 2689 inimico
497 2639 583 2707 atque
593 2635 689 2692 invido
699 2636 850 2692 consilium
861 2638 959 2694 datram

112 2728 144 2780 ut
156 2722 206 2779 illu
220 2723 274 2778 sibi
289 2723 463 2778 conflaretur
474 2723 627 2791 calomnia,
642 2739 679 2779 ne
693 2725 717 2779 si
732 2725 801 2798 quid
814 2726 959 2797 proderet,

111 2813 285 2869 crederetur.
304 2812 488 2884 :lugebamur
502 2829 566 2884 nos,
587 2818 616 2868 et
634 2813 833 2870 molestissime
847 2814 959 2871 fereba-

111 2918 185 2968 mus,
197 2902 274 2974 quod
284 2900 396 2957 etiamsi
409 2900 444 2957 de
459 2902 586 2974 appetita
600 2902 720 2958 muliere
733 2903 874 2960 incertum
888 2909 958 2973 erat,

110 2989 185 3047 livor
203 2994 300 3045 tamen
322 2988 353 3044 in
372 2989 428 3045 illis
443 2990 566 3058 duobus,
581 2990 685 3063 quibus
700 2992 834 3048 meliores
847 2992 887 3049 ibi
901 3008 959 3049 non

110 3078 336 3146 inveniebamus,
357 3079 514 3152 apparebat
527 3079 693 3148 acerrimus,
709 3085 738 3137 et
750 3081 806 3138 alia
819 3081 959 3155 conjicere

110 3169 240 3241 cogebat.

145 3260 192 3312 72.
208 3257 355 3312 Postremo
377 3255 407 3311 in
430 3256 550 3312 theatris
570 3255 685 3325 electos,
710 3261 739 3313 et
762 3262 856 3323 etate,
879 3263 907 3314 et
927 3262 960 3314 ut

110 3344 290 3412 videbantur,
307 3345 436 3401 moribus
449 3361 558 3418 graves,
570 3362 635 3402 cum
645 3363 714 3403 sens
726 3348 894 3420 presbytero
905 3365 960 3404 se·

110 3433 226 3508 pissime
236 3433 408 3490 invenimus.
421 3434 527 3492 Omitto
537 3435 668 3508 juvenes,
681 3451 753 3507 quos
764 3437 852 3493 etiam
862 3437 958 3492 rixan-

109 3527 152 3580 tes
166 3538 219 3596 pro
240 3523 358 3579 scenicis
377 3527 406 3580 et
423 3523 531 3597 aurigis
552 3524 766 3597 deprehendere
784 3527 957 3597 solebamus,

111 3627 177 3685 quaa
188 3628 300 3668 resumi
311 3612 447 3671 mediocri
458 3620 629 3685 argumento
639 3617 682 3670 est
691 3615 837 3688 quomodo
851 3632 881 3671 se
893 3633 958 3688 pos·

111 3700 169 3757 sint
183 3701 331 3757 continere
340 3702 376 3758 ab
387 3702 515 3768 occultis,
530 3718 595 3759 cum
607 3719 670 3758 eam
680 3704 867 3777 cupiditatem
877 3721 960 3779 eups-

112 3807 177 3847 rare
189 3806 247 3846 uon
262 3790 383 3862 possint,
399 3808 464 3861 quas
482 3791 547 3846 illos
561 3792 723 3848 auditorum
736 3810 854 3850 suorum
869 3796 960 3851 oculis

110 3881 245 3944 ostentat,
266 3883 295 3933 et
309 3877 406 3948 prodit
419 3877 620 3940 erubescentes
635 3883 721 3952 atquo
737 3881 899 3953 fugitantes.
915 3886 959 3940 Au

110 3981 177 4020 vero
197 3963 275 4019 illius
295 3963 382 4019 etiam
397 3965 497 4033 sancti,
513 3966 547 4021 ad
563 3967 644 4040 cujus
659 3967 865 4040 disputationes
880 3970 911 4026 in
925 3972 960 4026 ll·

110 4052 254 4109 cariomm
268 4050 362 4108 vicum
374 4052 593 4123 ventitabamus,
604 4059 717 4111 lantum
732 4056 803 4112 illun
817 4057 959 4131 flagitium

110 4142 290 4216 proderetur,
302 4140 326 4196 si
335 4141 476 4215 virginem
486 4142 733 4201 sanctimonialem
741 4146 891 4203 mulierem
901 4152 958 4205 tan·

109 4235 185 4300 tum,
200 4248 258 4288 non
273 4234 302 4286 et
314 4236 513 4304 praegnantem
529 4233 620 4289 facere
630 4235 792 4307 potuisset?
804 4236 859 4292 Sed
869 4239 960 4293 occul·

110 4325 219 4377 sumet
234 4319 402 4377 incredibile
416 4320 525 4377 matum
541 4337 670 4378 crescens
688 4329 785 4380 uterus
800 4325 887 4383 latere
902 4343 959 4383 non

16 4408 20 4412 ’
109 4426 211 4484 passus
224 4413 277 4467 est.
293 4409 375 4476 Quod
389 4426 455 4467 cum
468 4415 560 4466 mater
571 4411 652 4466 fratri
662 4411 762 4484 juveni
775 4413 957 4486 prodidisset,

80 4534 91 4553 .
109 4497 249 4554 acerrimo
263 4498 373 4569 dolens,
387 4499 535 4573 religionis
548 4505 644 4556 tamen
660 4501 777 4558 nornine
792 4503 827 4558 ab
846 4519 959 4559 accusa·

111 4585 189 4643 tione
210 4587 326 4659 publica
340 4593 487 4643 revocatus
507 4592 567 4658 est3
584 4589 761 4662 perfecitque
779 4594 809 4646 ut
824 4591 873 4649 ille
888 4593 958 4665 (nou

110 4676 190 4732 enim
204 4676 258 4730 hoc
271 4675 345 4731 ferro
360 4677 512 4751 quisquam
529 4678 634 4752 posset)
650 4679 685 4735 ds
700 4680 750 4735 itta
763 4680 882 4736 ecclesia
893 4683 956 4754 pel-

110 4763 238 4820 leretur:
254 4765 283 4818 et
296 4777 333 4816 ne
349 4763 492 4835 impunita
507 4781 553 4822 res
567 4768 687 4824 omnino
702 4774 785 4834 esset,
802 4769 878 4842 cepit
888 4787 957 4826 cou-

110 4851 218 4919 silium,
246 4855 276 4906 ut
300 4851 440 4923 adjunctis
465 4855 520 4911 sibi
545 4857 654 4929 amicis,
677 4859 825 4915 hominem
854 4860 959 4932 pugnis

110 4940 292 5012 calcibusque
312 4941 482 4999 concideret.
504 4945 539 4999 At
553 4945 601 5002 ille
616 4963 681 5003 cum
701 4948 826 5020 graviter
839 4950 959 5005 cedere·

110 5033 168 5098 tur,
184 5029 335 5097 clamabat,
351 5032 384 5084 ut
398 5030 451 5086 sibi
466 5047 500 5086 cx
515 5035 683 5090 auctoritate
699 5035 847 5092 llanichaei
863 5051 959 5109 parce-

109 5124 198 5188 retur,
215 5119 305 5176 Adam
322 5118 448 5192 primum
461 5121 577 5179 heroem
591 5125 760 5198 peccavisse,
777 5132 806 5184 et
819 5131 959 5200 postpec-

108 5212 205 5265 cetum
220 5209 304 5264 fuisse
318 5208 500 5266 sanctiorem.

139 5301 189 5354 ra.
205 5297 279 5354 Talis
293 5303 336 5355 est
355 5316 480 5372 namque
497 5301 574 5372 apud
595 5319 644 5358 vos
658 5304 757 5376 opinio
772 5307 807 5362 de
822 5306 913 5362 ddum
930 5311 959 5363 et

110 5387 183 5442 live:
200 5387 285 5459 longa
299 5388 395 5445 fabula
411 5393 464 5454 est,
479 5389 530 5444 sed
542 5407 575 5445 er
589 5407 624 5447 ea
637 5391 664 5448 id
677 5394 818 5467 attingam
835 5397 912 5468 quod
928 5395 958 5451 in

109 5476 262 5546 praesentia
281 5477 349 5534 satis
361 5481 415 5534 est.
432 5478 522 5535 Adam
537 5478 631 5536 dicitis
642 5480 682 5537 sic
693 5500 710 5538 a
720 5484 888 5556 parentibus
899 5485 958 5541 suis

416 205 464 262 ΒΕ
482 204 640 263 uoluistis
658 204 943 274 utNtcrlAEonUtt,
964 207 992 265 S.
1018 206 1206 268 tUGUS'llNl
1226 205 1334 265 hlilssll
1353 204 1553 264 SECUNDUS.

1821 208 1877 261 tut

1019 330 1162 405 genitam,
1185 328 1321 387 abortivis
1341 327 1397 385 illis
1417 325 1604 401 principibus
1627 324 1831 391 tenebrarum,
1852 333 1877 382 ut

1017 421 1172 476 maximam
1186 423 1297 493 partem
1312 417 1384 473 tucis
1395 417 1513 473 haberet
1528 417 1561 472 in
1577 415 1687 471 anima
1701 418 1724 483 ¹,
1739 419 1770 470 et
1779 417 1876 487 perexi-

1016 525 1103 583 guam
1114 509 1208 582 gentis
1222 508 1358 564 adverse.
1373 507 1428 574 Qui
1442 522 1508 563 cum
1524 509 1630 580 sancte
1641 505 1759 560 vireret
1772 510 1878 578 propter

1017 603 1235 671 exsuperantem
1252 597 1366 667 copiam
1383 596 1464 664 boni,
1479 598 1669 651 commotam
1683 597 1787 649 tamen
1806 595 1835 649 iu
1848 611 1875 650 eo

1016 686 1103 743 fauisse
1119 687 1265 743 adversam
1281 685 1360 742 illam
1375 689 1497 758 purum,
1511 689 1547 740 ut
1561 684 1599 740 ad
1620 682 1819 739 concubitum
1832 683 1874 738 de-

1016 776 1188 833 clinaretur:
1204 775 1246 830 ita
1265 791 1332 832 eum
1347 776 1460 847 lapsum
1477 789 1542 829 esse
1554 776 1651 846 atque
1666 788 1817 845 peccasse,
1836 773 1876 827 sed

1016 866 1118 922 vixisse
1126 869 1225 938 postea
1235 864 1417 921 sanctiorem.
1434 864 1547 936 flieego
1558 878 1622 918 non
1634 865 1699 917 tarn
1711 861 1750 917 de
1762 876 1876 934 nequam

1016 952 1133 1009 homine
1151 969 1322 1026 conqueror,
1338 953 1388 1025 qui
1402 956 1500 1025 stupro
1517 951 1638 1008 nefario
1655 951 1791 1006 alienam
1804 949 1875 1006 fani·

1015 1041 1084 1097 liam
1095 1040 1116 1105 ¹,
1133 1042 1186 1098 sub
1200 1041 1301 1097 habitu
1315 1041 1395 1096 electi
1414 1044 1442 1095 et
1461 1041 1553 1096 sancti
1567 1039 1630 1095 viri
1645 1039 1684 1095 ed
1702 1042 1821 1094 tantm
1835 1039 1875 1093 de·

1016 1129 1101 1186 decus
1118 1129 1325 1202 infamiamque
1343 1128 1484 1202 perduxit.
1505 1129 1570 1184 lton
1590 1129 1653 1183 hoc
1666 1127 1758 1183 vobis
1772 1127 1876 1198 objicio.

1017 1219 1114 1274 fuerit
1124 1220 1177 1274 hoc
1191 1219 1318 1275 hominis
1332 1216 1520 1291 perditissimi
1533 1217 1642 1289 potius
1658 1232 1757 1288 quam
1777 1233 1878 1272 consue

1016 1307 1124 1363 tudinis
1140 1311 1251 1364 vestrae.
1268 1308 1331 1363 Non
1345 1307 1424 1362 enim
1439 1311 1554 1361 tautum
1572 1305 1735 1378 flagitium
1751 1304 1876 1371 iuvabis,

1015 1396 1065 1453 sed
1075 1396 1105 1451 iu
1114 1397 1163 1452 illo
1178 1412 1276 1469 arguo.
1290 1396 1364 1452 lllud
1374 1399 1471 1451 tamen
1483 1395 1515 1450 iu
1529 1394 1678 1450 omuibus
1688 1393 1780 1449 vobis
1789 1409 1875 1466 quem

1016 1485 1172 1541 admodum
1194 1485 1263 1541 ferri
1285 1488 1312 1540 et
1333 1483 1449 1539 tolerari
1463 1483 1555 1556 possit
1577 1483 1705 1556 ignoro,
1724 1482 1807 1555 qnod
1824 1499 1876 1537 cun

1016 1574 1143 1630 animam
1155 1579 1266 1647 partem
1280 1574 1330 1629 liei
1339 1589 1400 1629 csse
1412 1572 1522 1640 dicatis,
1538 1571 1678 1627 asseritis
1689 1575 1796 1627 tamen
1804 1572 1875 1626 eum

1017 1662 1120 1736 exiguo
1134 1662 1260 1719 admixto
1282 1662 1368 1732 malo,
1384 1662 1522 1732 majorem
1542 1661 1613 1732 ejus
1633 1660 1760 1732 copiam
1780 1660 1876 1715 uberta·

1015 1755 1131 1825 temque
1151 1751 1290 1823 superari.
1314 1750 1382 1816 Quis
1402 1750 1479 1805 enim
1502 1765 1572 1804 curn
1588 1749 1651 1804 hoc
1670 1748 1842 1813 crediderit,
1854 1753 1875 1803 rt

1016 1856 1083 1896 eum
1098 1839 1185 1895 libido
1200 1839 1365 1911 pulsaverit,
1379 1854 1438 1894 non
1452 1837 1488 1893 ad
1503 1837 1598 1893 talem
1613 1838 1825 1893 defensionem
1837 1854 1866 1909 po

1016 2033 1141 2091 nemque
1155 2017 1325 2089 confugiat?

1016 2108 1128 2163 CAPUT
1147 2109 1199 2164 XX.
1216 2137 1247 2146 -
1268 2107 1389 2177 Flagitio
1406 2104 1562 2160 cantandam
1583 2107 1684 2161 ftomae
1709 2105 1872 2177 deprebensa.

1050 2199 1093 2253 74.
1112 2196 1186 2263 Quid
1207 2195 1331 2267 amplius
1350 2195 1443 2251 dicam
1461 2195 1498 2251 de
1518 2194 1659 2250 moribus
1676 2194 1808 2251 vestris‘l
1826 2194 1873 2250 lliri

1016 2300 1081 2358 quae
1100 2283 1161 2356 ipse
1175 2282 1376 2355 compererim,
1391 2297 1456 2337 cum
1475 2281 1507 2336 in
1523 2297 1559 2335 ea
1575 2297 1680 2336 essem
1701 2282 1819 2337 civitate
1836 2282 1872 2335 ubi

1016 2373 1070 2429 ista
1090 2372 1242 2429 commissa
1264 2375 1340 2427 sunt.
1358 2372 1456 2426 Rome
1480 2374 1585 2425 autem
1608 2386 1660 2426 me
1682 2371 1806 2426 absente
1819 2370 1872 2442 quid

1015 2466 1127 2536 gastum
1141 2462 1187 2529 sit,
1200 2465 1295 2517 totum
1308 2459 1426 2531 longum
1442 2462 1485 2514 est
1494 2457 1662 2530 explicare.
1679 2459 1784 2515 Dicam
1795 2465 1872 2515 umen

1015 2551 1105 2608 brevi.
1121 2553 1158 2606 lto
1173 2550 1249 2606 enim
1268 2565 1314 2604 res
1331 2548 1436 2620 empit,
1451 2552 1483 2601 ut
1497 2548 1617 2603 occulta
1632 2564 1781 2603 essenon
1793 2549 1872 2621 posset

1015 2640 1197 2697 absentibus:
1212 2642 1241 2694 et
1252 2655 1306 2711 ego
1321 2639 1438 2711 quidem
1457 2640 1560 2709 postea
1572 2637 1686 2693 Romae
1702 2654 1772 2693 cum
1785 2651 1869 2701 essem

1014 2729 1111 2786 omnia
1122 2744 1190 2784 vera
1200 2745 1246 2784 ma
1256 2728 1370 2784 audisse
1381 2725 1493 2782 firmavi
1506 2743 1512 2794 ;
1528 2726 1676 2798 quamvis
1688 2731 1753 2782 tam
1768 2725 1870 2782 familia

1013 2819 1089 2874 riset
1098 2818 1170 2875 mihi
1180 2817 1325 2891 probatus,
1337 2816 1520 2890 quipraescns
1530 2819 1609 2883 erat,
1623 2816 1665 2871 ad
1677 2833 1730 2872 me
1745 2833 1806 2871 rem
1819 2830 1872 2886 per-

1013 2908 1129 2976 tulerat,
1142 2911 1176 2963 ut
1185 2907 1304 2963 omnino
1315 2906 1446 2962 dubitare
1454 2920 1514 2961 non
1523 2920 1652 2976 possem
1681 2904 1866 2978 Numquidan

1012 3001 1105 3053 vester
1123 2996 1246 3064 auditor,
1271 2995 1302 3051 iu
1321 2995 1371 3050 illa
1386 2992 1571 3050 memorabili
1587 2994 1779 3050 abstinentia
1792 2992 1868 3048 nihilo

1013 3085 1110 3142 electis
1129 3085 1241 3154 cedens,
1265 3083 1362 3156 quiet
1382 3081 1541 3138 liberaliter
1562 3081 1733 3139 institutus
1753 3087 1832 3146 emet,
1845 3085 1866 3135 cl

1012 3164 1135 3230 vestrim
1155 3178 1260 3230 sectam
1280 3172 1394 3245 copiose
1414 3171 1499 3227 vellet
1522 3174 1553 3226 et
1575 3171 1694 3228 soleret
1717 3173 1867 3233 defendere,

1013 3261 1212 3317 molestissime
1231 3261 1339 3317 ferebat
1356 3259 1434 3333 quod
1456 3259 1483 3314 ei
1503 3275 1578 3332 vage
1594 3261 1792 3334 pessimeque
1806 3259 1869 3316 babi-

1012 3350 1134 3406 tautium
1149 3349 1312 3422 passimque
1321 3348 1475 3404 viventium
1492 3348 1665 3407 electorum
1677 3367 1779 3406 mores
1789 3348 1868 3423 perdi·

1012 3438 1115 3495 tissimi
1124 3455 1201 3511 sarpa
1210 3437 1367 3510 disputanti
1377 3437 1601 3510 objiciebantur.
1616 3441 1868 3511 Cupiebatitaque

1013 3527 1038 3582 si
1051 3527 1114 3584 fleri
1126 3531 1233 3601 posset,
1248 3543 1348 3583 omnes
1362 3527 1412 3600 qui
1426 3526 1588 3582 secundum
1608 3527 1667 3583 illa
1683 3535 1829 3602 praecepta
1840 3527 1869 3580 ri

1013 3621 1072 3673 mm
1080 3619 1184 3689 degere
1194 3617 1285 3689 parati
1296 3620 1400 3684 essent,
1411 3630 1591 3687 congregare
1602 3616 1640 3673 in
1652 3618 1782 3674 domum
1792 3633 1868 3677 suan,

1014 3710 1042 3762 et
1056 3706 1115 3761 suis
1127 3706 1288 3779 sumptibus
1301 3705 1450 3761 sustinere.
1467 3706 1533 3759 Erat
1548 3705 1636 3761 enim
1654 3712 1687 3763 et
1697 3725 1760 3764 non
1774 3708 1870 3763 medio·

1013 3796 1068 3850 cris
1082 3795 1212 3869 pecunias
1223 3799 1412 3868 contemptor,
1427 3799 1454 3849 et
1463 3808 1523 3849 nou
1535 3794 1739 3853 mediocriter
1749 3796 1870 3872 pecunia·

1014 3900 1071 3940 sus.
1086 3885 1265 3951 Querebatur
1280 3888 1376 3940 autern
1395 3881 1529 3955 impediri
1551 3886 1657 3940 mutos
1676 3893 1803 3943 conatus
1818 3902 1872 3939 snos

1014 3970 1215 4043 cpiscoporum
1225 3971 1420 4040 dissolutione,
1435 3971 1540 4044 quihus
1553 3970 1779 4043 adjuvantibus
1790 3976 1873 4047 imple

1015 4076 1045 4115 rs
1060 4059 1190 4116 debebat.
1216 4062 1329 4117 Interea
1345 4064 1438 4116 vester
1459 4058 1619 4132 episcopus
1644 4062 1786 4135 quidam,
1803 4066 1873 4119 homo

1013 4150 1109 4222 plane,
1119 4153 1151 4205 ut
1162 4149 1224 4222 ipse
1233 4153 1368 4222 expertus
1379 4165 1453 4217 snm,
1467 4148 1641 4205 rusticanus
1659 4158 1756 4226 atque
1772 4152 1875 4226 impoli·

1013 4243 1070 4310 tus,
1085 4239 1134 4296 sed
1153 4239 1250 4295 nescio
1272 4240 1418 4313 quomodo
1441 4256 1474 4295 ea
1493 4238 1557 4310 ipsa
1578 4239 1702 4298 duritia
1718 4243 1876 4300 severioris

1013 4328 1296 4384 custodiendisbonis
1304 4328 1432 4384 moribus
1441 4326 1601 4382 videbatur.
1618 4329 1713 4388 Hunc
1724 4332 1877 4389 diutissime

1013 4417 1206 4474 desideratum
1225 4416 1423 4489 utaliquando
1438 4420 1617 4489 presentem
1634 4421 1750 4493 arripit
1765 4423 1828 4490 isle,
1842 4438 1878 4476 er·

1012 4507 1096 4580 ponit
1109 4506 1221 4563 homini
1233 4508 1408 4563 voluntatem
1420 4521 1514 4561 suam:
1530 4505 1639 4562 laudat
1650 4508 1707 4566 ille
1722 4516 1813 4586 atque
1825 4528 1879 4568 con·

1013 4596 1110 4664 sentit,
1124 4598 1259 4667 placetut
1272 4596 1302 4652 iu
1317 4597 1403 4653 domo
1417 4595 1479 4668 ejus
1491 4593 1573 4666 prior
1584 4595 1658 4668 ipse
1670 4599 1801 4674 incipiat
1811 4602 1880 4657 habi

1012 4689 1083 4742 tare.
1105 4686 1185 4752 Quod
1201 4686 1251 4742 ubi
1265 4686 1371 4742 factum
1387 4690 1438 4749 est,
1464 4699 1498 4740 eo
1515 4690 1703 4761 cougregati
1720 4698 1794 4749 sunt
1808 4689 1880 4748 elect

1013 4790 1123 4841 omues,
1139 4775 1189 4848 qui
1212 4776 1310 4832 Rome
1332 4791 1393 4832 esse
1408 4778 1577 4848 potuerunt.
1595 4776 1764 4852 Proposita
1785 4786 1830 4837 est
1845 4780 1881 4835 vi.

1013 4863 1097 4921 vendi
1106 4864 1207 4936 regula
1217 4864 1252 4920 de
1263 4864 1409 4921 ldanichal
1419 4862 1559 4936 epistota:
1573 4866 1688 4923 multis
1700 4870 1881 4928 intolerabile

1012 4954 1106 5010 visum
1118 4957 1176 5021 est,
1192 4954 1406 5010 abscesserunt:
1424 4960 1638 5011 remanserunt
1653 4961 1764 5016 tamen
1780 4961 1880 5033 puden

1013 5058 1072 5098 non
1087 5042 1181 5114 pauci.
1198 5042 1290 5114 Coepit
1300 5041 1342 5097 ita
1352 5039 1620 5113 viviutplacuarat,
1634 5049 1667 5100 et
1680 5053 1715 5103 ut
1726 5052 1881 5122 innupte

1012 5131 1152 5187 scribebat
1166 5131 1338 5186 auctoritas:
1355 5145 1420 5186 cum
1439 5127 1557 5184 interim
1579 5132 1712 5190 auditor
1736 5137 1791 5195 ille
1805 5140 1880 5195 vebs·

1013 5225 1126 5276 menter
1137 5235 1237 5276 omnes
1251 5217 1397 5274 adomnia
1411 5221 1538 5289 cogeret,
1557 5221 1721 5280 neminem
1738 5230 1839 5285 tantan
1851 5226 1879 5281 ad

1046 5371 1052 5404 ¹
1069 5369 1131 5418 iles.
1150 5381 1232 5432 prope
1253 5379 1346 5418 omnes
1368 5365 1476 5428 habeut,
1491 5367 1518 5417 ta
1541 5371 1676 5424 ommam
1686 5390 1698 5434 ,·
1714 5375 1745 5427 id
1766 5381 1818 5439 est,
1835 5390 1880 5442 pro

1014 5433 1185 5544 miifflqqgg
1201 5493 1334 5559 potiores;
1348 5491 1392 5544 alii
1407 5495 1436 5543 ut
1451 5491 1477 5542 in
1490 5491 1567 5552 fidat,
1583 5492 1742 5557 [amulam.
