3884 6112
131 256 181 310 tos

131 377 254 449 phorum
263 373 536 447 seutentia,quibus
545 372 695 446 ingenium
705 373 981 441 imbuerat,insitam

130 464 309 536 opinionem,
324 479 384 536 qua
401 466 430 518 et
443 463 534 518 Deum
550 477 621 529 esse,
637 464 665 516 et
679 477 775 516 reruni
790 461 981 516 humanarum

129 553 410 610 administrationem
435 551 473 607 ad
501 567 568 606 eum
591 551 735 622 pertinere
757 549 898 615 credebat,
921 550 983 620 ejus

133 644 231 699 animo
257 657 407 714 uunquam
433 641 615 712 depulemnt.
639 638 670 694 ld
690 637 838 700 credebam.
855 637 905 700 sit,
927 639 981 691 ali-

131 733 241 803 quando
252 733 400 796 robustius,
416 729 565 800 aliquando
577 729 694 794 eeilius;
708 741 811 797 semper
823 729 911 780 tamea
925 742 981 781 cre-

132 822 205 889 didi,
221 824 246 875 et
260 835 316 876 esse
335 824 369 887 te,
385 823 410 874 et
424 834 517 873 curam
529 819 616 871 nostri
624 831 714 885 quae
729 834 736 879 ;
754 816 862 869 etiamsi
875 817 983 884 ι’ρηονα-

132 912 194 966 bam
206 911 248 966 oet
264 908 333 978 quid
342 906 510 963 sentiendum
520 909 586 960 esset
600 905 633 959 de
642 905 795 959 substantio
804 908 861 972 tua,
873 905 915 959 ael
927 921 982 973 qua

128 1003 174 1056 orb
188 998 296 1053 duceret
306 1002 353 1053 aut
363 996 500 1050 reduceret
508 993 545 1048 ad
558 998 582 1048 te
594 993 696 1063 (ibid).
706 992 983 1064 llaerebantinsuper

129 1087 227 1143 animo
248 1085 337 1140 timor
359 1083 472 1147 mortis,
494 1083 583 1138 futuri
610 1081 699 1138 diuini
722 1081 822 1152 judicii
848 1081 980 1149 formido,

131 1192 196 1246 spes
209 1171 445 1242 immortalitatis,
457 1176 543 1243 atque
554 1175 623 1226 actae
632 1171 698 1226 vita
707 1171 876 1226 meritomm
887 1171 983 1226 futura

129 1261 292 1335 dispunctio
306 1278 338 1316 ac
352 1277 464 1316 merces
475 1261 554 1315 niella
564 1259 735 1332 opinionum
743 1259 907 1315 diversitate
921 1261 983 1331 ejus

131 1355 247 1423 pectore
269 1350 426 1405 submota:
451 1349 554 1421 quibus
569 1349 657 1404 veluti
670 1348 757 1404 irenis
771 1348 926 1404 coercitum
941 1365 981 1417 se,

132 1448 219 1513 atque
242 1457 258 1495 a
274 1438 457 1512 profundiore
472 1438 661 1494 obscenarum
678 1439 856 1510 voluptatum
870 1439 982 1510 gurgite

131 1533 295 1586 revocatum
311 1527 409 1584 scribit
424 1528 517 1599 (ibib,
536 1544 597 1598 cap.
615 1531 658 1594 lb,
673 1543 701 1583 n.
717 1528 773 1599 ab).

166 1623 192 1674 ὅ.
208 1619 266 1675 Etsi
280 1634 347 1674 sero
367 1618 458 1673 Deum
474 1616 648 1687 cogitatione
663 1632 721 1670 non
736 1616 887 1688 complecti
901 1617 983 1672 aliter

131 1712 235 1782 posset,
251 1723 337 1780 quam
363 1722 415 1761 ceu
443 1705 653 1761 nobilissimum
668 1705 782 1777 aliquod
807 1720 910 1776 corpus
930 1705 984 1760 im-

130 1814 230 1854 mensa
250 1797 326 1851 mole
346 1810 577 1866 quaquaversum
590 1793 734 1858 diffusum,
757 1798 982 1865 extensumque,

132 1885 417 1941 incontaminabilem
428 1888 534 1951 tamen,
548 1881 805 1954 incorruptibilem,
816 1898 848 1937 ac
863 1883 941 1937 nulls
951 1898 983 1936 ex

129 1977 212 2047 parte
233 1973 403 2028 mutabilem
418 1972 489 2043 ejus,
506 1986 695 2044 quaecumque
709 1972 821 2026 tandem
836 1971 884 2027 illa
899 1974 982 2038 esset,

129 2067 262 2118 naturam
278 2061 445 2116 inconcusse
455 2061 572 2116 tenebat
582 2060 674 2129 (ibib,
686 2062 732 2116 lib.
742 2065 769 2124 7,
786 2077 847 2130 cap.
865 2064 890 2128 t,
902 2077 929 2124 a,
945 2061 982 2129 i).

68 2213 71 2217 ,
130 2150 191 2214 Quo
213 2148 342 2204 insanius
367 2148 488 2203 delirare
514 2148 708 2203 arbitrabatur
728 2149 908 2214 llanicliaeos,
934 2147 983 2221 qui

130 2236 257 2291 divinam
271 2236 462 2292 substantiam
477 2236 554 2291 malo
568 2236 705 2308 patiendo
717 2238 881 2308 obnoxiam,
897 2254 983 2311 quani

130 2340 212 2380 suam
237 2324 366 2396 ipsorum
393 2326 469 2381 malo
497 2328 690 2404 perpetrando
709 2344 787 2383 ream
813 2328 914 2397 teneri,
939 2345 983 2384 sa·

129 2412 220 2469 satius
240 2413 438 2469 existimarent
464 2415 556 2486 (ibib,
579 2431 640 2486 cop.
670 2418 697 2483 3,
724 2433 799 2472 num.
828 2419 865 2483 4).
894 2417 983 2472 Nihil-

132 2502 248 2558 ominus
288 2506 386 2558 tsmen
423 2519 556 2574 quaenam
588 2509 661 2559 esset
688 2505 757 2559 mali
789 2505 882 2578 origo,
912 2523 984 2561 non·

131 2592 201 2647 duni
222 2591 346 2647 dilucide
361 2592 522 2664 perspicere
543 2596 664 2664 poterat.
690 2591 866 2650 Occurrebat
874 2594 985 2651 interea

131 2681 247 2752 quidem
259 2679 356 2735 solerti
370 2680 480 2751 animo,
492 2682 569 2754 quod
580 2682 736 2739 identidem
751 2683 850 2739 auditu
866 2683 986 2756 accipie-

130 2769 190 2836 bat,
205 2769 329 2823 liberum
354 2770 507 2824 voluntatis
521 2770 683 2838 arbitrium,
702 2772 763 2843 ejus
780 2771 856 2844 quod
878 2773 984 2828 iacere·

135 2874 209 2925 mus,
221 2862 329 2913 rectum
345 2874 411 2913 vero
425 2858 475 2913 liei
487 2859 640 2931 judicium,
650 2860 712 2932 ejas
726 2859 801 2932 quod
809 2864 983 2932 pateremur,

130 2948 199 3003 mali
218 2963 317 3003 sarisas
332 2963 411 3014 esse,
427 2948 475 3003 sed
492 2963 545 3003 nec
558 2948 669 3020 liquido
692 2949 853 3022 intelligere
874 2954 986 3022 poterat

129 3053 180 3092 cur
189 3036 229 3090 ita
243 3051 289 3090 res
301 3050 329 3089 se
340 3035 459 3091 baberet
471 3037 541 3091 :etsi
551 3037 629 3091 enim
640 3037 776 3093 sentienti
788 3055 817 3092 se
826 3039 916 3094 libero
926 3041 986 3110 pot-

132 3122 191 3175 lere
202 3120 497 3188 uoluntatisarbitrio,
510 3122 641 3176 nonnihil
655 3123 726 3177 lucis
739 3123 912 3194 oboriretur,
928 3141 985 3196 quo

133 3208 206 3264 illud
221 3225 282 3264 esse
304 3209 413 3264 iontem
439 3225 539 3264 eorum
556 3215 747 3281 peccatorum,
764 3228 828 3283 quea
847 3212 939 3268 libens
953 3229 985 3268 ac

130 3301 232 3355 rolens
245 3299 418 3366 admisisset,
431 3316 490 3354 non
499 3300 652 3355 diltlculter
659 3306 826 3371 agnosceret
837 3318 843 3367 ;
858 3305 986 3358 attamen

133 3405 233 3445 rursus
242 3388 448 3445 inextricabilis
461 3393 521 3444 erat
532 3389 663 3461 qaeestio,
678 3390 755 3445 unde
769 3390 857 3446 libem
867 3392 985 3448 arbitrio

130 3494 147 3533 a
166 3479 225 3534 lieo
236 3478 346 3550 optimo
359 3477 477 3534 condito
491 3477 578 3533 insita
591 3478 627 3533 ad
642 3479 750 3535 malum
766 3479 926 3550 proclivitas
941 3497 985 3535 es·

128 3572 194 3635 set;
218 3565 295 3623 uude
309 3566 352 3621 illi
368 3567 443 3622 male
456 3566 540 3636 velle,
557 3569 585 3620 et
600 3566 673 3621 bene
695 3567 773 3623 nolle
792 3566 886 3638 (ibid,
898 3584 926 3624 a.
948 3568 983 3639 5).

131 3656 179 3710 llis
199 3672 232 3711 ac
248 3655 450 3711 consimilibus
463 3655 671 3727 cogitationum
687 3655 803 3712 astibus
818 3657 984 3729 exagitatus,

130 3744 206 3799 curis
227 3744 432 3799 conficiebatur
455 3744 730 3816 excruciabaturqne
751 3762 784 3801 eo
808 3747 911 3818 magis,
927 3763 985 3818 quo

129 3848 178 3887 eas
193 3831 389 3888 familiaribus
402 3833 457 3887 suis
468 3833 712 3905 miansexplicars
725 3839 810 3906 alque
820 3834 986 3907 explicando

130 3920 233 3992 partiri
258 3925 387 3992 poterat.
408 3921 462 3978 Sed
477 3921 562 3976 tacita
576 3920 626 3975 illa
644 3920 736 3976 cordis
749 3926 891 3978 tormenta
906 3926 987 3977 erant

128 4010 209 4064 reiut
224 4009 396 4065 clarissima
411 4026 505 4077 voces,
521 4026 586 4081 quse
603 4010 705 4065 divinae
722 4011 925 4066 misericordiae
940 4028 986 4066 so-

129 4098 202 4154 lium
222 4099 386 4171 pulsabant.
403 4100 466 4155 Sua
489 4104 586 4154 tamen
605 4113 671 4153 eum
683 4099 848 4170 arrogantia
861 4100 927 4157 inde
942 4116 986 4156 re-

131 4187 284 4256 movebat;
301 4191 329 4243 et
344 4187 393 4260 qui
405 4187 507 4243 faciem
520 4187 582 4259 ejus
595 4186 745 4243 inflaverat
758 4193 863 4257 tumor,
875 4188 914 4244 sic
923 4206 988 4244 ocu·

129 4277 172 4331 los
187 4277 347 4342 claudebat,
363 4281 397 4331 ut
412 4275 540 4331 veritatis
554 4277 646 4330 lucem
659 4277 809 4332 admittere
824 4294 880 4332 non
892 4283 988 4348 posset

127 4364 225 4448 (ibid,
241 4380 301 4435 cop.
318 4370 346 4432 7,
362 4381 391 4419 a.
411 4366 463 4433 ll).
482 4367 521 4419 iis
536 4361 659 4434 Domine,
679 4364 782 4436 inquit,
801 4368 920 4421 stimulis
941 4383 986 4421 ra·

132 4452 216 4508 idae
231 4453 357 4522 agitabas
371 4469 422 4521 me,
438 4459 469 4509 ut
489 4455 637 4524 impatiens
653 4469 747 4520 essem,
763 4453 845 4511 donea
857 4457 927 4510 mibi
939 4471 988 4524 per

129 4544 288 4598 interiorem
315 4547 453 4612 aspectum
475 4548 565 4598 cutus
589 4558 668 4597 esses.
684 4545 720 4599 Et
741 4543 874 4599 residebat
899 4548 988 4598 tremor

130 4644 205 4686 meus
227 4645 260 4685 uc
281 4632 387 4686 occulta
412 4646 498 4686 mauu
517 4630 659 4685 medicine
673 4634 733 4700 tua,
748 4633 870 4700 aciesque
882 4636 988 4686 caretur·

132 4720 197 4774 bata
219 4724 246 4774 et
267 4719 456 4775 contenebrata
484 4722 581 4776 mentis
602 4735 675 4786 enee,
700 4722 759 4774 acri
779 4720 890 4790 collqrio
912 4722 987 4776 salec·

131 4806 220 4864 briam
235 4809 358 4864 dolorum
378 4808 411 4864 de
426 4808 474 4864 die
487 4813 518 4865 in
533 4809 603 4865 diem
617 4809 768 4865 sanabatur
778 4807 870 4880 (ibid,
885 4825 945 4880 rap.
959 4813 986 4873 8,

134 4914 163 4954 n.
182 4898 237 4968 lt).

168 4989 195 5042 b.
223 4985 268 5041 Ad
294 4985 324 5042 id
352 4987 509 5058 plurimum
534 4987 589 5058 ipsi
613 4987 733 5043 subsidii
762 4987 882 5044 contulit
904 4986 989 5043 lectio

130 5074 323 5148 quorumdam
348 5075 492 5132 librorum
524 5076 649 5130 Platonis
672 5082 701 5132 el
723 5079 785 5150 ejus
805 5081 986 5142 sectatorum,

128 5165 180 5237 qui
195 5183 213 5221 a
227 5163 373 5220 Victorino
387 5165 468 5220 urbis
488 5164 587 5220 itomae
602 5165 717 5222 rhetore
731 5166 887 5223 clarissimo
902 5165 989 5220 latine

132 5255 252 5321 redditi,
263 5270 316 5326 per
329 5255 485 5327 quemdam
499 5253 647 5309 hominem
658 5260 762 5327 prater
777 5254 895 5311 moduni
914 5272 989 5311 erro

131 5346 406 5415 ganlemetelatum,
418 5343 449 5399 ia
458 5345 520 5414 ejus
530 5344 883 5416 manusreaerunt(lbid.,
891 5348 987 5415 capti,

133 5447 162 5487 a.
186 5436 237 5499 lb).
257 5434 329 5490 Nam
354 5449 421 5489 cum
447 5432 547 5488 ceeteri
567 5430 743 5503 philosophi,
758 5432 809 5504 qui
823 5432 889 5488 solis
903 5434 988 5489 rebus

95 5527 102 5538 '
136 5523 282 5593 corporeis
310 5523 484 5579 inherentes
521 5537 582 5576 non
609 5520 693 5576 altius
718 5526 880 5594 assurgunt,
911 5521 990 5577 falla·

735 251 821 308 VITA
847 250 876 306 S.
899 248 1095 309 AUGUSTINI
1114 249 1284 308 EPISCOPI.
1837 256 1886 311 tbi

1035 372 1144 427 ciarum
1161 377 1189 426 et
1202 371 1405 444 deceptionum
1426 373 1505 444 pleni
1528 373 1600 442 sint;
1622 373 1760 430 Platonici
1779 376 1887 431 eunctis

1036 461 1095 516 suis
1109 461 1375 518 ratiocinationibus
1389 467 1518 518 mentem
1537 463 1572 518 ad
1586 463 1779 534 cognitionem
1794 464 1845 520 liei
1859 470 1889 520 et

1036 549 1120 605 Verbi
1135 550 1197 621 ejus
1210 550 1310 605 aeterni
1324 556 1464 606 conantur
1478 551 1609 607 evehere.
1625 552 1728 623 {teipsa
1742 553 1773 607 in
1788 569 1887 609 eorum

1034 637 1117 693 libris
1138 638 1256 709 reperit,
1274 654 1332 694 non
1353 638 1456 694 iisdem
1479 639 1596 712 quidem
1621 641 1725 706 verbis,
1746 642 1887 714 quidquid

1034 726 1158 781 loannes
1172 727 1234 799 ipse
1248 727 1391 799 Evangelii
1406 728 1451 782 sui
1464 728 1583 783 exordio
1597 728 1632 784 de
1644 729 1729 785 Verbi
1744 730 1847 802 gloria,
1859 735 1889 787 et

1035 814 1112 885 quod
1132 815 1238 869 Paulus
1257 813 1292 869 de
1310 814 1439 887 eiusdem
1459 816 1621 887 equalitate
1641 832 1707 871 cum
1726 819 1819 885 Patre,
1835 818 1888 873 do-

1035 906 1109 958 cent.
1134 902 1244 959 ibidem
1265 903 1373 975 reperit
1396 903 1500 959 Filium
1523 905 1600 960 Patri
1624 922 1676 961 suo
1698 922 1759 961 esso
1773 911 1890 961 coeter-

1035 1007 1116 1059 num,
1132 997 1198 1048 ante
1214 993 1312 1047 omnia
1326 996 1354 1048 et
1368 1009 1455 1064 supra
1470 993 1568 1049 omnia
1581 998 1713 1065 tempora
1727 995 1887 1050 incommu-

1035 1080 1162 1135 tabiliter
1176 1096 1347 1152 permanere
1358 1098 1365 1136 :
1378 1081 1489 1137 animas
1498 1082 1534 1137 de
1547 1082 1728 1154 plenitudine
1744 1084 1807 1155 ejus
1820 1084 1890 1139 acci·

1034 1182 1114 1238 pere,
1131 1173 1164 1222 ut
1177 1169 1267 1223 beata
1287 1168 1353 1236 sint,
1374 1172 1403 1224 et
1418 1168 1639 1241 participatione
1659 1173 1802 1227 manentis
1814 1171 1845 1226 in
1859 1188 1889 1225 sa

1036 1256 1188 1328 Sapientior
1203 1257 1390 1326 roraverint
1403 1258 1463 1313 sint
1476 1259 1629 1330 sapientes.
1642 1261 1707 1315 lude
1721 1261 1888 1330 admonitus,

1035 1345 1141 1416 iuquit,
1156 1345 1247 1401 redire
1261 1345 1299 1400 ad
1318 1349 1514 1418 memetipsum,
1533 1350 1639 1403 intravi
1659 1352 1689 1404 ia
1707 1351 1806 1405 intima
1820 1366 1889 1418 mea,

1036 1435 1102 1490 duce
1116 1439 1157 1503 te;
1178 1439 1203 1490 et
1220 1438 1307 1505 potui,
1326 1438 1454 1505 quoniam
1468 1439 1559 1504 iacms
1573 1452 1600 1492 es
1612 1438 1723 1508 adiutor
1736 1452 1825 1494 mnu.
1842 1439 1888 1493 ln·

1036 1525 1120 1590 irari,
1145 1534 1169 1578 et
1191 1523 1250 1578 ridi
1270 1525 1462 1594 qualicumque
1486 1526 1561 1580 oculo
1583 1528 1681 1581 anime
1707 1542 1782 1591 enee,
1804 1541 1891 1597 supra

1036 1612 1156 1668 eumdem
1170 1613 1276 1668 oculum
1291 1615 1387 1668 aalma
1401 1629 1474 1678 mese,
1494 1629 1579 1684 supra
1597 1619 1711 1669 mentem
1729 1630 1827 1682 mam,
1847 1615 1888 1670 tu·

1036 1717 1090 1756 cem
1118 1703 1377 1771 incommutabilem
1400 1718 1453 1758 aaa
1473 1704 1543 1758 isaac
1568 1705 1707 1773 uulgarem
1734 1709 1760 1759 et
1782 1707 1889 1774 coaspi-

1036 1806 1114 1846 cuam
1128 1794 1202 1846 omui
1215 1793 1302 1858 carni,
1314 1807 1361 1846 nee
1381 1795 1463 1861 qeeesi
1479 1808 1513 1847 ee
1527 1793 1617 1847 eodem
1632 1808 1735 1862 qenes.
1752 1793 1891 1850 Grendior

1036 1884 1105 1945 erat,
1119 1885 1250 1951 tauquam
1260 1882 1348 1936 siesta
1359 1882 1443 1936 mutto
1452 1883 1592 1951 multoque
1606 1883 1707 1937 clarius
1722 1882 1888 1950 claresceret,

1037 1973 1174 2038 totumque
1187 1975 1328 2040 occuparet
1344 1971 1543 2037 moestitudine.
1560 1973 1620 2028 Non
1634 1972 1681 2026 boc
1696 1971 1747 2026 illa
1760 1976 1830 2038 erat,
1843 1970 1890 2026 sed

1037 2057 1123 2120 aliud,
1137 2057 1215 2112 aliud
1228 2058 1307 2112 ualde
1322 2059 1355 2112 ab
1374 2062 1435 2114 istis
1454 2059 1587 2114 omuibus.
1604 2061 1657 2116 Nec
1675 2061 1715 2114 ito
1731 2064 1790 2115 erat
1804 2075 1890 2130 supra

1036 2152 1149 2202 meatem
1163 2163 1260 2215 meum,
1275 2149 1344 2203 sicea
1364 2149 1449 2204 oleum
1463 2163 1669 2219 superaquam,
1684 2164 1732 2204 aea
1747 2150 1820 2205 sicut
1837 2164 1890 2203 cu-

1038 2237 1093 2290 lum
1107 2250 1188 2306 super
1204 2240 1318 2304 terram;
1334 2237 1382 2304 secl
1395 2240 1528 2307 superior,
1548 2240 1615 2308 quia
1635 2239 1697 2308 ipsa
1714 2240 1780 2305 iecit
1794 2253 1850 2303 rne;
1865 2241 1890 2292 et

1037 2339 1085 2393 eqo
1097 2325 1222 2392 interior,
1239 2327 1306 2394 quia
1318 2328 1408 2393 iactus
1419 2341 1478 2381 sum
1490 2326 1525 2380 ab
1539 2342 1580 2381 ea.
1597 2326 1650 2393 Oui
1660 2327 1736 2382 nouit
1749 2328 1891 2382 ucritmm

1037 2417 1111 2467 uouit
1124 2428 1200 2468 eom:
1214 2418 1240 2468 et
1252 2415 1385 2482 quinovit
1399 2430 1468 2479 cam,
1480 2416 1555 2469 nooit
1564 2417 1750 2471 eternitatem.
1763 2415 1890 2472 biems

1037 2504 1114 2557 uouit
1126 2518 1185 2557 eum
1199 2502 1290 2570 libid..
1308 2518 1369 2573 cap.
1389 2505 1432 2573 lb,
1448 2519 1476 2559 a.
1499 2507 1551 2572 lb).
1569 2505 1668 2559 Postea
1688 2504 1752 2559 tuse
1766 2520 1798 2558 ac
1813 2502 1890 2558 miri·

1038 2590 1091 2644 fiee
1109 2589 1254 2657 describit,
1275 2607 1332 2662 quo
1352 2596 1434 2663 pacto
1457 2593 1493 2648 ad
1513 2592 1734 2663 cognoscendam
1751 2597 1889 2648 aeternam

1038 2676 1198 2745 veritatem,
1212 2683 1408 2735 creaturarum
1416 2681 1609 2736 conditionem
1620 2697 1653 2736 aa
1665 2684 1782 2752 statum,
1793 2695 1889 2735 veram

1038 2781 1154 2837 quoque
1169 2768 1237 2845 mali
1250 2767 1402 2839 originem,
1413 2768 1549 2825 divinitus
1558 2769 1823 2830 lueritillastratus.
1836 2770 1890 2823 Nec

1037 2872 1104 2910 vero
1119 2855 1149 2910 in
1164 2856 1231 2912 solis
1244 2857 1456 2913 Platonicorum
1471 2859 1551 2914 libris
1566 2858 1684 2931 reperit,
1700 2875 1767 2914 cum
1782 2859 1819 2914 de
1834 2859 1890 2914 lieo

1039 2948 1068 3000 et
1083 2944 1119 3000 de
1139 2945 1235 3000 anima
1251 2946 1434 3018 cogitaretur,
1455 2947 1663 3003 nihilomnino
1683 2947 1812 3018 eorporis
1831 2963 1889 3003 esse

1039 3033 1223 3106 cogitandam
1240 3053 1247 3091 :
1267 3035 1297 3090 id
1315 3035 1411 3107 ipsum
1429 3036 1528 3092 didicit
1546 3053 1580 3092 ex
1599 3036 1782 3092 sermonibus
1799 3052 1889 3092 saeer-

1039 3123 1114 3178 dotis
1132 3123 1286 3194 Ambrosii,
1307 3128 1338 3181 et
1355 3125 1443 3181 bdellii
1461 3125 1612 3192 Theodori,
1632 3126 1686 3180 riri
1705 3142 1765 3180 non
1785 3123 1889 3181 eruditi

1039 3211 1136 3282 modo,
1162 3214 1210 3268 sed
1234 3213 1322 3268 etiam
1347 3213 1485 3286 religione
1508 3213 1667 3270 christiani.
1691 3214 1743 3269 llic
1764 3213 1826 3285 ipse
1850 3217 1890 3268 est

1039 3299 1116 3356 haud
1131 3300 1229 3368 dubie,
1244 3302 1295 3374 qui
1310 3303 1490 3358 consulatum
1503 3303 1591 3375 gessit
1600 3319 1676 3358 anno
1691 3301 1889 3358 trecentesimo

1039 3389 1228 3461 nonagesimo
1247 3408 1334 3446 nono.
1356 3392 1409 3448 Ubi
1428 3393 1489 3447 lusa
1510 3391 1609 3447 retulit
1626 3391 1815 3463 Augustinus,
1835 3406 1889 3462 qua

1038 3476 1150 3533 ratione
1162 3493 1214 3549 per
1228 3479 1440 3536 Platonicorum
1455 3481 1544 3537 libros
1558 3498 1576 3536 a
1590 3482 1647 3536 ileo
1661 3479 1749 3535 tuerit
1763 3479 1887 3544 edoctus,

1039 3566 1102 3621 hec
1116 3567 1265 3639 subjungit
1277 3585 1283 3624 :
1295 3569 1421 3625 Mirabar
1434 3572 1507 3640 quod
1516 3572 1577 3641 jam
1593 3575 1617 3626 te
1627 3569 1764 3635 amabam,
1774 3584 1829 3623 non
1840 3583 1888 3639 pra

1040 3659 1065 3710 te
1079 3655 1253 3724 phantasma.
1265 3659 1301 3712 Et
1310 3672 1362 3712 riba
1376 3658 1484 3713 stabam
1494 3661 1555 3726 frui
1569 3661 1622 3713 lieo
1631 3672 1698 3725 meo,
1707 3657 1755 3712 secl
1762 3656 1889 3727 rapiebar

1039 3743 1077 3798 ad
1092 3748 1116 3798 te
1130 3745 1222 3800 decore
1237 3751 1293 3814 tuo,
1305 3761 1421 3816 maeque
1434 3746 1588 3817 deripiebar
1599 3746 1647 3801 abs
1663 3744 1813 3816 repondere
1824 3759 1887 3809 meo,

1039 3838 1064 3888 et
1076 3832 1188 3888 ruebam
1202 3836 1232 3888 iu
1245 3836 1370 3889 irtacum
1382 3836 1500 3903 aeuitur
1512 3834 1651 3906 etpoadus·
1662 3835 1719 3896 boc,
1731 3833 1888 3888 consuetudo

1040 3925 1168 3979 camelis.
1185 3923 1239 3979 Sed
1252 3939 1354 3979 mecum
1368 3928 1426 3978 erat
1438 3926 1566 3978 memoria
1581 3927 1632 3993 tui,
1645 3939 1730 3992 neque
1744 3925 1799 3980 ullo
1815 3923 1888 3982 moda

1040 4013 1201 4068 dubitabam
1215 4027 1271 4068 esse
1284 4015 1328 4067 cui
1340 4014 1512 4081 colraererum3
1528 4012 1575 4067 sed
1588 4013 1707 4068 noudum
1719 4029 1775 4068 esse
1790 4031 1831 4070 me
1844 4015 1889 4084 qui

1039 4101 1198 4156 cohaererem
1218 4101 1311 4171 (ibib,
1337 4117 1400 4172 cup.
1431 4105 1474 4168 ll,
1496 4117 1525 4158 a.
1544 4101 1601 4170 23).
1626 4100 1777 4166 Quaerebat
1795 4103 1889 4174 itaque

1040 4189 1198 4261 viamque
1212 4189 1349 4244 idoneum
1361 4190 1394 4244 ad
1408 4189 1563 4245 huardum
1572 4190 1631 4244 [leo
1645 4188 1734 4244 robur
1747 4189 1802 4244 sibi
1816 4205 1889 4244 com·

1040 4282 1164 4351 pararet,
1185 4294 1238 4333 uec
1258 4277 1422 4335 inueniebat
1441 4278 1496 4334 nisi
1516 4279 1547 4333 in
1566 4279 1730 4350 cognitione
1750 4284 1778 4334 et
1793 4294 1889 4335 amore

1041 4367 1205 4424 blediatoris
1225 4368 1276 4423 llei
1296 4372 1326 4422 et
1345 4368 1496 4423 hominum
1514 4369 1582 4424 lesu
1602 4367 1707 4423 Christi
1727 4367 1778 4423 liei
1797 4371 1826 4422 et
1842 4367 1889 4422 bo·

1041 4456 1138 4512 minis.
1157 4459 1258 4512 Verum
1275 4473 1367 4528 neque
1384 4458 1480 4513 lesum
1499 4458 1642 4514 Christum
1662 4457 1777 4513 tenebat
1794 4455 1888 4512 humi-

1040 4546 1110 4612 lem,
1126 4546 1176 4617 qui
1195 4545 1313 4600 humilis
1327 4562 1386 4601 non
1398 4550 1473 4614 erat;
1491 4563 1585 4619 neque
1601 4547 1682 4618 cujus
1697 4545 1741 4601 rei
1756 4545 1891 4616 magistra

1041 4638 1115 4689 esset
1130 4635 1192 4705 ejus
1206 4633 1368 4702 infirmitas,
1386 4639 1513 4690 noverat.
1533 4637 1726 4706 Praeberquam
1742 4634 1820 4705 quod
1834 4648 1891 4688 uon

1042 4722 1120 4778 aliud
1135 4723 1169 4778 de
1185 4723 1308 4779 Domino
1323 4724 1434 4780 Christo
1447 4724 1597 4791 sentiebat,
1613 4723 1668 4779 nisi
1682 4738 1749 4778 eum
1765 4739 1826 4777 asse
1839 4722 1890 4777 ho·

1042 4811 1151 4867 minem
1171 4811 1281 4866 ceteris
1296 4811 1429 4883 similem,
1445 4830 1477 4868 ex
1497 4828 1628 4884 corpore,
1643 4812 1739 4867 anima
1753 4816 1783 4866 et
1797 4815 1891 4867 ments

1041 4899 1176 4956 rationali
1190 4904 1379 4966 constantem,
1390 4901 1545 4957 excellente
1560 4899 1740 4955 solummodo
1754 4898 1893 4972 sapientia

1042 4989 1211 5061 preditum,
1226 4989 1273 5044 cai
1288 4991 1382 5045 nullus
1397 4990 1485 5062 possit
1500 4989 1624 5061 sequari3
1640 5004 1726 5061 quem
1742 4989 1818 5043 Deus
1833 4987 1893 5043 sin·

1041 5077 1136 5149 gulari
1159 5093 1227 5149 erga
1252 5094 1304 5132 nos
1322 5078 1502 5151 providentis
1525 5094 1560 5133 ox
1586 5077 1701 5149 Virgine
1723 5074 1894 5132 mirabiliter

1042 5168 1130 5234 nasci,
1146 5185 1345 5241 summamque
1365 5170 1396 5225 iu
1414 5169 1560 5226 universos
1575 5169 1773 5225 auctoritatem
1788 5173 1817 5223 et
1830 5185 1893 5223 ma·

1042 5256 1193 5329 gislerium
1210 5258 1341 5313 obtinere
1353 5259 1494 5330 rcrluerat,
1509 5264 1541 5314 nt
1556 5259 1618 5330 ejus
1630 5258 1771 5329 exemplo,
1787 5257 1824 5313 ad
1837 5257 1894 5313 im·

1042 5346 1247 5402 mortalitatem
1271 5346 1495 5419 adipiscendam,
1520 5347 1690 5419 temporalia
1709 5350 1894 5402 contemnere

1042 5434 1225 5491 disceremus.
1243 5435 1317 5502 Ouid
1334 5441 1429 5494 autem
1444 5437 1614 5492 sacramenti
1632 5436 1733 5491 lateret
1747 5435 1802 5492 sub
1818 5434 1895 5490 hisce

1043 5523 1148 5592 verbis,
1172 5525 1288 5582 Verbum
1308 5541 1371 5583 caro
1389 5529 1494 5595 sactum
1512 5531 1551 5582 cst
1569 5528 1656 5594 (loun.
1680 5542 1702 5597 1,
1724 5525 1779 5596 ll).
1799 5540 1836 5580 ne
1856 5523 1896 5584 le.
