3884 6112
735 261 844 321 maala
861 258 1026 329 QUINTUS·
1704 274 1758 329 181

71 373 96 432 ia
113 375 173 432 nlla
186 373 304 432 ditionis
319 376 381 447 ejus
394 378 466 434 urbe
484 378 595 435 radices
609 386 736 453 egerant,
752 400 854 457 perga-
908 383 1004 454 (ldcm,
1018 382 1056 439 ed
1069 398 1134 440 ena.
1148 386 1212 452 399,
1233 398 1262 441 ss.
1284 385 1344 457 77),
1365 387 1443 458 quod
1466 389 1642 461 Augustinus
1664 398 1761 450 narrat

71 480 84 518 ·.
109 465 254 522 Honorius
279 466 366 523 dubio
391 468 492 539 procul
515 468 591 525 idola
611 469 652 525 ibi
673 473 794 544 perinde
822 490 854 529 ac
907 472 937 528 in
951 472 1112 529 Suffectana
1127 473 1240 529 colonia
1254 474 1422 545 contigisso;
1438 492 1495 548 que
1510 476 1540 531 in
1554 478 1759 547 loce,eumde·

75 553 189 628 passim
202 555 362 626 dejicienda
376 563 539 627 curaveram
551 560 785 633 quandoquidem
792 562 853 634 J'am
906 562 981 635 jecta
1000 562 1204 635 confractaque
1223 566 1297 619 esset
1318 564 1446 620 tterculis
1470 569 1572 635 sutae,
1598 569 1660 639 ejus
1677 570 1759 643 impii

74 641 255 715 Rhadegaisi
269 645 389 713 cladem,
405 645 433 701 id
449 650 502 714 est,
517 651 583 702 ante
598 650 853 722 annumquadrin·
907 652 1039 719 cultores,
1063 652 1137 707 facto
1158 652 1189 707 in
1211 651 1385 709 Christianos
1408 654 1529 726 impetu,
1554 657 1703 728 sexaginta
1725 675 1758 716 ar

71 731 191 789 nimum
203 737 331 800 sextum;
347 732 406 789 ime
420 751 487 790 rere
501 752 558 807 que
572 740 701 808 tempero
716 739 808 794 adhuc
822 738 854 795 in
906 738 963 796 iltis
983 739 1171 808 trucidarunt,
1195 740 1245 813 qui
1260 740 1365 799 Christi
1389 743 1562 816 martyribus
1576 746 1708 802 accersiti
1722 747 1759 804 ad

71 836 88 877 ι
116 822 242 888 stabant,
272 821 330 878 illie
357 822 515 880 disturbata
537 828 622 896 atque
645 842 743 882 eversa
771 832 854 883 crant
905 828 1021 884 tertium
1036 828 1174 885 kalendas
1185 830 1355 902 septembris
1368 829 1400 886 in
1414 834 1542 889 Romane
1557 835 1759 908 tlurtyrclegie

71 925 94 969 r.
113 912 178 981 tes,
193 927 216 966 e.
233 913 274 980 te,
290 927 322 968 sa.
335 912 476 980 l³;Serrn.
488 913 535 978 il,
545 928 572 968 n.
585 914 621 982 t).
634 915 704 970 Cum
715 919 811 970 autem
822 917 852 970 iu
905 917 1130 989 comperiuntur.
1145 919 1206 984 Qua
1217 919 1252 974 dc
1264 935 1298 977 re
1311 921 1489 992 Augustinus
1502 922 1653 994 epistelam
1667 924 1756 990 illam,

71 997 221 1056 idolorum
235 1000 392 1068 eversione,
411 1001 518 1056 intacta
530 1004 773 1059 remanerentilla
787 1004 854 1060 deo·
903 1005 1019 1061 brevem
1034 1006 1162 1078 quidem,
1187 1009 1216 1062 at
1236 1007 1435 1064 vehementem
1455 1009 1554 1082 (Epist.
1575 1011 1623 1083 50)
1645 1013 1760 1086 scripsit

71 1087 171 1161 signs,
184 1106 251 1162 quae
265 1089 334 1145 locis
348 1094 376 1145 ot
390 1089 519 1146 adificiis
541 1090 663 1161 publicis
683 1099 851 1149 ornamento
904 1095 938 1149 ad
952 1094 1031 1150 illius
1043 1095 1165 1151 coloniae
1177 1095 1323 1168 principes
1336 1102 1366 1153 et
1380 1097 1516 1170 seniores,
1537 1099 1641 1171 quibus
1655 1118 1757 1173 expre-

71 1192 91 1244 ·.;
119 1177 197 1232 fieus
211 1177 345 1233 undecim
366 1182 432 1250 post
449 1194 539 1235 annes
551 1178 663 1252 reliqua
677 1179 725 1235 illa
738 1181 851 1253 gentili·
902 1182 968 1239 brat
980 1183 1157 1239 conculcatas
1181 1185 1258 1256 leges
1281 1186 1435 1255 Romanas,
1451 1187 1625 1258 judiciorum
1640 1189 1756 1263 religie-

71 1266 272 1339 opcrstitienis
288 1266 414 1339 uestigia,
429 1271 491 1323 tum
510 1268 668 1324 Gothorum
688 1274 851 1339 manu,tum
904 1288 980 1340 nem,
1006 1288 1038 1327 ec
1058 1272 1240 1344 potissimum
1256 1274 1468 1331 venerationem
1483 1281 1650 1350 metumque
1663 1280 1755 1352 impe·

72 1353 169 1410 nibus
191 1370 208 1409 e
231 1356 302 1410 coele
327 1355 440 1411 vibratis
458 1355 574 1428 ponitus
593 1357 724 1414 abolevit
739 1361 805 1415 llaec
817 1360 853 1414 si·
903 1366 1033 1417 catorum
1049 1375 1057 1416 s
1073 1361 1182 1434 qnippe
1196 1378 1261 1418 cum
1276 1364 1311 1418 ad
1324 1363 1477 1435 primarius
1496 1365 1576 1420 urbis
1591 1383 1649 1422 sua·
1664 1369 1753 1424 heno-

71 1458 191 1499 crerum
212 1443 378 1514 destructio,
399 1460 464 1516 quae
488 1461 564 1500 anne
587 1447 787 1504 trecentesimo
801 1465 851 1505 ne·
902 1466 948 1505 res
970 1466 1002 1506 ac
1025 1448 1179 1522 dignitates
1201 1468 1249 1507 ees
1270 1453 1426 1524 erexerint,
1441 1470 1514 1526 ques
1528 1459 1637 1511 certum
1651 1461 1710 1512 erat
1725 1457 1757 1513 in

71 1531 143 1589 timo
158 1548 238 1588 nene
253 1533 381 1605 contigit,
393 1549 507 1589 caumm
518 1536 644 1606 prebuit
657 1537 849 1609 plurimorum
903 1555 935 1594 ea
950 1539 1026 1595 ccede
1043 1541 1108 1612 plus
1122 1539 1232 1596 crateris
1243 1556 1304 1612 pree
1318 1557 1347 1597 se
1357 1542 1455 1599 tulisse
1465 1543 1641 1600 crudelitatis
1649 1544 1755 1602 imma·

72 1620 151 1677 lium
178 1621 369 1692 conversioni,
384 1622 435 1695 qui
449 1639 514 1678 cum
528 1639 563 1679 ee
577 1641 669 1696 usque
684 1626 775 1681 errori
786 1643 850 1698 per
903 1627 1067 1702 nitatisque.
1093 1629 1195 1685 lisdem
1223 1630 1384 1702 pollicetur,
1411 1636 1439 1687 et
1464 1631 1492 1687 id
1521 1633 1636 1705 quidem
1662 1635 1757 1691 verbis

71 1712 125 1767 iter
144 1710 341 1775 adhaesissent,
365 1711 395 1767 in
417 1727 481 1767 eam
497 1728 577 1784 spem
599 1714 725 1784 adducti,
741 1716 803 1771 ferc
818 1721 849 1771 ut
903 1723 1090 1774 scommatum
1114 1734 1146 1773 ae
1167 1718 1269 1775 ireniae
1287 1720 1391 1792 plenis,
1416 1737 1445 1775 se
1459 1724 1626 1777 curaturum
1640 1727 1673 1778 ut
1690 1723 1753 1780 ille·

71 1799 144 1856 lstis
168 1800 304 1856 trecentis
326 1800 621 1875 octogintaquinque
640 1805 735 1873 annis,
751 1821 850 1860 secun·
902 1824 967 1862 rum
992 1807 1062 1863 deus
1080 1807 1258 1876 restituatur,
1278 1808 1326 1865 sed
1348 1824 1436 1880 porre
1450 1807 1567 1864 nonnisi
1586 1826 1620 1865 ea
1632 1810 1706 1880 lege,
1722 1814 1756 1866 ut

71 1888 848 1964 oracrrlumdremonum,avituscultusquosipestlimi-
902 1895 958 1966 ipsi
971 1911 1086 1968 quoque
1101 1895 1189 1952 vitam
1204 1896 1247 1964 iis,
1265 1896 1370 1968 quibus
1387 1880 1566 1963 ademerunt,
1584 1898 1750 1955 restituant.

71 1982 242 2034 avocaretur
255 1978 285 2033 in
301 1978 455 2051 pristinum
473 1980 572 2048 decus3
596 1981 681 2053 hujus
693 1983 801 2038 oraculi
815 1983 849 2038 li·
904 1985 975 2040 Urbs
990 1985 1122 2057 quaedam
1139 1985 1304 2041 Suffetensis
1331 1986 1361 2040 in
1380 1986 1516 2042 bizacena
1534 1986 1663 2058 ponitur,
1687 2003 1753 2043 cum

71 2082 180 2123 ranam
195 2071 225 2122 et
237 2067 352 2123 inanem
367 2069 465 2135 fumas,
477 2085 511 2124 cx
525 2073 629 2125 eventu
643 2071 760 2126 demum
775 2088 849 2126 cenr-
903 2072 958 2128 alia
969 2072 1013 2128 cni
1029 2089 1135 2129 nornen
1149 2074 1293 2130 Suffetulua
1310 2091 1316 2129 :
1334 2074 1364 2130 in
1376 2076 1430 2131 hac
1443 2075 1675 2147 martyrologium
1690 2076 1756 2132 illes

71 2161 132 2212 ent
157 2157 208 2226 (De
235 2157 314 2214 croit
340 2159 399 2227 Dei,
421 2157 469 2212 tie.
495 2160 537 2225 18,
553 2173 614 2229 cop.
630 2161 691 2230 51).
719 2161 850 2214 Testatur
903 2161 1049 2234 sexaginta
1064 2179 1080 2217 a
1094 2162 1253 2219 Gentilibus
1266 2167 1335 2219 tune
1348 2163 1512 2219 interfectos
1526 2164 1657 2221 collocat.

71 2245 184 2312 ainus,
200 2245 236 2301 ab
250 2246 353 2302 beced
369 2245 441 2301 illud
455 2262 546 2318 usque
561 2251 684 2319 tempus,
698 2265 755 2320 que
777 2248 851 2304 deci·
938 2254 963 2307 8.
980 2251 1051 2307 lluic
1066 2268 1141 2307 enne
1156 2252 1354 2308 trecentesimo
1369 2251 1557 2324 nonagesimo
1578 2268 1655 2308 nene
1680 2253 1754 2308 Afri·

94 2339 229 2391 ectavum
250 2351 285 2389 cx
306 2334 386 2389 libris
408 2334 442 2389 dc
466 2334 584 2391 Ciuitate
608 2336 659 2391 liei
674 2337 848 2392 absolvebals
903 2356 1040 2396 canorum
1056 2342 1203 2397 Canenum
1213 2341 1300 2396 codex
1313 2341 1467 2397 concilium
1480 2341 1703 2413 Carthaginensa
1714 2359 1755 2396 as·

71 2440 129 2480 mm
154 2428 221 2496 pest
244 2440 335 2478 annes
349 2424 438 2479 formo
458 2422 586 2495 triginta,
607 2425 791 2480 christianam
807 2441 850 2478 re.
904 2429 1250 2501 signetquiutekclendas
1260 2429 1328 2485 maii
1342 2430 1472 2486 habitum
1490 2445 1497 2484 ε
1513 2429 1548 2485 de
1559 2446 1616 2501 que
1625 2429 1653 2485 id
1665 2446 1754 2486 unum

71 2528 131 2569 scm
146 2513 258 2584 majera
269 2512 363 2568 adhrrc
378 2513 533 2584 sumpsisse
543 2513 732 2581 inerementa3
749 2529 850 2587 quam·
904 2521 1048 2586 discimus,
1073 2519 1174 2574 misses
1192 2518 1228 2573 ad
1249 2520 1454 2590 lmpcraterem
1475 2518 1562 2574 fuisso
1582 2516 1754 2590 Epigenium

71 2618 139 2658 sam
160 2605 326 2657 constanter
343 2602 521 2657 affirmarent
542 2601 653 2658 Ethnici
667 2604 782 2658 tandem
798 2602 849 2657 ali·
903 2610 930 2661 cl
951 2605 1132 2661 Vincentium
1154 2602 1310 2675 episcopos,
1332 2602 1383 2674 qui
1398 2603 1512 2659 concilii
1527 2602 1645 2658 nemine
1661 2602 1755 2673 legem

71 2692 108 2749 de
125 2690 312 2747 interituram
334 2690 446 2761 (Eoum.
471 2694 501 2746 irs
525 2692 598 2747 Psut.
622 2708 686 2760 nxr,
709 2707 789 2748 serm.
819 2694 846 2759 2,
903 2698 1047 2767 rogarent,
1072 2709 1130 2765 qua
1144 2697 1301 2759 careretur,
1325 2708 1361 2747 nc
1376 2692 1441 2764 quis
1455 2690 1754 2764 quecumquescelere

93 2780 183 2854 siquo
205 2779 319 2836 eventui
342 2785 452 2836 eertum
474 2797 506 2836 ac
519 2779 672 2836 delinitum
688 2784 800 2853 tempus
815 2798 847 2836 er
902 2783 1061 2846 obstrictus,
1079 2797 1112 2835 er
1127 2780 1245 2835 ecclesia
1258 2780 1289 2835 in
1303 2796 1391 2852 quam
1412 2779 1598 2850 confugisset,
1622 2794 1674 2849 per
1696 2779 1752 2832 rim

71 2869 114 2926 lis
131 2869 314 2941 assignarent
328 2870 438 2939 (Eoum.
458 2872 488 2925 in
503 2871 577 2926 Psul.
592 2886 628 2939 ιν,
643 2886 672 2927 u.
686 2871 722 2940 1).
735 2871 846 2925 Interea
901 2871 1099 2927 extraheretur
1107 2869 1283 2940 (cedidere.
1298 2871 1404 2939 Afric,
1418 2885 1477 2924 coo.
1488 2868 1542 2940 56).
1557 2868 1664 2922 florum
1679 2868 1754 2937 lega·

71 2959 242 3017 refilicaturi
265 2960 389 3016 latebras
407 2964 515 3032 petere,
532 2975 656 3032 suesque
680 2959 765 3016 etiam
779 2959 847 3015 dees
901 2965 1006 3026 terum,
1027 2962 1058 3014 ut
1085 2958 1152 3014 satis
1179 2956 1313 3013 credibile
1334 2962 1387 3028 est,
1413 2960 1526 3029 rogatu,
1555 2956 1649 3026 legem
1673 2953 1753 3009 illam

71 3048 168 3106 uslere
202 3050 387 3121 cogebantur,
424 3065 461 3105 ne
488 3066 504 3104 a
531 3047 699 3105 Christianis
728 3048 844 3121 reperti,
901 3047 1117 3104 llenoriustulit
1127 3045 1227 3119 quinte
1240 3047 1378 3102 kalendas
1392 3044 1510 3101 martias
1524 3042 1752 3116 annoquedrin·

79 3137 251 3213 principum
263 3139 341 3211 loges
355 3138 614 3211 confringerentur,
629 3142 717 3209 prout
730 3139 845 3194 oracula
899 3135 1069 3210 gentcsime,
1085 3151 1142 3208 qua
1153 3136 1237 3206 jubet
1249 3135 1280 3191 in
1294 3134 1364 3190 locis
1382 3133 1623 3206 frequentioribus
1637 3135 1667 3188 ct
1679 3132 1752 3188 cele·

71 3246 151 3302 sper
164 3229 331 3285 ludaeorum
345 3229 503 3300 Prophetas
523 3229 608 3299 longe
622 3231 689 3283 ante
704 3227 845 3298 praedixe-
898 3225 1044 3282 brieribus
1059 3224 1137 3295 afligi
1161 3224 1341 3296 rescriptum,
1357 3224 1434 3296 qued
1449 3240 1525 3278 anne
1540 3238 1627 3296 supra
1641 3225 1754 3281 trecen-

71 3318 116 3391 [fts
130 3319 257 3376 Caesena.
274 3321 394 3388 Euerg„
409 3318 457 3374 tte.
474 3322 500 3386 l,
515 3333 539 3374 c.
555 3320 611 3388 27).
628 3316 763 3372 lithnicus
778 3315 843 3387 qui·
898 3315 1033 3371 tesimum
1047 3313 1223 3386 sexagesimo
1238 3313 1363 3368 secunde
1378 3312 1414 3367 ab
1428 3311 1542 3367 iuliane
1552 3313 1688 3383 Apostata
1701 3309 1753 3365 im·

71 3406 150 3465 illius
163 3406 304 3479 temperis
322 3410 408 3479 poeta
428 3406 601 3478 Sibyllarum
623 3405 751 3461 carmina
761 3405 844 3477 jussu
898 3407 1080 3476 patraverant
1094 3402 1265 3469 Donatistae;
1281 3417 1339 3473 quo
1354 3400 1492 3472 rescripto
1505 3400 1621 3456 itteram
1643 3414 1751 3470 prepu-

71 3495 156 3552 tonis
172 3495 236 3568 igni
250 3496 354 3551 tradita
376 3495 463 3552 fuisse
478 3496 609 3568 queritur
632 3496 785 3567 (florentes,
808 3494 846 3549 oct
900 3493 986 3550 diesce
1000 3492 1035 3549 od
1051 3491 1184 3547 eumdem
1199 3490 1405 3561 imperatorem
1415 3504 1513 3561 proces
1527 3487 1751 3544 continebantur

75 3588 144 3652 3119,
169 3600 199 3640 a.
223 3588 281 3650 81).
310 3584 430 3641 lionorii
444 3584 535 3641 edicte
558 3583 692 3640 adscribit
706 3583 844 3638 baronius
900 3581 972 3652 (ced.
992 3581 1090 3636 Tbeed.
1106 3580 1140 3635 de
1158 3581 1268 3646 flaret,
1284 3580 1340 3649 the
1354 3578 1408 3650 37).

516 3851 774 3975 LIBER
833 3844 1220 3990 QUINTUS.

156 4032 201 4084 Do
212 4032 435 4105 Augustiniactis
450 4034 484 4089 ab
500 4048 568 4086 anno
585 4035 683 4086 Christi
701 4033 959 4100 quadringentesimo
975 4031 1008 4083 ad
1022 4047 1119 4082 aunum
1129 4018 1425 4098 'quadringentesimum
1439 4031 1572 4096 quintum.

734 4164 995 4180 ῃ

278 4274 391 4332 CAPUT
409 4275 558 4334 PltlllUtt.
897 4280 976 4346 rent3
999 4275 1044 4331 vcl
1054 4276 1116 4347 jem
1130 4274 1288 4345 credentes,
1303 4279 1444 4350 quantum
1458 4278 1600 4348 poterant,
1615 4275 1749 4348 agiunde

71 4364 148 4421 stator
170 4366 411 4434 Eeeaectisterum
430 4365 600 4422 ceeemdtom
614 4365 781 4423 demonstret
794 4365 842 4422 od·
896 4363 1126 4436 perturbabant:
1142 4368 1307 4438 eapropter
1327 4364 1503 4438 Augustinus
1516 4363 1674 4436 inspirante
1689 4366 1747 4422 [loo

71 4466 114 4509 cass
136 4453 270 4524 tsrftdelea.
295 4457 313 4510 A
326 4454 479 4526 Respondet
492 4456 531 4511 ed
542 4457 673 4512 tenueris·
686 4457 852 4526 inquisitio-¹
896 4453 1021 4511 decrevit
1031 4457 1147 4527 argutas
1168 4470 1269 4511 eorum
1287 4453 1502 4510 criminationes
1512 4457 1612 4508 centra
1625 4459 1749 4526 quatuor

77 4541 313 4600 ammte
327 4547 450 4602 eteorits
461 4546 585 4602 Ecclesia
594 4544 840 4602 cmuuctedietbus.
895 4542 1055 4612 praesertim
1088 4543 1250 4616 Evangelia,
1279 4543 1386 4598 herum
1419 4540 1600 4597 concordiam
1627 4541 1747 4598 demen-

71 4630 164 4689 mtto
186 4631 221 4688 dc
234 4633 318 4704 Opere
338 4635 539 4704 monachorum,
563 4636 594 4691 irc
611 4650 703 4692 cerum
721 4637 842 4703 gretiam
896 4632 1023 4701 strande,
1048 4632 1178 4688 refellere
1205 4647 1212 4687 :
1240 4633 1295 4688 llec
1316 4633 1388 4686 roim
1413 4631 1509 4698 selem,
1536 4629 1642 4703 inquit,
1667 4632 1749 4702 quest

80 4733 111 4777 ss
123 4721 186 4777 aar
199 4721 325 4778 meatem
340 4723 537 4791 troruiqebortt.
893 4723 1018 4791 peterere
1039 4737 1095 4778 sua
1116 4721 1247 4777 vocitetis
1270 4719 1394 4790 objicere,
1409 4719 1483 4790 quod
1495 4720 1551 4790 ipsi
1568 4720 1748 4790 Eeeegetista

71 4806 177 4867 ocem
191 4809 262 4865 dum
275 4811 412 4883 profanus
422 4810 609 4868 mentiterum
618 4812 738 4869 deorum
748 4812 841 4868 cultus
895 4813 966 4866 inter
978 4813 1088 4883 scipsos
1102 4811 1267 4867 dissentient
1279 4807 1331 4881 (ee
1340 4808 1418 4867 doris.
1432 4809 1552 4880 Beraq,
1568 4809 1617 4865 ue.
1636 4812 1661 4875 t,
1681 4825 1705 4864 c.
1717 4813 1746 4877 7,

71 4898 110 4955 »ro
130 4898 263 4956 Romane
287 4899 412 4974 imperio
433 4901 685 4971 exterminabatur,
707 4901 839 4958 laborou·
894 4919 923 4959 rr.
942 4903 1103 4977 10).Posito
1120 4901 1210 4976 igitur
1223 4901 1259 4957 ad
1274 4900 1391 4973 aliquod
1409 4903 1536 4974 tempus,
1551 4901 1631 4974 quod
1644 4900 1676 4957 in
1689 4916 1748 4957 ma·

71 4984 157 5045 unul
170 4987 238 5058 fnit,
253 4994 287 5046 ut
298 5006 332 5045 ea
344 5006 460 5064 quoque
470 4990 686 5062 dissiparentur,
704 4990 841 5063 quaeinti·
895 4992 979 5049 uibus
997 4992 1132 5060 babebat,
1157 5005 1244 5064 opere
1266 4989 1301 5045 de
1324 4988 1473 5058 trinitate,
1495 4988 1574 5046 aliud
1592 4989 1747 5046 admodum

83 5076 223 5161 adsersus
244 5079 354 5135 cultum
376 5079 503 5136 nominis
526 5079 630 5137 Christi
648 5081 837 5154 objectabant.
895 5080 1096 5150 neeessariam,
1118 5096 1176 5154 qno
1195 5093 1338 5134 summam
1367 5077 1611 5152 Evangetistamm
1628 5093 1744 5134 concor·

71 5166 203 5239 quamvis
217 5183 251 5224 eo
266 5168 330 5225 leco
352 5185 397 5225 res
419 5174 523 5238 essent,
539 5172 572 5226 ut
585 5168 627 5226 illi
645 5170 707 5241 jam
720 5168 796 5226 inter
810 5185 839 5224 so
894 5171 971 5228 diam
985 5170 1157 5238 ostenderet,
1172 5168 1297 5240 suscepit
1309 5167 1486 5241 perfecitque
1501 5168 1598 5225 lobene
1610 5166 1745 5224 continue

82 5255 243 5313 ulumnias
261 5273 327 5314 suas
349 5259 501 5314 mussitare
515 5258 562 5314 uix
585 5257 737 5329 auderent,
758 5275 838 5315 eom·
894 5261 1023 5331 (Retrect.
1040 5259 1088 5315 uo.
1104 5262 1131 5326 2,
1145 5274 1206 5330 cup.
1225 5256 1280 5331 16).
1296 5258 1378 5314 Haud
1387 5258 1429 5314 ibi
1442 5257 1554 5313 silentiu
1564 5255 1745 5329 prateritei-

71 5343 153 5403 lllde
175 5346 311 5404 &ndum
334 5350 364 5403 ct
384 5347 515 5404 emnium
539 5347 688 5404 devotione
715 5350 838 5420 pepule-
894 5350 1096 5420 mulacraquae
1111 5346 1245 5403 Gentium
1256 5346 1577 5418 caecitasadorabatpar
1588 5344 1619 5401 id
1628 5347 1745 5418 tempe·

71 5440 288 5494 .scrumtamcn
303 5435 371 5508 quia
385 5439 537 5493 nonnullos
550 5437 644 5494 adbuc
654 5437 839 5495 calumniosis
894 5439 933 5494 ris
948 5440 1029 5512 jussu
1045 5437 1253 5510 imperatorum
1266 5437 1356 5495 deleri
1370 5436 1418 5510 (oe
1429 5438 1507 5495 Coos.
1523 5436 1631 5505 auom.
1646 5435 1695 5492 tib.
1717 5438 1743 5503 l,

71 5523 228 5584 latiorum
240 5525 301 5582 suis
319 5528 363 5582 vel
382 5525 595 5584 retardabanta
608 5527 675 5596 tide,
691 5528 837 5600 nocrede-
892 5546 929 5585 cc.
957 5531 1001 5596 20,
1030 5527 1077 5597 tt)
1099 5542 1106 5583 ε
1134 5528 1211 5600 qued
1239 5529 1409 5601 argumente
1432 5527 1485 5592 ost,
1499 5539 1565 5579 cum
1584 5524 1744 5599 operilruic
