3884 6112
745 260 832 319 Vtra
850 257 882 315 S.
905 251 1099 314 AUGUS'l’lNl
1119 248 1289 307 EPISCOPI.

141 395 270 465 miraque
278 387 388 462 ingenii
442 384 704 443 ertiadiliicillimns
717 398 845 458 quasque
854 379 988 454 quastio-

140 479 386 538 nesscrutabatur.
398 479 463 536 Uram
472 482 549 544 esset,
558 476 597 531 ait
605 469 989 547 Augustinus,rerumobscu·

26 610 29 615 ,
137 558 989 638 rarumaddmtrirrampietatismacimepertinentiumditiqen·

138 647 989 725 tissimusetacerrimusinquisitor,oaldeoderatdequaestione

138 762 239 817 muqna
249 746 446 816 responsionem
456 743 569 797 brevem.
582 743 617 796 Et
625 740 749 810 quisquis
759 739 806 792 bac
814 734 987 806 poposcisset,

138 836 278 906 egerrime
292 831 408 901 ferebat,
433 845 556 898 rumque,
585 830 610 882 si
623 828 683 897 ejus
700 840 815 897 persona
837 826 988 894 pateretur,

138 925 217 980 uultu
228 919 452 990 indignabundus
464 923 489 972 et
508 931 570 971 uoce
583 915 732 980 cobibebat,
744 913 887 980 iudignum
901 910 990 979 deper-

138 1018 200 1068 tuns
215 1013 263 1080 qui
271 1010 340 1064 tutia
354 1011 494 1077 quereret,
507 1021 567 1060 cum
577 1004 611 1059 de
620 1019 649 1058 re
658 1008 736 1058 tanta
748 1017 829 1072 quum
838 1000 924 1056 multa
935 998 991 1052 diei

138 1104 247 1174 possent
261 1098 438 1166 deberentque
451 1097 564 1151 nesciret
587 1094 687 1165 (Epist.
705 1095 750 1160 98,
773 1108 801 1147 u.
816 1093 856 1161 8).
872 1091 942 1146 Cum
957 1104 990 1144 eo

139 1193 167 1246 et
179 1187 281 1260 Alypio
296 1185 421 1242 maxime
434 1200 465 1240 ec
484 1183 706 1240 familiarissima
720 1182 754 1237 de
770 1180 828 1237 suis
842 1183 908 1235 autc
921 1194 989 1233 cou-

137 1277 299 1335 versionem
313 1275 389 1330 curis
401 1273 630 1329 communicabat
639 1271 769 1343 (consess.
780 1270 827 1325 lib.
841 1273 867 1336 6,
883 1283 943 1338 cap.
959 1271 989 1328 7,

136 1382 165 1423 a.
182 1365 238 1436 ll);
252 1369 367 1435 tresque
380 1362 434 1417 bos
449 1360 555 1416 amicos
578 1359 678 1414 eadem
693 1356 851 1413 sollicitudo
871 1355 990 1411 vexabat

138 1454 232 1527 (ibid,
246 1469 273 1508 n.
298 1453 351 1522 ¹7l·
377 1453 450 1506 Dum
474 1448 650 1522 Augustinus
663 1448 697 1503 ad
713 1446 857 1503 Christum
871 1461 988 1500 conver·

138 1558 187 1597 sus
201 1545 255 1608 est,
272 1539 423 1595 Nebridius
436 1539 543 1594 aberat.
558 1539 695 1594 Amicitia
712 1539 781 1591 enim
795 1539 893 1590 nostra
906 1548 987 1589 cesse-

138 1634 194 1698 rat,
205 1630 244 1684 ait
256 1627 443 1699 Augustinus,
459 1631 489 1682 ut
503 1629 622 1682 omnium
635 1629 758 1681 nostrum
770 1623 988 1693 familiarissimo

140 1716 296 1776 Verecunda
309 1716 504 1772 Mediolanensi
523 1717 577 1770 ciui
591 1718 616 1769 et
634 1715 811 1784 pneumatice
822 1711 986 1777 subdoceret,

137 1807 304 1863 uehementer
326 1803 495 1858 desideranti
518 1807 542 1857 ot
555 1803 759 1870 familiaritatis
771 1801 835 1871 jure
848 1801 990 1870 napitanti

138 1894 172 1949 de
182 1907 293 1947 numero
305 1889 667 1960 nostrofideleadiutorium,
678 1905 730 1960 quo
739 1889 881 1958 indigebat
893 1889 986 1942 nimis.

136 1983 197 2039 Non
209 1983 302 2050 itaque
311 1979 471 2037 Nebridium
481 1977 619 2048 cupiditas
634 1977 866 2034 commodorumeo
881 1978 986 2043 uouit,

136 2068 245 2139 maiora
258 2069 330 2122 enim
339 2070 429 2138 posset
442 2068 468 2121 si
479 2066 558 2121 uellet
571 2066 604 2120 de
616 2067 713 2122 litteris
727 2081 824 2134 aque:
838 2064 886 2120 sed
898 2066 988 2133 officio

138 2157 324 2213 beneuolentiae
335 2157 491 2226 petitionem
505 2158 628 2209 nostram
641 2158 805 2209 eanmmnere
818 2153 904 2208 notuit
918 2155 987 2206 ami-

137 2261 184 2301 cus
198 2245 370 2300 dulcissimus
384 2247 409 2297 et
423 2245 593 2298 mitissimus.
612 2244 718 2312 Aqebat
731 2245 821 2297 autem
836 2240 906 2295 iliud
915 2257 988 2312 pru-

137 2333 293 2389 dentissime
303 2347 398 2387 carens
407 2333 570 2386 innotescere
582 2332 704 2401 personis
716 2329 861 2386 secundum
875 2329 922 2384 boc
941 2344 989 2383 sse·

138 2423 227 2478 culum
246 2420 406 2490 majoribus,
421 2419 545 2474 devitans
559 2421 588 2474 in
602 2421 640 2474 eis
657 2434 759 2473 omnem
772 2418 988 2488 inquietudinem

138 2513 234 2578 animi,
251 2526 328 2581 quem
355 2508 459 2565 uolebat
480 2509 576 2564 babere
599 2509 721 2575 liberum,
737 2513 763 2563 et
784 2524 867 2579 quam
893 2510 987 2564 multis

134 2603 226 2670 posset
240 2600 314 2654 boris
327 2599 457 2666 semotum
467 2598 505 2652 ad
525 2597 697 2667 quaerendum
711 2598 830 2667 aliquid,
845 2596 886 2652 uel
900 2598 987 2664 leuem

137 2686 213 2754 dum,
228 2688 270 2742 cel
284 2686 448 2742 audiendum
462 2686 504 2741 'de
514 2687 649 2757 sapientia
663 2685 762 2757 (Ibid,
779 2686 827 2741 tib.
844 2688 870 2751 8,
884 2701 944 2756 cap.
959 2689 987 2756 6,

137 2791 167 2831 n.
185 2774 240 2845 13).
522 2768 525 2774 ’

172 2865 200 2918 2.
216 2862 287 2918 Cum
299 2861 353 2918 hac
366 2861 456 2934 igitur
469 2861 656 2934 omnipationa
678 2861 820 2918 distentus
834 2861 987 2918 Nebridius

136 2950 330 3023 Augustinum
350 2950 380 3005 iu
394 2951 489 3006 villam
505 2951 683 3006 secedentem
700 2950 781 3023 sequi
796 2967 854 3006 aaa
875 2951 987 3023 potuis·

136 3042 186 3105 set,
203 3038 311 3093 mutuis
321 3037 448 3109 epistolis
461 3038 616 3095 amicitiam
631 3038 765 3094 foverunt
780 3038 879 3110 (lbid.,
896 3039 944 3095 lib.
957 3040 985 3107 9,

136 3140 197 3196 cap.
213 3127 240 3190 t,
256 3142 284 3181 n.
299 3126 339 3194 7).
349 3127 425 3181 luter
439 3142 486 3180 cus
495 3126 570 3181 haud
583 3126 669 3181 dubie
680 3127 859 3182 numeranda
872 3130 915 3182 cst
924 3127 987 3199 epi·

135 3215 209 3269 stole
219 3214 313 3281 tertia,
329 3229 363 3269 ex
378 3229 435 3285 qua
449 3218 537 3286 patet,
554 3214 642 3270 libros
656 3215 692 3269 ab
707 3215 867 3288 Augustino
888 3231 985 3272 mense

136 3301 285 3358 novembri
295 3306 360 3357 unte
370 3301 529 3374 soliloquia
542 3303 717 3375 compositus
732 3304 865 3359 Nebridio
880 3304 987 3374 legenti

135 3390 206 3445 adeo
222 3388 360 3460 arrisisse,
375 3389 560 3462 utgestientis
570 3391 660 3447 animi
675 3396 753 3447 motu
764 3392 985 3464 velutabreptus

63 3530 64 3534 ,
135 3478 282 3535 continere
291 3495 321 3534 se
331 3495 389 3534 uon
399 3479 535 3550 potuerit,
548 3480 704 3552 quominus
714 3497 780 3536 aum
790 3480 905 3535 beatum
915 3497 987 3536 urin·

135 3571 262 3639 cuperet.
279 3567 336 3623 Sua
350 3567 439 3640 igitur
448 3566 491 3623 illi
506 3568 683 3640 Augustinus
696 3569 843 3640 superbae
856 3584 888 3623 re
903 3585 986 3624 seusa

135 3656 306 3729 exponit,‚et
322 3655 357 3712 de
372 3657 431 3711 scis
446 3657 573 3729 loquitur
588 3656 752 3730 Soliloquis.
769 3657 821 3714 Ubi
835 3659 983 3727 conclusit,

135 3744 166 3800 iu
180 3745 277 3800 animo
289 3759 350 3799 esse
362 3745 521 3813 veritatem,
534 3745 670 3800 iumenta
684 3745 822 3801 nimirum
837 3751 923 3819 atquc
937 3747 984 3802 in·

133 3831 303 3904 telligeutia,
328 3832 447 3888 subdit:
472 3833 545 3899 Quid
568 3834 631 3888 buia
650 3834 837 3890 adaersmm?
860 3836 984 3893 auur

133 3920 320 3977 Resistendum
334 3936 396 3988 erpo
416 3921 536 3976 sensibus
551 3923 613 3976 totis
626 3925 713 3978 animi
727 3922 855 3979 uiribus?
874 3925 983 3994 Liquet.

133 4008 219 4077 Quid,
233 4011 258 4064 si
274 4009 414 4064 sensibilia
427 4010 542 4064 nimium
564 4009 899 4066 mercennariorum
916 4013 984 4068 delc-

132 4101 213 4153 otent.
230 4097 305 4153 Unde
317 4097 373 4168 pt?
386 4098 582 4155 cousuetudine
593 4101 629 4155 iis
647 4100 768 4168 carendi,
785 4102 983 4171 appetendique

132 4187 244 4242 meliora
255 4186 367 4257 (Epist.
385 4189 412 4254 3,
429 4202 460 4243 n.
485 4187 520 4257 4).
537 4186 623 4242 Addit
637 4191 665 4242 et
679 4188 750 4243 illud
766 4205 794 4243 se
814 4189 844 4244 in
865 4206 916 4244 sao
939 4207 981 4244 se·

132 4289 213 4330 cessu
227 4275 373 4332 evidenter
387 4274 546 4347 agnovisse,
567 4276 657 4331 animi
671 4276 889 4348 beatitudiuem,
916 4279 982 4334 licet

131 4361 157 4417 is
170 4363 407 4419 immortalisuoa
420 4368 504 4432 asset,
514 4363 545 4418 in
559 4380 656 4420 rerum
670 4365 848 4422 sensibilium
861 4367 981 4423 delecta·

130 4447 210 4504 Uene
237 4465 270 4505 ec
283 4448 419 4506 fruitione
439 4466 498 4505 non
521 4466 603 4522 posse
619 4451 783 4508 consistere.
806 4454 838 4508 ln
853 4458 980 4508 extrema

130 4541 212 4607 perte
227 4536 354 4609 epistolae
367 4537 477 4609 aliquot
490 4538 533 4594 illi
547 4539 581 4594 de
596 4539 748 4594 verborum
770 4541 980 4612 conjugationi-

129 4623 184 4680 bus
198 4624 421 4697 quaestiunculas
429 4626 566 4699 proponit
579 4626 671 4698 (ibid,
681 4643 709 4682 n.
726 4628 752 4699 5)
765 4645 772 4682 :
785 4628 862 4700 quad
874 4629 979 4685 rubum

128 4709 221 4766 rideri
239 4711 327 4784 possit
354 4712 384 4768 iu
409 4714 579 4785 Augustino,
596 4713 646 4787 qui
669 4717 698 4769 et
719 4714 935 4785 grammaticam
950 4722 980 4772 ct

26 4842 30 4848 .
128 4798 301 4855 rhetoricam
324 4801 471 4871 professus
485 4802 586 4857 iuerat.
609 4801 653 4856 Ad
667 4800 745 4857 idem
771 4805 884 4874 tempus
905 4805 979 4860 rete-

129 4888 219 4944 reude
232 4904 348 4962 quoque
358 4890 470 4946 videtur
481 4892 603 4963 epistola
613 4895 724 4964 quarta,
736 4907 803 4946 cum
816 4891 909 4948 adhuc
918 4909 977 4948 sure

127 4976 234 5033 mentis
248 4978 344 5033 ocutos
358 4977 434 5033 curis
447 4979 628 5050 perturbatos
642 4985 671 5035 et
685 4996 783 5035 reram
796 4980 975 5037 sensibilium

126 5064 219 5137 plagis
232 5064 394 5121 debilitatos
417 5066 564 5123 sublevare
577 5069 602 5123 ei
624 5084 739 5125 necesse
753 5072 843 5136 asset;
862 5073 895 5124 ut
909 5087 974 5141 per-

125 5153 377 5222 suasumhabcret,
387 5154 436 5210 illa
446 5171 511 5227 quse
519 5155 719 5229 intelligimus,
728 5157 821 5230 magis
830 5173 976 5230 versasse,

126 5254 214 5311 quam
236 5241 292 5298 iste
318 5258 384 5316 quoe
407 5243 636 5316 oculissubjecte
654 5247 807 5302 cernimus.
835 5247 879 5302 Ad
898 5249 975 5321 quod

126 5330 333 5398 perducebatur
342 5332 396 5387 hac
409 5331 536 5387 Nebridii
551 5331 778 5401 ratiocinatione,
790 5336 918 5390 mentem
933 5334 974 5388 ui·

124 5415 231 5473 mirum
240 5424 327 5493 atque
337 5419 558 5493 intelligentiam
571 5420 716 5493 corporeis
732 5422 822 5478 oculis
831 5423 923 5479 ethoc
932 5439 975 5478 as·

123 5508 210 5574 pactu
223 5507 334 5579 vulgari
355 5525 416 5566 essa
430 5509 590 5580 meliorem,
605 5525 700 5584 neque
716 5510 771 5568 hoe
784 5512 826 5568 ita
839 5512 971 5569 laturum

1843 242 1894 296 tio

1048 376 1146 444 luisse,
1160 373 1216 430 nisi
1233 371 1325 444 magis
1339 373 1433 426 esseut
1446 368 1496 424 illa
1509 383 1574 440 quse
1589 366 1789 436 intelligimus,
1804 381 1892 439 quam

1044 465 1100 520 ista
1114 480 1179 536 quae
1194 463 1346 519 cernimus.
1367 462 1407 515 Aa
1421 459 1487 514 licet
1506 474 1523 512 a
1542 457 1678 513 Nebridio
1691 459 1781 527 petat,
1798 459 1894 511 utrum

1043 552 1111 609 huic
1131 548 1342 607 ratiocinationi
1364 548 1437 604 nihil
1451 547 1544 602 valida
1563 546 1714 602 inimicum
1731 545 1778 613 sit,
1799 561 1896 601 secum

1043 641 1217 708 cousideret;
1238 656 1273 695 ea
1297 643 1392 695 tamea
1413 636 1468 708 ipsi
1491 636 1531 690 ita
1550 634 1654 700 arrisit,
1680 638 1713 689 ut
1731 649 1797 689 aava
1820 637 1896 705 post

1044 730 1163 786 modum
1184 728 1293 784 insuia
1317 730 1415 782 cantra
1435 725 1604 781 Manichacus
1625 723 1706 779 libris
1730 721 1896 778 adhibuerit

1044 819 1097 891 (lte
1116 818 1227 875 Duabus
1244 818 1351 885 Anim,
1373 831 1402 870 n.
1424 814 1460 885 3).
1480 815 1535 869 liae
1557 827 1603 881 eqo
1617 813 1726 867 interim
1746 814 1894 877 recreatus,

1044 907 1185 962 scribitad
1195 904 1373 972 Nebridium,
1385 919 1445 959 oum
1456 905 1506 958 er
1516 901 1546 956 in
1556 901 1693 956 auritium
1703 900 1857 970 deprecato,
1870 905 1895 953 et

1044 998 1074 1050 in
1088 997 1187 1066 ipsum,
1203 999 1228 1050 et
1249 996 1278 1049 in
1292 1009 1324 1049 ea
1338 1007 1397 1062 quse
1410 993 1549 1048 uerissime
1562 1005 1628 1045 uera
1648 992 1723 1058 suut,
1739 990 1832 1043 attolli
1844 1004 1894 1042 cu-

1042 1099 1117 1154 pero,
1144 1087 1222 1139 tanto
1243 1095 1436 1149 nonnunquam
1456 1094 1548 1134 rorum
1571 1079 1738 1132 manentium
1759 1091 1895 1147 psamm-

1044 1174 1134 1242 ptiane
1148 1173 1289 1242 compleor,
1307 1174 1338 1225 ut
1350 1171 1436 1224 muer
1455 1168 1592 1223 interdum
1604 1167 1654 1222 illo
1668 1165 1739 1220 mibi
1753 1180 1821 1235 opus
1840 1179 1896 1219 esse

1043 1262 1259 1328 ratiocinatione,
1275 1263 1306 1314 ut
1330 1260 1383 1314 bae
1406 1273 1461 1313 esse
1479 1256 1597 1326 credam,
1621 1270 1680 1325 quse
1704 1259 1780 1310 tanta
1801 1256 1896 1309 insunt

1043 1351 1198 1422 prasentia,
1214 1353 1318 1418 quanta
1331 1348 1385 1403 sibi
1397 1345 1510 1418 quisque
1522 1348 1560 1400 sit
1572 1359 1690 1415 praesens
1704 1342 1809 1414 (Epist.
1822 1343 1849 1410 i,
1864 1359 1894 1398 n.

1043 1441 1083 1508 t).
1107 1439 1164 1493 llac
1187 1436 1307 1509 epistula
1333 1435 1487 1507 respondet
1510 1432 1643 1489 Nebridio
1666 1431 1838 1503 postulanti,
1863 1434 1896 1485 ut

1043 1531 1185 1600 quantum
1199 1525 1229 1580 in
1245 1525 1315 1593 otio,
1326 1509 1386 1596 'quo
1399 1524 1556 1592 fruebatur,
1567 1521 1598 1577 iu
1613 1519 1798 1577 sensibilibus
1810 1524 1840 1575 et
1853 1520 1895 1575 iu·

1043 1615 1239 1688 telligibilibus
1253 1612 1448 1669 discernendis
1471 1610 1648 1683 profecisset,
1663 1609 1717 1664 sibi
1739 1624 1792 1681 per
1815 1608 1893 1664 litte·

1042 1722 1089 1761 ras
1104 1705 1254 1760 indicaret.
1278 1703 1321 1758 Ad
1336 1703 1397 1757 haec
1416 1700 1581 1773 respondet,
1597 1699 1627 1754 in
1646 1698 1682 1754 iis
1697 1697 1737 1753 ita
1757 1713 1787 1753 se
1806 1697 1895 1769 proii-

1043 1808 1118 1863 cere,
1133 1796 1166 1847 ut
1179 1808 1232 1864 per
1245 1795 1359 1846 atatem
1381 1789 1521 1862 paulatim
1539 1788 1725 1860 proficimus:
1743 1786 1772 1841 in
1788 1786 1836 1842 his
1853 1794 1895 1841 ta·

1043 1898 1110 1938 men
1126 1882 1217 1937 adhuc
1237 1897 1266 1936 se
1280 1896 1404 1953 puerum
1423 1895 1495 1945 esse,
1510 1878 1557 1933 sed
1580 1878 1652 1933 forte
1667 1878 1744 1934 bons
1757 1893 1810 1948 spa
1825 1892 1897 1949 prse-

1044 1971 1146 2027 ditum.
1161 1971 1192 2027 ld
1212 1969 1351 2043 temporis
1367 1967 1519 2024 Nebridius
1542 1967 1629 2021 uallis
1649 1967 1742 2021 adhuc
1765 1966 1896 2021 Ecclesia

1043 2059 1129 2115 sacris
1144 2058 1282 2127 imbutas,
1302 2058 1430 2113 nandum
1450 2061 1510 2111 erat
1527 2054 1710 2122 christianus,
1726 2054 1776 2109 sed
1801 2058 1895 2108 umen

1043 2147 1241 2203 ardentissimo
1256 2146 1350 2201 studia
1359 2144 1508 2200 veritatem
1523 2142 1687 2214 inquirebat
1696 2143 1828 2213 (confess.
1843 2142 1892 2196 tib.

1043 2240 1070 2294 s.
1085 2253 1145 2306 cup.
1162 2240 1189 2303 3,
1212 2253 1240 2291 n.
1257 2236 1293 2305 6).
1319 2236 1351 2290 Et
1372 2234 1502 2306 quamvis
1523 2231 1701 2304 Augustinus
1723 2231 1796 2287 dum
1816 2247 1846 2286 se
1862 2231 1895 2286 ed

1043 2325 1187 2382 Christum
1202 2323 1351 2390 convertit,
1363 2322 1513 2377 consilium
1531 2320 1649 2376 cedendi
1661 2318 1822 2375 Mediolano
1836 2335 1891 2373 cae-

1042 2413 1140 2486 pisset,
1157 2430 1190 2468 ex
1205 2429 1262 2486 quo
1278 2412 1403 2468 discessu
1417 2410 1560 2467 orbandus
1578 2409 1626 2464 ille
1640 2412 1702 2464 erat
1720 2407 1807 2463 amici
1825 2424 1893 2463 cou-

1042 2502 1209 2572 suetudiue;
1225 2502 1297 2557 hanc
1311 2505 1407 2556 tamen
1426 2498 1481 2572 ipsi
1495 2497 1689 2554 conversionis
1703 2497 1811 2552 bonam
1829 2513 1891 2568 gra·

1042 2591 1112 2646 tiam
1123 2591 1338 2663 gratulabatur:
1356 2607 1373 2645 a
1388 2605 1444 2660 qua
1457 2588 1517 2660 ipsa
1533 2603 1590 2643 uon
1605 2588 1689 2657 longa
1704 2586 1814 2653 aberet,
1830 2602 1891 2640 cum

1041 2680 1195 2752 Augustini
1219 2679 1380 2751 exemplum
1400 2678 1518 2750 jamjam
1542 2680 1616 2731 asset
1635 2680 1802 2742 secuturum
1825 2690 1889 2729 nam

1042 2768 1118 2824 head
1133 2769 1223 2824 multo
1238 2772 1305 2838 post
1316 2767 1411 2839 ipsum
1426 2782 1506 2821 sacro
1519 2765 1598 2820 tonte
1610 2765 1746 2820 lustratus
1760 2769 1815 2820 est.

1379 2855 1492 2912 CAPUT
1511 2855 1556 2909 lll.

1043 2949 1054 3001 t
1077 2944 1259 3001 Mediolanum
1279 2944 1352 3001 redit
1374 2944 1545 3013 Auqustinus
1566 2943 1682 2998 daturus
1703 2957 1803 2998 nomen
1823 2942 1889 2997 inter

1077 3037 1264 3106 Competentes.
1295 3036 1311 3089 2
1339 3036 1444 3089 lrrterea
1474 3035 1601 3103 temporis
1627 3033 1661 3088 de
1684 3033 1887 3089 lmmortolitatc

1076 3127 1174 3180 anima
1186 3124 1286 3178 librum
1303 3138 1396 3189 unum,
1415 3125 1440 3176 et
1458 3122 1571 3192 aliquod
1591 3120 1660 3176 alim
1679 3120 1712 3176 de
1732 3121 1888 3178 liberalibus

1077 3214 1232 3282 disciplinis
1244 3212 1344 3267 ibidem
1358 3211 1463 3268 scribit.
1477 3213 1669 3282 tltaptismum
1683 3211 1824 3267 sacerdote
1833 3212 1890 3266 Am·

1078 3302 1166 3358 brasio
1184 3302 1355 3356 ministrante
1377 3303 1535 3370 raecipiti
1554 3302 1678 3356 Mensis
1692 3315 1724 3355 ea
1743 3300 1779 3354 de
1792 3316 1822 3356 re
1834 3315 1890 3370 gra

1077 3391 1174 3445 tutatio
1194 3405 1226 3444 ac
1245 3390 1384 3444 latitiab
1410 3389 1472 3455 Qua
1490 3391 1626 3444 occauoue
1647 3388 1798 3444 Mediolani
1814 3391 1889 3443 insti-

1077 3483 1165 3534 tutum
1180 3493 1235 3533 mos
1250 3477 1367 3532 currendi
1385 3479 1498 3547 ltpmnos
1514 3481 1540 3531 et
1560 3478 1678 3547 psalmos
1695 3479 1726 3532 in
1739 3478 1859 3533 ecclesio.
1874 3480 1888 3530 6

1076 3568 1258 3635 Augustinus,
1274 3567 1396 3621 omnibus
1411 3565 1558 3632 abdicatis,
1572 3567 1744 3636 propositum
1757 3565 1889 3622 sarciendi

1075 3659 1127 3712 Deo
1147 3657 1288 3727 amplexus
1310 3655 1438 3726 adiungit
1460 3656 1567 3724 aliquos
1594 3655 1650 3709 sibi
1668 3657 1753 3710 socios
1773 3654 1888 3726 ejusdem

1073 3745 1217 3814 propositi.
1236 3746 1446 3797 ocremeatcum
1460 3743 1518 3797 illis
1538 3744 1568 3797 in
1587 3742 1725 3810 Africam.

1076 3835 1100 3887 l.
1123 3831 1176 3887 Ubi
1197 3835 1311 3902 tempus
1333 3830 1456 3898 advenit,
1475 3848 1532 3903 quo
1553 3832 1589 3887 ad
1614 3847 1723 3887 sacram
1738 3848 1888 3905 regenere-

1039 3920 1145 3976 tiouem
1167 3919 1364 3975 catechumeni
1383 3920 1501 3975 uomina
1521 3920 1599 3988 dare,
1615 3936 1702 3993 seque
1719 3919 1751 3975 iu
1770 3921 1888 3992 Compe-

1037 4009 1160 4064 tentium
1176 4025 1297 4065 numero
1315 4024 1455 4081 reponere
1478 4008 1659 4078 tenebantur,
1688 4009 1767 4082 quod
1790 4010 1888 4065 saltem

1037 4099 1090 4154 sub
1104 4097 1218 4153 initium
1238 4097 1467 4169 Quadragcsimse
1488 4097 1552 4154 fieri
1574 4103 1772 4166 consueverat,
1795 4101 1888 4170 Augu·

1037 4187 1128 4242 stinus
1142 4202 1208 4241 rure
1218 4187 1317 4241 relicto
1331 4187 1524 4242 Mediolanum
1533 4186 1619 4242 rediit
1630 4202 1689 4241 una
1698 4203 1763 4241 cum
1774 4187 1885 4258 Alypio,

1036 4276 1087 4349 qui
1101 4292 1166 4331 cum
1180 4275 1242 4349 ipso
1257 4276 1366 4332 renasci
1386 4276 1416 4332 iu
1432 4276 1543 4333 Christo
1562 4275 1710 4348 cupiebat;
1735 4292 1886 4349 secumque

1035 4365 1126 4421 tilium
1141 4381 1226 4420 arsum
1239 4365 1420 4421 Adeodatum
1431 4365 1559 4436 adduxit,
1572 4365 1701 4437 ejusdem
1712 4366 1813 4437 gratim
1823 4382 1886 4421 cou-

1034 4456 1139 4506 sortem
1154 4451 1294 4518 futurum,
1318 4456 1405 4524 atque
1428 4451 1550 4508 subinde
1574 4452 1605 4507 iu
1627 4468 1727 4508 corum
1751 4452 1884 4508 societate

1034 4539 1196 4595 christianis
1209 4540 1337 4595 moribus
1349 4544 1377 4595 et
1387 4540 1526 4596 institutis
1536 4540 1736 4596 imbuendum.
1746 4541 1810 4596 lem
1821 4555 1885 4594 sane

1034 4633 1095 4684 erat
1113 4629 1231 4702 Alypius
1249 4629 1412 4685 humilitate
1433 4629 1623 4686 sacramentis
1641 4629 1806 4684 christianis
1820 4645 1884 4683 eou-

1033 4734 1105 4790 grua
1119 4717 1246 4785 indutus,
1258 4718 1427 4774 fortissimus
1441 4718 1566 4774 domitor
1579 4718 1715 4791 corporis.
1732 4734 1826 4790 usque
1852 4717 1885 4773 ad

1034 4806 1164 4863 Italicum
1183 4807 1276 4861 solum
1292 4807 1411 4878 glaciale
1426 4807 1502 4862 nudo
1517 4807 1588 4878 pede
1603 4806 1795 4863 obterendum
1814 4806 1885 4862 inse

1033 4895 1082 4950 lito
1097 4911 1166 4951 ausu
1190 4895 1323 4967 (consess.
1345 4896 1391 4951 lib.
1408 4899 1435 4962 9,
1455 4911 1517 4966 cap.
1535 4899 1561 4959 6,
1582 4911 1600 4950 u
1629 4898 1683 4965 lt).
1704 4896 1768 4968 lpse
1789 4900 1885 4951 autem

1031 4983 1207 5054 Augustinus
1221 4999 1309 5056 quam
1322 4982 1426 5039 idonee
1439 4988 1621 5055 comparatus
1635 4986 1719 5051 asset,
1739 5000 1775 5039 ex
1790 4984 1828 5038 iis
1841 4983 1886 5038 ia·

1030 5071 1198 5143 telligimus,
1212 5088 1277 5144 quae
1293 5072 1390 5128 multis
1410 5076 1476 5143 post
1492 5072 1576 5126 aunis
1590 5077 1620 5128 et
1635 5073 1669 5127 de
1684 5088 1715 5126 se
1725 5072 1788 5144 ipso
1803 5076 1833 5128 et
1851 5072 1885 5129 de

1031 5159 1094 5214 eliis
1109 5159 1237 5231 scripsit:
1261 5161 1308 5215 Au
1321 5174 1406 5230 usque
1424 5159 1490 5214 adeo
1511 5159 1715 5215 dissimulamus
1729 5175 1748 5214 o
1760 5160 1885 5215 seresibus

1029 5250 1141 5318 nostris,
1155 5249 1236 5303 utuel
1248 5262 1296 5304 noe
1311 5250 1383 5319 ipsos
1392 5263 1445 5303 nou
1456 5247 1638 5317 recordemur,
1653 5263 1735 5318 quam
1747 5250 1886 5317 monimus

1030 5337 1128 5391 attenti
1140 5339 1222 5405 atque
1236 5337 1357 5404 solliciti,
1374 5337 1528 5406 quidnobis
1547 5339 1726 5408 preciperent
1747 5353 1766 5392 a
1784 5337 1885 5407 quibus

1029 5425 1274 5495 catechizabamur,
1285 5440 1345 5480 aare
1356 5427 1442 5493 fontis
1453 5427 1708 5481 illiussacramenta
1718 5431 1883 5498 peteremus,

1033 5516 1115 5585 atque
1128 5512 1162 5567 ab
1176 5514 1225 5569 boe
1239 5513 1410 5584 conpetenter
1424 5515 1506 5571 etiam
1518 5515 1695 5571 accusemur?
1715 5515 1763 5585 (lte
1779 5515 1844 5571 Fide
1861 5520 1887 5571 et
