3884 6112
674 248 1000 312 unnnsacurmus.
1648 263 1720 322 ,354

70 370 258 427 ammixtione
287 370 410 443 denique
427 372 479 428 liei
505 377 565 429 tarn
586 373 725 445 infirmos,
749 379 809 430 tam
867 377 1140 448 qoaenoraquadam
1149 376 1289 434 divisione
1299 372 1630 453 predicaris,i1uom0do
1638 384 1717 441 inclu

71 462 120 516 llos
134 476 194 516 esse
214 460 352 531 redditos,
368 465 400 517 ut
424 468 518 535 neque
541 463 698 536 quidquam
712 464 808 520 videa·
865 465 939 520 datis
950 464 1080 521 omnium
1092 457 1274 538 peccatorum
1287 468 1488 541 purgationem
1501 487 1560 527 non
1569 472 1715 530 invenitis.

87 549 219 613 tenebris,
235 553 265 605 et
287 550 355 605 solis
368 555 514 622 aspectum
535 553 615 608 nullo
634 553 720 610 modo
735 553 810 609 ferre
866 555 979 611 CAPUT
992 556 1035 611 xl.
1047 583 1080 597 -
1097 557 1274 624 siqaacatum
1288 560 1343 614 oris
1357 561 1435 628 quam
1451 561 1529 630 apud
1543 560 1716 630 Mauictaeos,

71 655 113 707 us,
135 645 220 710 atqua
247 638 315 695 inde
331 641 469 709 conversi,
484 641 571 698 etiam
598 659 664 715 qua
689 661 705 699 a
727 644 810 699 nobis
919 645 968 713 qui
982 644 1157 715 blasphemie
1171 647 1201 700 tn
1220 647 1309 701 Deum
1323 650 1364 703 rer'
1381 663 1437 704 esse
1450 651 1656 706 convincuatur.

71 733 143 799 ntur,
156 730 344 800 quaeramus?
900 735 944 787 20.
960 731 1015 789 Sed
1037 733 1156 789 dividite
1170 738 1204 790 ut
1222 736 1316 804 vultis,
1338 737 1549 808 praetermittite
1573 739 1714 812 quidquid

71 818 124 872 lac
146 817 203 873 dici
217 823 346 889 possunt,
366 817 452 873 etiam
479 817 503 874 si
526 820 671 892 corruptio
700 821 809 876 malum
864 821 965 877 vultis:
989 837 1024 878 ea
1045 838 1111 894 quas
1125 823 1248 878 maxime
1268 825 1363 880 soletis
1378 826 1589 894 commendare,
1609 831 1717 884 tracte-

71 906 104 960 od
119 922 201 977 oeque
214 922 300 961 nemo
311 906 447 978 ambigit:
468 924 527 963 non
541 908 618 963 enirn
631 913 698 965 tunc
712 909 809 964 fumus
864 925 938 964 mus.
955 909 997 965 Ad
1015 909 1072 965 oris
1086 911 1164 966 enirn
1184 912 1364 984 signaculum
1386 915 1479 970 dicitis
1504 916 1659 987 portinere,
1681 917 1716 972 ab

71 997 166 1066 rpebat
183 1010 274 1066 genus
289 995 467 1064 animalium,
482 996 558 1069 quod
579 998 665 1054 modo
679 1014 809 1054 corrum-
865 997 946 1053 omni
963 999 1109 1054 continere
1131 1000 1319 1074 blasphemia.
1345 1005 1392 1058 Est
1407 1009 1503 1058 autem
1522 1005 1710 1076 blasphemia,

88 1101 124 1139 ne
147 1100 267 1156 pergam
291 1102 343 1158 per
366 1086 490 1158 singula,
507 1088 583 1160 quod
598 1089 716 1160 longum
729 1092 808 1144 estet
863 1102 929 1140 cum
943 1086 1042 1159 aliqua
1054 1087 1129 1143 mala
1142 1088 1278 1145 dicuntur
1292 1091 1429 1148 debonis.
1440 1092 1539 1165 ltaque
1551 1093 1611 1163 jam
1627 1093 1712 1165 vulgo

71 1174 251 1240 ecessarium,
279 1191 370 1246 usque
394 1176 466 1230 adeo
491 1178 586 1232 minus
609 1182 690 1233 erant
710 1194 808 1232 corru·
863 1174 1041 1246 blasphemia
1053 1191 1111 1230 non
1120 1176 1268 1248 accipitur,
1285 1178 1343 1233 nisi
1357 1179 1432 1234 mela
1447 1181 1535 1235 verba
1545 1181 1580 1235 de
1596 1183 1654 1236 lieo
1666 1180 1709 1236 di·

71 1262 194 1329 thuoris,
219 1279 284 1334 quae
304 1263 344 1318 ibi
361 1264 518 1320 animantia
531 1265 618 1320 fuisse
632 1265 807 1337 contingitis,
863 1279 946 1318 cere:
970 1263 1005 1319 de
1018 1264 1184 1320 hominibus
1208 1282 1334 1338 namque
1357 1267 1481 1323 dubitari
1501 1273 1612 1340 potest;
1638 1271 1714 1325 Deus

71 1351 130 1406 :tivi
147 1368 249 1406 eorum
261 1353 334 1408 letus
348 1354 478 1409 nondum
493 1354 528 1409 ad
550 1355 723 1410 nascendum
744 1354 807 1408 ido·
864 1365 930 1407 vero
946 1351 1007 1407 sine
1020 1353 1213 1409 controversia
1233 1356 1327 1410 bonus
1342 1360 1394 1411 est.
1411 1356 1440 1412 Si
1455 1372 1523 1428 ergo
1534 1357 1607 1412 ratio
1618 1357 1714 1414 convi-

86 1440 157 1495 coelo
173 1439 204 1494 in
226 1444 332 1494 terram
348 1440 530 1512 praecipitati,
546 1446 575 1497 et
588 1442 694 1508 vivere,
717 1446 745 1497 et
767 1440 808 1514 gi·
863 1439 942 1508 ecrit,
956 1439 1104 1495 neminem
1118 1441 1153 1496 de
1174 1443 1232 1496 Deo
1244 1444 1342 1514 pejora
1356 1460 1443 1515 quarn
1467 1461 1517 1498 ros
1542 1446 1646 1510 dicere,
1662 1447 1713 1502 ubi

83 1532 112 1584 et
125 1544 224 1583 rursus
239 1529 388 1600 conjurare
408 1529 566 1600 potuerint,
589 1530 726 1585 habentes
750 1532 809 1585 uti·
864 1527 918 1582 erit
932 1529 1119 1584 memorabile
1141 1529 1198 1585 oris
1212 1531 1418 1602 signaculum?
1436 1533 1524 1588 Docet
1538 1533 1614 1588 enim
1628 1534 1714 1605 ratio,

71 1615 189 1671 istinam
208 1616 385 1685 firmitatem,
402 1617 469 1689 quia
481 1618 542 1689 jam
556 1624 638 1675 erant
649 1616 781 1691 concepti
798 1621 808 1658 ¹
863 1631 915 1671 nec
936 1632 1005 1673 sane
1029 1619 1185 1687 recondita,
1202 1620 1251 1675 sed
1265 1620 1296 1675 in
1310 1625 1448 1692 promptu
1462 1621 1516 1676 sita
1529 1625 1559 1677 et
1584 1623 1714 1693 exposita

71 1706 276 1761 ·mmixtionem
290 1706 360 1762 boni
378 1711 406 1761 et
423 1706 519 1769 mali:
548 1724 616 1763 nam
640 1713 705 1779 post
723 1709 807 1764 istam
863 1704 994 1762 omnium
1012 1705 1169 1776 intellectu,
1192 1709 1240 1763 sed
1256 1708 1359 1764 invicta
1381 1714 1411 1765 et
1425 1726 1458 1764 eo
1479 1710 1614 1766 invictior
1634 1713 1712 1784 quod

71 1793 170 1850 ionem
193 1811 258 1867 qua
284 1795 318 1850 da
333 1794 368 1850 iis
389 1800 457 1851 nata
479 1801 555 1864 sunt,
572 1813 605 1852 ea
632 1797 725 1852 dicitis
747 1814 807 1853 esse
862 1810 926 1850 earu
937 1811 1022 1851 nemo
1037 1795 1171 1867 ignorare
1185 1797 1373 1868 permittitur,
1390 1800 1481 1854 Deum
1496 1815 1556 1855 csse
1581 1799 1712 1855 incorru-

70 1883 106 1953 ia,
120 1900 186 1955 qua
200 1883 521 1940 nunciniirmissimaet
534 1885 616 1941 facile
630 1885 807 1958 corruptioni
862 1884 1004 1955 ptibilem,
1030 1884 1308 1954 incommutabilem,
1345 1885 1550 1954 inviolabilem,
1575 1887 1605 1941 in
1625 1904 1711 1959 quem

73 1972 251 2027 avidamus:
280 1972 344 2044 quis
367 1973 444 2028 hunc
459 1973 566 2028 diutius
579 1974 701 2030 tolerare
716 1973 807 2046 possit
862 1973 942 2027 nulla
969 1972 1237 2043 indigentia,=nulla
1267 1974 1459 2045 imbecillitas,
1491 1975 1571 2030 nulla
1599 1975 1714 2032 miseria

71 2078 98 2129 n,
114 2061 170 2116 nisi
184 2064 235 2133 qui
249 2066 298 2116 aut
311 2061 366 2117 ista
391 2078 451 2117 non
465 2061 550 2130 videt,
566 2066 616 2118 aut
637 2063 733 2118 nescio
749 2079 807 2135 qua
862 2062 963 2118 cadere
981 2062 1083 2134 possit.
1105 2063 1199 2135 Usque
1213 2064 1285 2119 adeo
1307 2069 1404 2120 autern
1427 2063 1481 2119 ista
1499 2064 1593 2120 omnis
1614 2065 1712 2121 anima

69 2150 119 2205 bili
143 2149 348 2205 consuetudine
376 2166 408 2204 ac
438 2150 632 2207 familiaritate
658 2151 806 2208 vobiscum
862 2147 1010 2204 rationalis
1034 2151 1225 2208 communiter
1248 2152 1335 2208 sentit
1356 2156 1389 2209 ut
1408 2152 1496 2209 etiam
1519 2169 1570 2209 vos
1588 2168 1655 2208 cum
1669 2152 1712 2209 di-

73 2254 173 2294 omnes
188 2239 278 2293 moles
291 2238 411 2293 rationis
424 2239 584 2296 obduruit?
862 2241 976 2306 cuntur,
991 2238 1136 2298 annuatis.
1320 2227 1324 2234 ’

71 2324 117 2379 ‘rt
134 2351 169 2366 -
183 2322 251 2378 Trio
265 2324 522 2392 upaocatamorum
540 2327 728 2383 aMaaicbaeis
741 2343 806 2398 per-
896 2328 942 2381 2¹.
965 2326 1019 2383 Sed
1045 2344 1110 2383 cum
1142 2327 1252 2384 tabulas
1280 2332 1386 2385 vostras
1417 2345 1534 2385 narrare
1559 2329 1712 2401 ceperitis,

248 2416 513 2484 perameccogitctc.
862 2417 891 2469 et
900 2415 1126 2488 corruptibilem,
1141 2420 1170 2473 et
1183 2416 1426 2484 commutabilem,
1447 2421 1476 2473 et
1495 2416 1669 2486 violabilem,
1685 2421 1715 2474 ot

71 2501 106 2556 ed
119 2500 258 2573 quoniam
271 2502 393 2569 ostendi,
416 2508 447 2558 ut
470 2501 604 2570 arbitror,
619 2502 654 2558 de
676 2503 759 2559 bonis
778 2507 808 2560 et
861 2502 1030 2576 indigentiae
1058 2505 1225 2572 obnoxium,
1259 2509 1287 2560 et
1314 2504 1540 2562 imbecillitatem
1563 2506 1714 2563 admitten-

71 2591 254 2662 reneralibus,
276 2591 307 2646 in
326 2592 441 2663 quantis
461 2592 588 2648 tenebris
606 2597 635 2647 et
654 2592 685 2648 in
700 2597 807 2665 qrranta
861 2596 931 2660 tem,
958 2596 987 2649 et
1007 2610 1025 2649 a
1046 2593 1163 2649 miseria
1186 2610 1246 2649 non
1263 2597 1358 2649 tutum
1378 2595 1468 2649 Deum
1493 2594 1567 2650 mira
1587 2594 1713 2652 cecitate
1787 2581 1790 2585 ¹

71 2679 358 2747 aversamini3nunc
368 2681 513 2737 videamus
521 2681 576 2737 tria
589 2681 639 2736 illa
649 2681 804 2752 signacula,
860 2680 984 2751 possessi
1000 2682 1135 2749 suadetis,
1152 2686 1180 2738 et
1203 2680 1278 2737 mira
1304 2681 1429 2737 caecitate
1457 2682 1594 2753 possessis
1623 2684 1711 2739 etiam

75 2767 175 2823 vestris
190 2767 320 2823 moribus
339 2785 446 2840 magna
464 2769 547 2824 laude
559 2786 590 2824 ac
602 2769 806 2840 praedicatione
860 2768 1046 2839 persuadetis.
1068 2771 1161 2841 Atque
1181 2768 1236 2824 boc
1254 2785 1358 2840 parum
1387 2774 1445 2826 est:
1472 2786 1531 2826 non
1551 2771 1630 2825 eninr
1651 2787 1712 2826 cor-

71 2854 163 2919 .Quoe
180 2861 248 2911 sunt
262 2856 379 2912 tandem
392 2857 446 2912 ista
458 2857 628 2929 signacula?
642 2857 705 2913 Oris
719 2863 804 2925 certe,
861 2855 1027 2927 reptibilem
1052 2860 1165 2912 tantum
1195 2859 1286 2912 Deum
1317 2856 1420 2925 dicitis,
1451 2858 1500 2913 sed
1531 2862 1711 2930 corruptum,

71 2958 141 3012 rum,
157 2949 185 3000 et
199 2944 287 3000 sinus.
301 2945 375 3010 Quid
386 2950 430 3000 est
442 2946 520 3000 hoc?
536 2947 571 3001 tit
582 2962 642 3012 ore,
658 2946 765 3018 inquit,
777 2950 806 3001 et
860 2959 912 2998 nec
926 2947 955 2999 et
968 2944 1212 3013 commutabilem,
1229 2944 1278 3000 sod
1293 2948 1516 3014 commutatam
1528 2961 1580 3000 nec
1592 2945 1707 3002 violabi-

71 3047 99 3100 rs,
118 3035 147 3086 et
161 3032 224 3087 sinn
243 3035 337 3087 castus
350 3037 379 3088 et
392 3032 529 3088 innocens
543 3033 580 3087 sit
602 3034 700 3090 homo.
720 3033 803 3099 Quid,
860 3030 928 3098 lem,
943 3030 993 3087 sed
1007 3030 1163 3099 violatum3
1186 3047 1238 3087 nec
1257 3031 1308 3104 qui
1331 3033 1420 3104 possit
1433 3032 1624 3105 indigentiam
1637 3033 1708 3105 pati,

73 3135 96 3187 s,
113 3119 240 3189 auribus,
266 3120 384 3176 naribus
398 3124 517 3193 peccet?
544 3121 613 3193 quid
639 3121 662 3176 si
681 3121 805 3177 calcibus
860 3121 909 3174 sed
922 3118 1098 3190 indigentem
1112 3135 1120 3187 ;
1136 3135 1189 3175 nec
1203 3119 1329 3192 inquam
1340 3137 1440 3176 casura
1455 3121 1501 3189 sit,
1517 3121 1566 3177 sed
1581 3122 1611 3177 iu
1623 3137 1711 3194 quem

72 3223 102 3262 m
117 3208 236 3280 affligat,
261 3210 306 3265 vel
328 3211 415 3265 etiam
429 3209 533 3266 necet?
556 3211 704 3275 Quomodo
717 3209 804 3266 istum
860 3206 993 3263 ceciderit
1011 3207 1192 3263 imbecillitas
1201 3227 1211 3276 ,-
1227 3223 1279 3263 ner
1292 3208 1342 3281 qui
1357 3209 1444 3265 miser
1461 3225 1523 3266 esse
1535 3209 1638 3282 possit,
1656 3209 1709 3265 sod

71 3312 117 3352 rus
131 3314 224 3368 reum,
235 3299 285 3370 qui
300 3314 353 3354 nec
365 3315 425 3366 ore,
444 3314 497 3354 nac
510 3297 654 3366 manibus,
675 3298 804 3355 necsinu
859 3296 1007 3353 miserum.
1023 3295 1158 3363 animam
1171 3296 1278 3369 quippe
1293 3298 1384 3353 Deum
1399 3313 1460 3353 esse
1478 3297 1571 3354 dicitis
1582 3298 1710 3369 vellpar.
1791 3285 1798 3298 ’

71 3384 104 3441 t‘l
123 3386 178 3442 Scd
202 3403 268 3442 curn
291 3404 333 3454 os,
356 3387 460 3459 inquit,
484 3387 612 3454 nomino,
629 3401 729 3442 omnes
743 3402 804 3441 sen·
859 3390 918 3440 tem
932 3385 991 3442 Dei.
1007 3387 1064 3441 Nec
1078 3386 1160 3442 video
1176 3387 1320 3458 quomodo
1335 3388 1410 3442 Deus
1425 3403 1484 3442 non
1499 3387 1545 3455 sit,
1562 3402 1628 3458 quae
1643 3401 1711 3458 pars

75 3479 143 3528 sunt
156 3473 187 3528 in
202 3473 304 3545 capita,
320 3473 444 3546 intelligi
458 3474 522 3529 volo
532 3477 619 3540 [cum
633 3476 730 3528 autem
741 3488 802 3527 ma·
859 3473 1037 3530 Deidicitor:
1053 3490 1121 3529 nam
1131 3474 1227 3529 etaari
1239 3490 1306 3545 pars
1314 3489 1428 3544 aurum,
1439 3481 1469 3531 et
1481 3474 1594 3543 argenti
1605 3489 1707 3545 argen-

71 3576 167 3617 mnem
182 3561 401 3634 operationem
424 3578 489 3617 cam
514 3561 620 3628 sinum,
637 3577 754 3616 omnem
769 3560 803 3615 li·
859 3560 1078 3633 tum‚etlapidis
1088 3561 1176 3632 lapis3
1189 3565 1228 3631 et,
1247 3566 1278 3616 nt
1292 3561 1404 3616 adhaec
1421 3562 1531 3633 majora
1548 3562 1709 3629 veniamus,

71 3666 84 3705 a
104 3650 282 3707 seminalem.
307 3652 368 3716 Quo
391 3667 459 3722 ergo
482 3649 566 3705 vultis
581 3649 726 3722 pertinere
747 3648 805 3704 bla-
858 3665 925 3721 pars
937 3653 1015 3705 terra
1028 3652 1080 3716 est,
1095 3653 1124 3704 et
1137 3664 1220 3720 aquae
1234 3665 1300 3721 pars
1315 3664 1400 3721 aqua,
1416 3653 1446 3705 et
1460 3649 1534 3704 aeris
1555 3666 1615 3720 aar,
1636 3654 1665 3705 et
1685 3650 1709 3705 si

70 3741 123 3794 as?
138 3740 175 3795 ad
189 3757 232 3811 os,
247 3756 284 3794 an
299 3739 335 3794 ad
347 3741 489 3795 manum?
508 3741 555 3795 Est
576 3738 653 3794 enim
674 3737 803 3810 operatio
859 3739 929 3811 quid
942 3738 978 3794 de
991 3736 1059 3809 igne
1073 3737 1240 3804 detraxeris,
1262 3737 1359 3808 ignom
1374 3753 1434 3793 esse
1449 3753 1508 3794 non
1532 3738 1661 3811 negabis,
1681 3742 1710 3794 et

71 3829 227 3902 ·linguam.
250 3832 348 3904 ltaque
367 3831 391 3886 si
412 3847 471 3886 uno
487 3846 591 3902 genere
607 3829 804 3903 operationem
859 3826 995 3900 qualibet
1018 3842 1084 3898 pars
1099 3825 1170 3898 lucis
1184 3825 1257 3881 nihil
1271 3829 1366 3897 potest
1380 3842 1441 3883 esse
1457 3826 1535 3883 aliud
1548 3844 1637 3900 quam
1651 3828 1707 3885 lux.

71 3966 72 3972 ,
86 3919 264 3984 concluditis,
280 3936 330 3975 cur
349 3920 547 3992 operationem
560 3920 668 3992 pedum
681 3920 804 3991 conjun·
859 3918 916 3973 Cur
930 3931 999 3988 ergo
1011 3931 1078 3989 pars
1093 3914 1143 3970 Dei
1158 3915 1286 3972 nouerit
1309 3917 1404 3971 licus?
1425 3918 1469 3977 Ao
1483 3914 1635 3972 articulata
1659 3916 1710 3971 Dei

71 4007 179 4079 onibus,
190 4008 297 4079 linguae
311 4008 471 4080 separatis?
482 4011 537 4077 An,
553 4009 622 4081 quia
632 4008 732 4081 lingna
745 4024 805 4064 ver·
860 4004 952 4061 lorma
958 4008 1001 4061 est
1011 4002 1031 4072 ¹,
1040 4004 1112 4060 sicut
1119 4003 1253 4069 hominis,
1261 4003 1497 4077 reliquorumque
1503 4004 1710 4061 animantium?

71 4095 153 4152 dileat
169 4096 288 4167 aliquid,
304 4112 368 4151 earn
383 4097 468 4152 vultis
479 4098 629 4169 sejungere
646 4098 680 4153 ab
695 4113 729 4153 ea
739 4114 806 4170 ope-
860 4110 927 4150 narn
941 4110 1007 4166 pars
1021 4091 1147 4149 bominis
1160 4109 1218 4148 non
1229 4092 1378 4148 esthomo.

79 4201 143 4259 quea
157 4201 215 4241 non
230 4184 408 4257 significandi
421 4185 513 4257 gratia
525 4184 572 4254 sst;
588 4185 628 4241 ita
642 4189 674 4240 ut
688 4186 805 4241 dessnia·
895 4187 939 4239 ⁸22.
957 4183 1010 4239 Sed
1020 4182 1057 4238 ad
1066 4182 1224 4254 quamlibet
1236 4181 1356 4237 istarum
1371 4179 1543 4252 opinionum
1553 4179 1706 4242 descendo,

71 4276 199 4331 seculum
224 4290 374 4343 manuam,
394 4275 429 4330 ab
453 4274 621 4346 operatione
635 4276 721 4346 mala,
740 4291 805 4347 qua
860 4279 888 4329 et
902 4270 1067 4342 singillatim
1088 4273 1239 4340 utramque
1253 4269 1413 4324 considero.
1429 4267 1501 4322 Nam
1526 4265 1550 4321 si
1564 4267 1656 4322 Deum
1670 4266 1711 4323 ita

71 4364 213 4433 millcandi
227 4380 312 4419 causa
326 4369 378 4430 est,
393 4362 593 4418 continentia?
611 4363 665 4418 Sed
681 4363 750 4435 quid
762 4363 805 4418 fa·
861 4375 922 4415 esse
936 4357 1021 4413 vultis
1032 4361 1065 4412 ut
1079 4358 1182 4424 lucem,
1198 4372 1328 4412 recusare
1339 4372 1399 4411 non
1411 4352 1532 4427 potestis
1541 4354 1632 4410 Deam
1648 4370 1709 4410 esse

71 4452 124 4523 rtis,
143 4452 166 4508 si
185 4452 249 4525 quis
263 4455 359 4524 peccet
380 4449 567 4522 significando
589 4449 698 4521 aliquid
713 4450 805 4506 mani·
861 4446 1106 4518 aliquampartem
1114 4444 1459 4512 Dei.Quamobrem,cum
1471 4443 1709 4514 partemDeiesse

73 4540 107 4597 iit
121 4557 186 4596 curn
200 4540 361 4610 scribimus,
375 4540 420 4595 vel
441 4543 525 4610 gestu
547 4537 655 4610 aliquid
669 4539 746 4611 qnod
760 4537 805 4593 in·
861 4536 988 4592 animam
1002 4533 1105 4603 dicitis,
1116 4550 1204 4606 quam
1219 4550 1278 4589 non
1292 4532 1402 4605 negatis
1419 4536 1446 4587 ct
1458 4536 1623 4605 corruptam
1637 4547 1709 4604 esse,

70 4646 104 4685 ur
128 4629 326 4685 ostendimus?
349 4628 404 4682 hoc
424 4626 502 4682 enirn
525 4627 568 4682 ori
589 4631 675 4699 atqua
699 4628 805 4700 linguae
861 4639 926 4696 quer
939 4621 1096 4690 stulteest3
1116 4627 1145 4677 et
1159 4625 1374 4688 commutatam,
1389 4636 1455 4693 quse
1468 4620 1582 4693 sapiens
1597 4621 1710 4689 iuit;et

71 4734 159 4773 enon
174 4717 303 4790 potestis,
328 4716 396 4788 qnia
421 4714 555 4770 manibus
580 4715 622 4771 lit.
639 4715 711 4781 Quid
728 4715 805 4772 enim
861 4710 1008 4781 violatam,
1022 4726 1087 4783 qum
1101 4710 1249 4782 propriam
1263 4707 1470 4780 perlectionem
1493 4725 1552 4764 non
1565 4709 1668 4779 habat3
1681 4713 1711 4766 et

71 4822 119 4873 rus,
134 4821 222 4878 quarn
235 4809 265 4861 nt
279 4821 344 4860 curn
362 4803 415 4859 tria
425 4803 720 4877 dicantarsignacula,
736 4804 804 4873 oris,
861 4799 1050 4872 indigentem,
1066 4797 1231 4870 quaeposcit
1240 4797 1395 4864 auxilium3
1409 4800 1437 4853 et
1449 4796 1633 4867 imbecillam,
1645 4814 1710 4871 quae

71 4908 109 4961 m,
126 4897 154 4948 et
178 4893 267 4961 sinus,
290 4892 424 4965 quaedam
449 4897 563 4965 peccata
585 4894 764 4965 deprehensa
775 4893 806 4948 in
861 4887 1004 4946 medicina
1016 4891 1094 4958 eget;
1111 4885 1290 4953 etmiseram,
1306 4886 1465 4958 qumbeata
1479 4901 1540 4941 esse
1552 4886 1709 4943 desiderat:

71 4999 92 5038 rs
104 4981 267 5039 tribuantur
278 4983 345 5039 ori‘l
355 4982 384 5039 Si
403 4987 499 5040 antem
523 4983 650 5055 operatio
665 4980 807 5056 generalis
861 4979 923 5034 haec
933 4977 1031 5034 omnia
1044 4976 1074 5031 in
1085 4976 1176 5031 Deam
1192 4974 1329 5046 sacrilega
1341 4974 1477 5047 opinione
1492 4974 1637 5030 confertis.
1652 4976 1711 5028 Aut

71 5089 91 5128 rs
101 5072 195 5142 datur,
206 5089 272 5145 quea
284 5073 400 5129 taudem
410 5071 650 5144 ratioestpodum
664 5071 807 5142 operatio·
863 5067 887 5122 si
900 5083 960 5122 non
974 5063 1128 5121 conceditis
1141 5063 1203 5118 baec
1215 5063 1249 5118 de
1258 5063 1365 5130 anima,
1378 5078 1429 5118 nec
1438 5062 1712 5134 Spiritusestneces·

70 5162 108 5218 ric
123 5161 237 5230 addere,
253 5160 360 5233 linguae
374 5177 432 5216 non
448 5161 571 5217 adderet
586 5159 728 5215 Videtisne
740 5174 808 5230 quo·
862 5156 952 5212 sarius
961 5153 985 5225 ⁸,
996 5152 1045 5225 qui
1057 5150 1223 5207 animamin
1236 5151 1384 5207 veritatem
1400 5151 1526 5218 inducat,
1540 5149 1609 5222 quia
1624 5150 1713 5204 stulta

71 5250 193 5308 ¹⁰Vst⁸ti³
208 5249 346 5323 ⁸Pl³⁰tffi⁰
356 5249 461 5306 ⁰⁰mst⁰
476 5265 572 5306 mm
585 5248 617 5304 5¹²
630 5263 748 5319 “1⁸8⁰ss
756 5247 806 5303 de·
896 5271 963 5320 tila.
975 5267 1072 5332 Regius
1082 5265 1217 5326 eichabet‚
1227 5279 1264 5317 aa
1272 5264 1409 5330 particula
1419 5267 1466 5316 Det
1476 5266 1569 5315 aalma
1584 5266 1624 5315 cst
1633 5265 1712 5316 elcut.

71 5355 130 5396 ran
173 5340 265 5396 stias'?
288 5338 390 5395 Tribus
412 5352 480 5395 nam
502 5354 537 5394 ua
561 5337 622 5392 istis
643 5337 667 5391 si
708 5336 795 5391 aculis
894 5333 1016 5382 tricare
1035 5325 1715 5398 tem,aecaportotrrscrtaeccsscn'as.illiciamur

133 5355 172 5412 gu
481 5355 500 5411 q
668 5352 706 5408 gn
799 5376 806 5404 ³
863 5344 1209 5447 srarusefnmssartar.
1224 5391 1300 5441 Forte
1308 5388 1714 5462 utrumqueadtextumpertmet

70 5463 87 5523 i,
96 5460 207 5536 puajarr
221 5462 301 5515 erant
311 5459 571 5528 concaptivorum
581 5457 654 5521 tiss,
666 5457 739 5524 aaa.
749 5457 809 5509 For·
889 5459 977 5507 otetur
988 5454 1059 5528 enirn
1069 5453 1240 5527 Maniclrsrus.
1249 5452 1295 5516 qui
1305 5450 1473 5517 apostolrsibi
1480 5449 1588 5523 titutum
1597 5449 1714 5524 vindica-

71 5540 88 5588 r,
100 5538 127 5577 aa
142 5539 206 5590 quc.
866 5520 921 5581 bat,
935 5531 969 5568 ex
978 5515 1045 5584 labro
1057 5516 1090 5566 de
1104 5516 1221 5568 ttonbus
1234 5514 1304 5566 Eccl.
1314 5528 1371 5578 cap.
1384 5514 1414 5564 ³³
1426 5511 1715 5577 n.ra;qu1qusspm-

116 5616 255 5685 Pavnon.
280 5615 404 5683 XXXII.
1246 5600 1554 5688 (Quamuis-troci.)
