3884 6112
88 235 144 290 '223
719 228 806 287 VITA
826 227 853 285 S.
875 224 1069 286 AUGUSTINI
1089 223 1259 282 EPISGOPI.
1792 215 1844 271 2²4

85 355 173 411 modo
188 352 346 410 destinatus
360 350 459 424 (Epist.
477 354 523 419 77,
536 365 565 407 n.
591 352 619 418 2,
631 354 656 407 et
678 353 768 424 Epist.
791 354 837 422 78,
857 367 885 408 ιι.
901 351 939 422 2).
995 350 1093 418 sidim,
1109 352 1139 404 in
1153 351 1220 405 Vita
1247 346 1407 417 Augustini,
1433 359 1456 400 e.
1472 341 1528 415 23).
1544 339 1653 408 Quibus
1678 338 1776 412 eiiqua
1801 356 1847 396 res

87 444 126 500 De
142 444 219 499 Leto
243 457 359 514 quoque
382 440 573 508 adolescente,
600 440 651 512 qui
675 441 807 514 perlectae
825 439 890 495 vite
904 438 941 494 ti·
995 437 1143 495 familiaris
1162 442 1232 504 erat,
1249 453 1313 492 earn
1336 439 1385 491 ent
1404 448 1523 506 erogare
1544 428 1732 503 pauperibus,
1748 432 1797 484 ant
1815 429 1843 484 ia

87 529 229 586 recinium
243 528 321 601 apud
340 525 533 601 Augustinum
548 533 693 600 posuerat,
720 533 749 584 ct
774 525 943 600 aliquandiu
995 543 1147 584 commune
1166 526 1306 593 conterre,
1327 521 1488 596 antqnovis
1502 520 1589 577 modo
1603 517 1750 574 remittere
1765 519 1845 571 tene-

89 634 156 673 cum
171 633 206 674 eo
217 619 372 682 manserat,
402 619 450 671 aut
464 614 493 669 in
515 614 576 686 ejus
591 615 687 684 domo,
715 616 739 671 si
757 615 854 684 laicos,
870 630 942 687 quos
995 618 1099 674 bantur
1115 617 1206 686 (serm.
1222 619 1283 684 355,
1299 630 1327 669 n.
1347 611 1457 683 1).Ουί
1475 609 1547 666 nihil
1573 607 1764 673 contulerant,
1789 621 1847 661 uon

91 704 237 762 clericatui
252 704 423 769 destinabat,
438 703 469 758 in
492 718 555 758 eam
576 704 749 775 admitteret,
769 704 846 761 idem
864 703 943 776 quod
996 706 1228 763 discernebantur
1253 705 1289 760 ab
1312 702 1353 758 cis
1374 702 1425 774 qui
1446 699 1556 773 aliquid
1570 697 1733 754 attulissent
1755 695 1846 764 (Serra.

89 794 124 851 de
140 793 194 866 Spe
208 792 373 848 existimare
386 783 462 848 licet.
480 792 572 847 Latus
586 792 634 847 ille
649 792 739 847 animi
765 792 811 847 sui
829 792 939 847 terrore
997 799 1060 866 356,
1074 812 1102 853 a.
1126 795 1162 867 8).
1192 794 1221 850 si
1247 808 1320 865 quos
1338 806 1430 862 [egros
1453 792 1504 845 eut
1530 805 1562 843 cx
1586 785 1688 843 morbo
1716 782 1848 839 consule·

87 882 242 939 maximam
256 881 393 937 fratribus
412 879 543 935 laetitiam
564 881 710 937 attulerat.
730 880 937 937 Animadvertit
996 887 1106 938 scentes
1116 881 1267 938 necessitas
1276 882 1464 952 eogeretante
1479 879 1580 932 horam
1589 873 1706 947 prandii
1721 872 1844 938 relicere,

87 976 184 1028 iumen
208 969 397 1043 Augustinus,
426 984 492 1024 eum
518 968 682 1025 domesticis
707 969 784 1025 carris
809 969 941 1025 adivino
997 987 1055 1028 non
1070 971 1240 1043 prohibebat
1266 969 1384 1042 quidem
1411 965 1587 1040 Augustinus
1614 964 1649 1020 iis
1668 961 1745 1019 mitti
1773 960 1847 1035 qaod

88 1059 184 1115 studio
197 1059 385 1126 retardatum,
399 1056 469 1113 ferri
481 1057 579 1130 potius
598 1063 626 1114 et
639 1058 704 1114 duci
724 1075 740 1115 a
754 1075 837 1115 cruce
850 1075 901 1115 sua
915 1062 946 1114 et
998 1058 1120 1114 aliorum
1135 1058 1227 1131 pietas
1242 1056 1397 1124 offerebat3
1423 1055 1472 1110 sed
1487 1071 1536 1110 cos
1549 1051 1704 1126 prandium
1729 1052 1781 1105 unt
1793 1065 1847 1104 cua·

88 1146 180 1203 carnis
200 1162 258 1202 susc
281 1144 459 1215 infirmitate,
482 1161 571 1218 quem
593 1145 674 1202 illam
689 1147 762 1203 terre
778 1163 809 1202 ac
830 1147 942 1203 ducere.
997 1164 1066 1204 nam
1080 1152 1159 1204 extra
1182 1161 1295 1203 sumere
1318 1161 1376 1200 non
1399 1142 1584 1216 permittebat
1611 1140 1703 1214 (lbid,
1736 1155 1766 1194 n.
1792 1136 1847 1208 16).

89 1234 122 1291 Et
133 1235 228 1310 reipsa
240 1238 354 1291 coaetus
368 1237 412 1290 est
432 1235 469 1290 ab
496 1234 656 1307 Augustino
671 1235 825 1305 discedere,
849 1239 878 1291 et
892 1235 944 1292 do·
999 1238 1070 1295 Cum
1088 1237 1124 1293 iis
1138 1252 1251 1310 semper
1268 1233 1444 1306 Augustinus
1466 1248 1525 1288 una
1543 1232 1639 1299 domo,
1660 1245 1720 1285 uns
1739 1241 1849 1290 mensa,

88 1339 169 1380 mum
182 1340 263 1380 saram
277 1328 420 1395 repetere,
444 1327 475 1378 ut
488 1339 534 1378 res
554 1323 725 1380 domesticas
748 1327 944 1397 componeret,
999 1326 1218 1400 sumptibusque
1233 1323 1437 1381 communibus
1465 1321 1595 1378 alebatur
1614 1323 1643 1376 et
1664 1316 1849 1374 vestiebatur.

89 1429 123 1468 ea
150 1417 246 1471 mento
265 1416 299 1468 ut
314 1413 386 1485 jugo
411 1411 567 1468 mundana
593 1411 737 1468 servitutis
753 1427 889 1480 ,excusem
915 1427 946 1465 se
999 1416 1232 1472 Nolebathubcre
1242 1414 1391 1487 quidpiam
1401 1410 1457 1468 nisi
1474 1424 1637 1478 commune,
1661 1407 1708 1463 rel
1720 1405 1850 1478 accipere

88 1501 210 1557 vinculis
225 1500 373 1573 sapientise
389 1501 470 1556 duret
484 1500 561 1557 ultro
582 1500 848 1573 constringendum.
865 1501 945 1556 Atte-
999 1505 1056 1562 nisi
1070 1505 1265 1561 incommune
1281 1519 1289 1559 ι
1306 1507 1335 1559 et
1348 1503 1372 1558 si
1387 1501 1451 1575 quis
1463 1499 1573 1573 aliquid
1589 1497 1656 1570 ipsi,
1675 1494 1754 1570 quod
1772 1510 1850 1550 eom·

90 1606 156 1648 men
172 1590 250 1647 domi
264 1605 322 1645 suae
336 1589 468 1662 plurimis
482 1588 689 1645 tentationibus
703 1588 882 1645 conflictatus
892 1593 944 1645 est.
1000 1612 1087 1651 mune
1107 1611 1168 1650 esse
1189 1609 1248 1649 non
1271 1595 1377 1665 posset,
1402 1591 1536 1658 offerret;
1564 1588 1644 1653 illud,
1667 1588 1700 1641 ut
1726 1583 1851 1658 pretium

90 1678 274 1752 Reperitillic
292 1679 366 1734 servi
383 1680 492 1751 lugam,
506 1683 629 1734 mortem
645 1677 824 1750 ancillarum,
838 1694 945 1750 aegram
1000 1689 1073 1741 essm
1093 1699 1256 1752 commune,
1273 1680 1424 1737 scindebat.v
1446 1678 1715 1749 indisciplinationes
1737 1688 1850 1745 meque,

89 1767 212 1825 1111111111
229 1767 436 1836 1111111ῑῦ811),
460 1773 488 1823 11
510 1768 653 1840 proecipne
668 1769 807 1840 1111111111
827 1766 937 1836 11111111»
999 1775 1040 1831 ait
1052 1773 1205 1842 Possidius,
1223 1776 1247 1828 et
1266 1771 1491 1841 transgressiones
1513 1781 1622 1824 morum
1636 1764 1762 1833 arenula
1780 1766 1853 1818 recta

28 1898 32 1904 ·
92 1873 157 1931 (1¹¹oe
172 1855 852 1924 0111111111111116181)168111111001113111010011161,
868 1856 945 1921 01¹⁸·
999 1869 1025 1920 et
1045 1862 1190 1932 bonestate,
1214 1860 1346 1930 arguebat
1368 1863 1394 1915 et
1416 1857 1559 1924 tolerabat,
1587 1857 1721 1927 quantum
1746 1851 1853 1907 decebat

88 1950 206 2019 propter
237 1945 272 1999 ad
299 1945 401 2002 fratres
433 1961 501 2001 snos
529 1944 735 2018 (Hipponensis
762 1943 945 2009 monasterii,
999 1957 1024 2009 er
1043 1952 1202 2024 oportebat:
1218 1952 1248 2005 m
1263 1945 1669 2025 totioosprmipaedaemsne
1688 1942 1852 2012 qu'usquunr

91 2050 142 2090 seu
155 2035 292 2092 laicorum
312 2051 364 2091 seu
383 2035 572 2106 clericorum),
588 2034 697 2107 aliquid
717 2033 810 2089 solatii
833 2032 943 2089 sollici·
999 2059 1045 2098 cor
1058 2041 1240 2096 declinaretur
1252 2039 1373 2095 ,pompa
1386 2037 1509 2107 „10er
1532 2035 1570 2090 aa
1583 2031 1754 2090 mmmm
1769 2045 1851 2086 mu.

89 2122 237 2180 tudinibus
262 2124 320 2179 suis
347 2123 521 2194 quesituras
547 2124 699 2196 epistolem
722 2123 812 2191 misit,
836 2123 947 2194 inqua
999 2132 1116 2187 smmum
1139 2131 1169 2183 m
1186 2129 1317 2199 peccoris,
1346 2126 1465 2182 Eidem
1486 2126 1599 2194 qunque
1622 2121 1732 2192 offerret
1755 2132 1852 2173 tamtus

91 2211 256 2268 insinuabat
264 2212 427 2268 desiderare
442 2228 471 2268 se
487 2211 596 2268 litteras
611 2212 776 2285 Augustini.
796 2213 876 2267 Hunc
894 2210 944 2266 do·
999 2236 1077 2276 soum
1097 2218 1134 2273 ad
1148 2219 1244 2282 oliam,
1258 2221 1284 2272 m
1299 2217 1356 2272 titio
1378 2214 1536 2270 recordatus
1559 2213 1658 2280 strissat
1674 2208 1748 2281 quod
1766 2209 1854 2275 rmus

89 2300 134 2356 lar
146 2300 182 2356 da
195 2300 302 2358 infelici
317 2305 393 2357 statu
411 2301 480 2357 Laeti
493 2305 649 2373 conceptus
672 2300 741 2357 satis
755 2300 886 2373 urgebat,
911 2301 944 2353 ut
995 2322 1065 2363 pons
1080 2306 1188 2361 panorm
1202 2305 1311 2377 aliquid
1324 2303 1455 2360 adversos
1475 2304 1562 2370 utam,
1576 2298 1787 2370 relinquendum
1800 2311 1853 2352 esse

93 2387 184 2462 ipsius
199 2388 339 2447 desiderio
354 2406 414 2446 uon
428 2394 557 2462 negaret,
571 2390 650 2463 quod
676 2389 834 2446 scridebat
852 2387 946 2445 officio
1000 2411 1097 2451 mmmm
1112 2399 1174 2451 mm
1187 2396 1284 2463 attam,
1296 2398 1377 2464 atque
1388 2391 1506 2448 eandum
1518 2405 1570 2461 quo
1589 2389 1677 2458 fratri
1698 2386 1853 2443 reconcilie-

94 2478 198 2536 debere
217 2479 371 2535 charitatis.
388 2478 624 2536 Ardentissimam
640 2478 730 2552 igitur
745 2478 780 2533 ad
795 2493 861 2533 cum
876 2477 946 2532 scri·
1002 2490 1064 2552 tur;
1080 2489 1105 2540 ct
1130 2489 1192 2539 tunc
1219 2482 1391 2549 vmiendum,
1416 2485 1441 2536 et
1455 2494 1553 2537 munus
1579 2478 1616 2534 ad
1630 2478 1720 2533 attare
1733 2474 1852 2546 afferen-

92 2569 149 2642 psit
163 2569 312 2640 epistolam
329 2568 431 2641 (Epist.
444 2569 517 2641 ele),
542 2584 599 2641 qua
626 2568 710 2624 illum
727 2567 896 2623 hortabatur
909 2565 944 2621 ad
1001 2574 1074 2629 dom,
1105 2575 1136 2630 si
1161 2589 1223 2628 cero
1255 2575 1313 2644 ipse
1339 2572 1470 2626 adamus
1497 2571 1614 2637 tratrem
1641 2581 1723 2622 suum
1745 2560 1853 2633 mquid

93 2660 274 2713 1111111111111
296 2673 394 2713 11111111
419 2661 626 2729 muniminum,
641 2661 670 2712 11
693 2656 728 2712 td
750 2655 848 2711 maisit
864 2670 943 2710 tmo-
1001 2664 1120 2730 briberet,
1136 2664 1270 2733 corripere
1280 2677 1339 2717 eum
1354 2660 1448 2716 debere
1462 2661 1579 2730 inparis
1590 2673 1598 2725 ς
1611 2660 1637 2712 et
1650 2657 1676 2711 si
1689 2669 1751 2712 eum
1764 2651 1853 2707 nudu-

92 2761 155 2802 rem
184 2745 316 2802 charitati
344 2745 447 2804 (11111811
482 2749 510 2801 ei
542 2745 682 2814 11801Θὸ1111,
717 2760 833 2818 Simque
862 2741 946 2799 5811111
1000 2758 1049 2819 set,
1063 2754 1184 2808 lucratus
1200 2755 1267 2807 esset
1281 2767 1360 2807 guum
1373 2752 1489 2819 fragrem
1504 2764 1511 2802 ς
1527 2749 1571 2803 gin
1590 2748 1692 2813 mim,
1718 2742 1853 2799 adhiben-

66 2908 70 2916 ,
91 2834 337 2907 postponendum.
356 2834 462 2891 Suadet
475 2833 572 2906 itaque
584 2837 617 2889 ut
629 2834 777 2889 facultates
788 2848 853 2889 suas
862 2829 947 2887 metri
1000 2842 1065 2896 dum
1078 2856 1133 2897 ὥς,
1153 2856 1236 2896 unum
1265 2843 1313 2895 aar
1335 2838 1401 2894 dms
1418 2853 1425 2893 :
1441 2837 1513 2907 qma
1527 2837 1552 2891 m·
1571 2840 1596 2890 m
1610 2837 1685 2906 apros
1708 2835 1854 2888 mmemne-

93 2927 121 2978 et
135 2922 297 2979 domesticis
309 2922 377 2989 suis,
394 2921 418 2978 si
431 2923 528 2978 forsan
542 2922 586 2978 his
600 2922 945 2994 indigeant,',relinquat;
1000 2935 1051 2999 ms,
1068 2931 1214 2986 Ecclesiam
1227 2927 1429 2984 adhibendam:
1444 2929 1488 2982 sin
1501 2940 1563 2980 uero
1582 2928 1607 2979 et
1630 2924 1693 2978 nuic
1713 2937 1769 2977 non
1793 2919 1854 2976 abe·

95 3014 157 3068 tum
172 3009 230 3067 illis
252 3010 387 3067 nuntium
414 3012 542 3067 remittat
557 3026 564 3067 :
579 3027 617 3066 ne
642 3012 784 3083 majorem
802 3010 947 3066 tristitiam
1001 3019 1082 3086 diret,
1108 3024 1175 3074 mmo
1197 3019 1241 3073 itti
1265 3021 1296 3072 m
1323 3017 1445 3072 ethnicus
1471 3020 1496 3070 et
1522 3013 1696 3085 publicanus.
1724 3013 1762 3067 Et
1788 3006 1855 3064 iilud

92 3102 208 3172 torpore
221 3115 273 3154 suo
287 3099 421 3155 iratribus
435 3100 537 3172 pariat,
558 3100 788 3172 quamloetitiam
802 3100 947 3155 alacritate
1001 3107 1113 3176 addens,
1142 3111 1173 3163 ut
1195 3107 1282 3174 fratri
1315 3106 1441 3176 peccanti
1468 3107 1493 3159 et
1517 3104 1624 3158 certium
1650 3099 1766 3172 petenti,
1798 3111 1850 3152 nos

93 3187 215 3261 pristina
228 3186 354 3242 dederat.
371 3188 467 3242 Monet
478 3191 511 3243 ut
525 3188 618 3242 studio
644 3188 850 3260 cognoscendae
876 3187 948 3243 seri·
1003 3198 1110 3267 septies,
1125 3195 1172 3251 sed
1186 3195 1340 3266 septuagies
1354 3194 1452 3264 septies
1466 3192 1592 3247 delictum
1617 3190 1770 3258 relauetur,
1785 3186 1854 3242 sicut

94 3276 159 3332 tatis
174 3279 264 3344 vacet,
279 3290 399 3348 seseque
418 3276 455 3332 ad
477 3275 648 3348 evangelicae
671 3274 882 3347 predicationis
901 3276 944 3332 oi·
1006 3286 1120 3355 quisquc
1135 3286 1275 3338 alloniao
1295 3282 1416 3352 quotidie
1430 3281 1484 3337 sibi
1494 3279 1617 3351 postulat
1631 3278 1759 3333 relaxari
1779 3274 1855 3346 (Pos-

7 3394 10 3399 ·
94 3364 192 3421 nciam
207 3368 372 3436 comparem
389 3363 541 3419 Ecclesiam
564 3362 834 3437 indigere-auxilio,
851 3368 884 3421 ut
898 3364 946 3421 ad·
1001 3373 1103 3440 statius,
1120 3377 1148 3428 u
1166 3373 1231 3428 vito
1244 3371 1406 3439 Augurini,
1424 3385 1447 3425 c.
1464 3368 1520 3441 ns).
1544 3367 1624 3423 laud
1649 3365 1779 3438 profecto
1794 3365 1855 3419 ros·

96 3452 467 3511 11111110111111111110111111
484 3452 616 3508 1111111111
631 3455 840 3525 impugnetur,
863 3457 948 3525 at<lue
1002 3462 1092 3518 sidius
1111 3462 1187 3517 inter
1202 3459 1355 3533 Augustini
1367 3463 1429 3515 acta
1442 3474 1501 3514 uon
1514 3457 1552 3513 ob
1566 3455 1644 3512 aliud
1668 3454 1780 3524 retulit,
1803 3451 1855 3508 nisi

95 3546 128 3598 ut
154 3541 265 3616 parvuli
294 3543 355 3614 0j11⁸
380 3541 444 3611 filiis
472 3547 571 3598 00111111
602 3543 793 3615 (tummim
821 3543 949 3598 filiorum
1002 3552 1108 3624 utejus
1129 3549 1277 3622 propriam
1297 3549 1451 3622 quamdam
1476 3544 1699 3603 sollicitudinem
1714 3542 1854 3599 studium·

95 3647 213 3688 suorum
226 3630 370 3704 ignaviam
391 3637 477 3704 atque
492 3636 649 3706 torporem,
666 3631 786 3688 aliorum
809 3630 948 3699 filiorum,
1003 3652 1058 3709 quc
1073 3635 1299 3700 commendaret,
1316 3632 1514 3706 quotidelicct
1526 3633 1639 3686 sauctus
1654 3627 1813 3701 Episcopus
1827 3625 1855 3682 iu

95 3735 220 3792 quorum
236 3735 252 3774 e
266 3735 387 3775 numero
401 3725 471 3785 erat,
488 3722 582 3777 calore
607 3721 767 3776 foveantur.
780 3721 819 3776 lix
842 3719 947 3792 quibus
1002 3725 1057 3780 hoc
1071 3724 1196 3780 maxime
1211 3721 1404 3791 incumbebat,
1420 3726 1454 3777 ut
1471 3720 1542 3776 eitra
1555 3717 1756 3792 exceptionem
1770 3717 1854 3773 ullum

96 3807 231 3880 colligere
255 3807 334 3891 lieet?
358 3823 425 3863 eum
451 3809 582 3865 Ecclesia
614 3807 774 3867 ministerio
795 3808 883 3864 fuisse
911 3808 947 3863 ab
1002 3813 1096 3884 flerat,
1115 3812 1192 3886 quod
1206 3830 1239 3868 ea
1254 3813 1289 3868 dc
1303 3828 1333 3867 re
1350 3810 1487 3867 Dominus
1502 3812 1598 3865 noster
1612 3807 1776 3879 imperarit.

97 3895 259 3968 Augustino
278 3895 466 3953 destinatum.
1038 3906 1064 3958 s.
1091 3904 1264 3958 Feminarum
1296 3902 1372 3956 intra
1404 3899 1512 3955 domum
1540 3899 1597 3968 rjus
1627 3896 1706 3951 nutta
1738 3908 1854 3966 unpuan

134 3986 161 4039 8.
176 3982 246 4039 Cum
261 3982 352 4056 igitur
362 3983 540 4056 Augustinus
554 3982 585 4041 in
598 3984 737 4058 episcopii
751 3984 837 4042 domo
851 4001 949 4042 seeum
1001 3995 1160 4047 conuersata
1173 3995 1222 4059 est,
1238 3990 1315 4045 ranila
1330 3991 1441 4050 mansit.
1457 4003 1491 4042 ne
1505 3986 1615 4057 quidem
1633 4000 1766 4055 germarus
1784 3997 1854 4039 soror

96 4072 214 4130 clericos
229 4089 296 4128 snos
313 4069 442 4143 haberet,
456 4089 521 4128 enm
535 4073 638 4130 iisdem
664 4075 788 4130 formam
809 4074 875 4130 vitre
894 4073 950 4147 pri·
1003 4096 1062 4152 qma
1073 4081 1158 4135 aiano
1172 4082 1224 4134 nco
1248 4080 1364 4134 seranus
1381 4078 1465 4132 martio
1491 4081 1608 4146 tempore
1636 4088 1723 4145 usque
1737 4088 1771 4129 en
1789 4072 1855 4128 dien

96 4179 210 4221 morum
236 4162 465 4220 1111118118ὓοΐῦῐῦ
488 4159 673 4237 11103061ῆὶ8
693 4163 869 4235 degentium,
885 4163 951 4236 qui·
1003 4169 1092 4225 obitus
1124 4170 1169 4224 sui
1192 4169 1343 4238 praeposita
1365 4166 1530 4221 anciliorum
1558 4164 1606 4219 Dei
1630 4163 1723 4229 uiait;
1743 4160 1792 4217 sed
1811 4173 1855 4214 net

100 4254 250 4310 buscrant
264 4252 951 4327 omniacommuuia,nibilproprium,queutum
1000 4258 1237 4329 patruisuifiliee,
1254 4260 1280 4311 ct
1303 4258 1403 4324 {ratris
1422 4257 1480 4310 suis
1502 4254 1576 4323 filiae,
1593 4267 1653 4322 que
1677 4252 1786 4322 pariter
1808 4251 1855 4304 neo

96 4348 218 4417 poterat,
234 4343 396 4400 sectabatur
410 4342 507 4416 (Sena.
528 4345 590 4412 355,
605 4358 629 4399 a.
648 4347 673 4414 l,
688 4359 716 4399 ιι.
733 4346 769 4411 2;
787 4343 873 4400 Sum.
887 4346 949 4411 366,
1003 4347 1155 4404 sociabant
1171 4361 1177 4400 :
1193 4361 1262 4417 onas
1275 4359 1405 4417 personas
1420 4347 1575 4399 sanctorum
1594 4343 1783 4411 episcoporum
1797 4353 1854 4394 oon·

96 4447 125 4488 n.
144 4434 178 4504 1).
195 4434 227 4488 ln
241 4432 318 4487 illius
336 4432 470 4490 societate
484 4433 557 4489 nulli
569 4433 675 4488 licebat
688 4448 773 4489 suum
784 4431 892 4505 aliquid
904 4431 950 4487 di·
1004 4437 1068 4492 citio
1082 4438 1112 4490 m
1126 4437 1245 4506 exceptis
1264 4437 1422 4504 posuerunt.
1452 4431 1561 4487 Dicebat
1581 4445 1655 4496 uno,
1672 4430 1741 4500 auio
1757 4428 1809 4483 etsi
1826 4424 1856 4481 de

98 4535 172 4585 cere,
188 4520 239 4576 sed
253 4521 350 4577 omnia
364 4521 595 4578 omuibuserent
618 4519 805 4576 communia:
826 4522 950 4591 etqnot·
1004 4539 1094 4580 sorore
1120 4528 1146 4579 ot
1172 4523 1299 4593 neptibus
1321 4537 1410 4578 secum
1433 4518 1660 4576 commorantibus
1680 4518 1759 4573 nulla
1783 4514 1857 4572 meai

101 4609 217 4682 quotin
230 4626 293 4665 eam
305 4610 541 4683 admittebantur,
556 4610 629 4665 heac
644 4609 698 4665 sibi
712 4610 805 4681 legem
823 4607 953 4663 sciebant
1002 4616 1092 4683 posset
1120 4611 1195 4666 mota
1216 4611 1356 4680 suspici03
1388 4614 1478 4666 tamen
1505 4608 1634 4677 quoniam
1658 4605 1715 4660 ilias
1740 4616 1858 4675 persona

102 4697 377 4771 impositamiSerm.
392 4703 453 4770 656,
468 4703 560 4770 ι.1,ιι.
576 4702 612 4767 t,
627 4700 713 4756 Sena.
726 4701 789 4769 356,
802 4715 829 4753 n.
847 4698 886 4769 t).
901 4697 953 4752 Νι·
1004 4704 1062 4756 sine
1081 4700 1146 4755 aliis
1160 4700 1319 4754 necessariis
1337 4711 1478 4767 secumque
1489 4695 1661 4751 manentibus
1672 4695 1785 4762 seminis
1807 4705 1858 4747 esse

100 4803 233 4861 quesere
248 4789 340 4844 ullum
350 4787 500 4845 ordinabat
507 4785 714 4857 clericum,uisi
728 4786 778 4860 qui
791 4786 946 4843 secumsub
1005 4805 1059 4846 ιιοιι
1073 4792 1192 4860 possent,
1217 4793 1242 4843 et
1263 4787 1335 4859 quod
1358 4786 1395 4841 ad
1417 4801 1462 4841 eas
1488 4786 1549 4840 atie
1564 4785 1646 4839 etiarn
1659 4799 1676 4838 o
1687 4784 1759 4850 soris
1773 4781 1858 4837 mua·

101 4892 136 4933 ea
150 4876 313 4933 conditione
324 4891 440 4933 munere
454 4879 561 4934 vellet:
579 4882 611 4934 ut
629 4877 653 4932 si
669 4875 734 4949 quis
752 4875 920 4932 descisceret
936 4891 951 4930 e
1004 4883 1074 4946 rent,
1091 4878 1124 4934 de
1139 4878 1182 4933 bis
1195 4892 1274 4948 posse
1287 4876 1478 4947 offendiculum
1494 4878 1542 4929 aut
1555 4872 1718 4929 scandatum
1732 4871 1859 4942 infirnu-

97 4965 259 5040 proposito,
280 4965 323 5021 illi
333 4965 499 5022 clericatum
516 4967 652 5035 auferret,
673 4980 798 5038 eumque
812 4964 891 5031 velut
909 4980 952 5019 sa·
1004 4968 1082 5022 ribus
1107 4967 1184 5021 nasci
1195 4981 1203 5033 ;
1232 4969 1257 5020 et
1283 4965 1345 5019 ilios
1367 4965 1416 5034 qui
1437 4977 1497 5018 cum
1528 4963 1651 5031 episcopo
1679 4959 1723 5014 eet
1747 4957 1861 5030 quotibet

95 5072 154 5115 orae
172 5053 314 5111 societatis
327 5060 476 5127 suscepte,
501 5059 530 5111 et
558 5061 663 5112 sauctae
686 5052 874 5126 professionis
903 5052 954 5108 de·
1006 5057 1102 5112 clerico
1114 5057 1349 5123 submonerent,
1365 5068 1399 5107 ea
1413 5050 1603 5107 illisomnibus
1621 5039 1790 5116 [emissurum
1802 5060 1861 5118 per·

99 5151 238 5203 sertorem
257 5143 292 5200 de
307 5142 396 5214 gradu
411 5143 548 5216 dejiceret
573 5145 670 5216 (Serra.
692 5147 756 5214 esu,
782 5158 829 5197 ιιιι.
851 5142 952 5213 611).
1007 5145 1079 5199 souis
1095 5158 1172 5213 posse
1184 5157 1240 5197 uua
1264 5141 1494 5198 commorantibus
1522 5141 1564 5195 cci
1579 5136 1803 5204 adronantibus,
1817 5135 1862 5190 aar

100 5231 145 5290 Sic
167 5249 268 5290 omues
293 5231 390 5288 clerici
417 5248 483 5287 cum
514 5249 548 5290 eo
580 5248 721 5306 pauperes
744 5236 835 5298 erant,
867 5229 953 5285 simul
1008 5231 1201 5287 tentationibus
1214 5233 1341 5287 numanis
1354 5232 1453 5301 perire,
1471 5233 1520 5283 aut
1534 5231 1604 5284 certe
1626 5227 1706 5281 matr‘s
1728 5225 1862 5280 lanum

100 5325 295 5396 prestolantes
310 5319 538 5378 miscricordiam
567 5322 618 5377 liei
641 5338 674 5378 ex
691 5321 829 5377 reditibus
843 5335 954 5391 posses·
1008 5321 1204 5390 suspicionibus
1228 5323 1343 5391 pessime
1368 5318 1520 5388 diffamari.
1547 5316 1585 5372 Ob
1600 5315 1648 5370 boc
1671 5329 1734 5383 ergo
1748 5312 1861 5371 oseem

102 5410 218 5470 sianum
233 5411 374 5481 Ecclesia,
390 5412 434 5466 rel
455 5426 488 5465 er
510 5409 702 5468 oblationibus
721 5409 862 5476 fidelium,
890 5424 955 5481 quse
1008 5423 1148 5478 nunquam
1161 5408 1255 5463 deine
1268 5409 1387 5476 seminas
1401 5422 1461 5462 cum
1475 5406 1560 5463 suun
1576 5405 1634 5470 liei,
1651 5404 1735 5458 etiam
1746 5399 1862 5458 sortisti

105 5499 226 5577 siugulis
239 5519 292 5580 pro
306 5503 444 5580 cujusque
460 5498 620 5574 indigentia
631 5499 875 5558 distribuebantur
883 5499 959 5566 (Ροι-
1010 5498 1072 5566 mn,
1092 5512 1148 5552 una
1168 5513 1276 5554 manere
1299 5498 1387 5565 domo,
1419 5511 1461 5564 ne,
1486 5499 1516 5550 ut
1544 5494 1648 5549 dictura
1673 5497 1724 5560 est,
1753 5486 1862 5564 eligam
