3884 6112
158 236 210 306 eta

155 373 292 445 priorem.
314 370 382 437 Quls
398 373 501 427 deinde
516 373 554 427 sic
574 372 708 426 acutum⁴
728 377 825 427 cernat
851 371 958 438 animo,
971 374 1006 425 ut

154 460 216 515 sine
239 461 336 515 labore
354 477 459 530 magno
480 461 644 532 dignoscere
670 460 769 520 valcat,
799 458 942 530 quomodo
967 456 1004 511 sit

159 549 240 621 prior
254 566 350 617 sonus,
362 566 448 620 qnam
464 549 644 615 cautus,ideo
654 549 720 620 quia
736 546 1003 602 cantusestforma-

159 645 204 693 lus
217 655 326 704 sensus,
344 643 372 692 ct
393 654 453 691 esse
468 637 566 707 utique
577 636 686 706 aliquid
703 651 763 689 non
779 635 935 689 formatum
947 634 1005 703 pot·

156 731 209 797 est,
225 725 341 781 formari
355 731 451 779 autem
466 724 542 796 quod
554 740 612 778 uon
630 728 683 792 est,
697 741 755 778 non
771 723 890 794 potest?
905 721 949 776 Sic
962 725 1004 775 est

155 816 234 887 prior
248 813 390 879 materies,
412 828 498 884 quam
523 811 552 866 id
581 813 659 883 quod
684 829 714 866 ex
745 828 779 866 ca
794 810 827 866 flt
842 827 848 865 ι
864 827 922 865 ιιοιι
938 809 1003 864 ideo

156 903 235 974 prior
250 902 318 973 quia
331 901 393 971 ipsa
407 901 503 967 eflicit,
519 916 583 956 cam
599 900 694 971 polius
709 900 761 955 liat
775 919 782 967 ;
798 915 850 954 nec
864 898 944 969 prior
958 897 1003 951 in-

154 991 271 1048 tervallo
286 988 432 1060 temporis.
450 990 547 1060 Neque
562 988 639 1044 enim
659 988 754 1060 priora
774 992 903 1059 tempore
919 1002 1004 1041 sonos

155 1080 266 1135 edimus
287 1077 424 1131 informes
443 1075 503 1130 sine
519 1080 614 1138 cantu,
637 1080 665 1129 et
684 1093 733 1130 eos
756 1076 912 1147 posteriore
928 1079 1004 1129 tem-

155 1185 223 1242 pore
238 1167 267 1221 in
283 1165 405 1220 formam
419 1164 520 1218 cantici
530 1167 694 1234 coaptamus
709 1169 759 1218 aut
769 1163 916 1233 tingimus,
930 1163 1004 1217 sicut

156 1259 254 1327 lingua
269 1255 372 1325 quibus
383 1269 456 1317 arca,
473 1253 517 1306 vol
528 1257 678 1322 argentum
690 1269 746 1324 quo
758 1253 904 1306 vasculum
916 1251 1002 1305 fabri·

155 1350 244 1400 catur.
260 1344 341 1397 Tales
356 1341 463 1412 quippe
486 1339 613 1395 materiae
640 1345 770 1411 tompore
795 1339 879 1393 etiam
896 1353 1002 1408 preecc-

156 1433 227 1485 dunt
241 1430 346 1484 formas
361 1445 456 1483 rerum
473 1444 537 1498 quaa
550 1428 625 1482 fiunt
640 1444 673 1482 ex
685 1428 744 1483 cis:
761 1432 789 1481 at
806 1427 835 1480 in
849 1432 934 1480 cantu
945 1441 1002 1479 uon

154 1521 195 1574 ita
209 1524 261 1573 est.
279 1519 349 1573 Cum
365 1517 443 1571 enim
456 1520 596 1583 cantatur,
617 1516 732 1571 auditur
744 1532 831 1570 sonas
851 1516 930 1584 ejus;
944 1529 1002 1568 non

153 1607 233 1678 prius
248 1605 408 1659 informiter
419 1608 508 1670 sonat,
523 1607 550 1657 el
561 1604 662 1658 deinde
675 1603 815 1657 formatur
831 1603 860 1656 in
875 1606 1000 1656 cantum.

154 1696 232 1761 Quod
248 1694 324 1749 errim
337 1693 429 1764 primo
448 1698 603 1762 utcumque
628 1692 767 1757 sonuerit,
783 1691 931 1761 prmterit;
950 1706 1002 1745 uec

153 1801 188 1839 ex
200 1800 233 1839 eo
251 1783 409 1855 quidquam
424 1780 549 1851 reperies
568 1781 644 1851 quod
660 1785 840 1850 resumptum
850 1784 909 1833 arte
926 1795 1001 1832 com-

151 1887 260 1944 ponas:
277 1874 306 1924 et
319 1870 382 1923 idco
393 1872 491 1922 cantus
504 1869 533 1922 in
547 1885 617 1922 sono
633 1867 831 1932 suovertitur;
849 1866 898 1937 qui
914 1882 1000 1920 sonus

151 1962 222 2031 ejus,
239 1957 372 2013 materies
385 1958 504 2028 ejusest.
521 1957 599 2011 ldcm
615 1956 721 2027 quippe
738 1956 877 2010 formatur
891 1958 922 2010 ut
934 1971 1000 2008 can·

151 2056 195 2104 tus
212 2048 266 2113 sit;
283 2045 385 2100 etidco
401 2045 473 2100 sicut
483 2045 623 2111 dicebam,
638 2045 719 2114 prior
732 2044 865 2098 materies
879 2043 1000 2097 sonandi

151 2152 237 2207 quam
263 2136 355 2189 forma
382 2133 514 2187 cantandi
531 2149 609 2187 :non
635 2149 684 2203 per
698 2132 818 2186 faciendi
842 2131 998 2202 potentiam

152 2225 231 2294 prior
245 2223 277 2290 ’ς
292 2238 385 2292 neque
416 2221 493 2274 enim
508 2237 595 2273 sonus
610 2225 652 2274 est
666 2220 800 2274 oeniandi
816 2219 925 2288 artifex,
949 2219 999 2273 sed

150 2310 276 2366 cantanti
291 2309 395 2363 animae
411 2308 537 2377 subjacet
552 2324 585 2360 ex
607 2324 738 2378 corpore,
754 2307 789 2361 do
811 2322 868 2377 quo
884 2310 999 2361 cantum

149 2399 244 2454 faeiat.
261 2397 318 2452 Nec
340 2400 469 2464 tempore
494 2393 592 2465 prior;
614 2394 701 2449 simul
725 2394 801 2448 enim
825 2410 890 2448 cum
913 2400 998 2450 cantu

149 2487 253 2542 editur.
270 2487 325 2540 Nec
350 2483 430 2555 prior
449 2482 603 2548 electioue;
620 2481 769 2536 nonenim
797 2480 890 2552 potior
911 2497 998 2535 sonus

149 2591 237 2647 quam
260 2579 370 2637 cantus,
398 2570 631 2643 quandoquidem
646 2575 745 2624 cantus
760 2574 802 2624 est
816 2585 874 2623 non
886 2573 996 2623 tantum

149 2679 246 2726 sonus,
266 2659 466 2716 verumetiam
486 2675 572 2713 sonus
601 2659 753 2730 speciosus.
778 2658 831 2712 Sed
854 2657 933 2728 prior
954 2666 998 2713 est

147 2749 258 2821 origine
271 2769 278 2815 3
293 2747 434 2820 quianon
449 2751 548 2801 cantus
565 2746 705 2800 formatur
720 2750 751 2800 ut
778 2760 865 2799 sonus
880 2745 926 2811 sit,
943 2747 992 2801 sed

147 2855 232 2893 sonus
246 2837 385 2892 formatur
399 2840 432 2889 ut
442 2839 541 2889 cantus
558 2835 602 2890 sit.
621 2836 679 2890 lloc
692 2835 822 2906 exemplo
837 2834 887 2906 qui
902 2840 996 2905 potest

146 2925 289 2997 intelligat
303 2923 454 2980 materiam
468 2939 565 2978 rerum
580 2923 674 2994 primo
688 2923 790 2978 factam
815 2928 844 2978 ct
869 2923 994 2994 appella·

146 3020 205 3069 tam
221 3014 325 3068 eoelum
340 3016 368 3067 ct
380 3017 498 3078 terram,
514 3013 582 3083 quia
594 3010 662 3067 iude
676 3011 749 3066 facta
765 3016 832 3066 sunt
845 3011 948 3066 coelam
968 3017 996 3068 et

145 3108 221 3156 terra
237 3118 244 3155 τ
257 3117 308 3155 nce
319 3104 446 3169 tempore
459 3099 553 3169 primo
566 3098 668 3153 factam
680 3115 687 3166 ;
701 3099 768 3170 quia
783 3099 883 3153 formoe
898 3115 994 3153 rerum

145 3193 278 3245 esserunt
290 3193 431 3257 tempora,
450 3186 499 3240 illa
516 3189 612 3240 autem
631 3190 692 3240 erat
712 3186 842 3241 informis
854 3204 861 3253 ;
875 3187 993 3259 jamque

145 3279 174 3332 in
188 3276 364 3348 temporibus
380 3274 464 3328 simul
490 3273 737 3336 arrimodrerlitur,
765 3289 817 3328 nec
839 3277 933 3329 tamon
959 3276 994 3330 dc

143 3368 193 3421 illa
206 3363 329 3420 narrari²
344 3362 453 3433 aliquid
469 3364 572 3432 potest,
593 3361 649 3414 nisi
667 3361 744 3415 velut
758 3367 888 3432 tempore
912 3363 993 3433 prior

143 3457 178 3510 sit
191 3475 198 3521 3
213 3470 278 3508 cnm
292 3452 435 3524 pendatur
449 3449 612 3515 extremior,
635 3449 702 3520 quin
723 3450 849 3519 profecto
875 3451 992 3505 meliora

143 3549 210 3599 sunt
223 3543 344 3597 formata
359 3556 445 3613 quam
459 3537 602 3599 informia,
619 3542 648 3592 et
662 3538 840 3608 praecedatur
853 3543 862 3574 ⁴
878 3539 991 3592 {eterni-

141 3638 197 3687 tate
211 3631 356 3695 crcatoris,
371 3633 401 3684 ut
416 3631 488 3683 esset
503 3628 536 3682 dc
551 3626 652 3692 nihilo,
674 3628 749 3681 unde
773 3626 881 3699 aliquid
899 3627 990 3684 lieret.

467 3734 667 3787 CXPL'TXXX.

169 3829 337 3881 Tr·octetorcs
367 3823 517 3890 Scriptura
531 3821 638 3874 etiaersa
653 3822 793 3874 sentientes
808 3822 966 3877 concordent

291 3912 404 3964 inuicem
419 3909 552 3962 alteritate
561 3912 585 3961 ct
595 3908 686 3961 stadio
699 3910 834 3963 ueritatis.

176 4004 221 4056 41.
237 4001 269 4054 ln
284 3999 337 4052 bac
358 3995 518 4052 diversitate
544 3995 750 4049 sententiarum
767 4012 898 4051 verarum
920 4013 988 4053 con·

139 4088 267 4144 cordiam
277 4085 369 4158 pracial
383 4084 445 4153 ipsu
460 4082 586 4149 Veritas3
602 4087 630 4136 ct
645 4084 718 4137 Deus
740 4089 836 4138 noster
857 4085 989 4141 miserea-

138 4184 187 4232 tur
201 4175 300 4241 nostri,
318 4172 486 4243 allegitimo
509 4171 580 4242 Lege
602 4176 727 4238 utamur,
754 4173 892 4243 praecepti
916 4174 986 4242 line,

139 4283 211 4337 pura
226 4263 361 4319 charitate
376 4279 382 4315 ι
399 4276 431 4314 ac
445 4276 496 4331 per
510 4259 564 4314 hoe
578 4259 601 4313 si
614 4260 677 4331 quis
689 4262 831 4331 quaritex
848 4278 903 4328 mo,
919 4263 987 4333 quid

142 4355 245 4408 borum
261 4352 370 4421 Moyses
381 4348 429 4402 ille
443 4354 510 4401 tuus
524 4348 647 4402 famulus
659 4350 789 4412 senserit,
806 4366 864 4404 uon
878 4354 944 4404 sunt
957 4350 988 4404 1ιί

143 4455 289 4495 sermones
303 4435 512 4491 confessionum
523 4452 662 4492 mearum.
673 4438 701 4491 Si
714 4438 765 4492 tibi
780 4455 838 4493 nou
849 4439 988 4493 conliteor

138 4527 233 4582 nascio
245 4546 252 4593 ;
266 4530 295 4580 et
309 4524 366 4578 scio
381 4527 477 4578 tamon
490 4523 552 4577 illas
567 4538 646 4577 ueras
661 4541 722 4578 esse
745 4527 908 4592 sententias,
936 4542 986 4580 ax-

139 4614 229 4684 ccptis
243 4613 404 4667 carnalibus
414 4612 449 4666 ds
464 4612 567 4684 quibus
582 4617 722 4683 quantum
734 4613 893 4668 existimari
909 4614 985 4669 locu-

136 4708 182 4758 tus
196 4719 279 4757 sum:
296 4719 367 4774 quos
380 4706 478 4756 tamen
492 4701 576 4756 bonae
591 4701 653 4772 spei
668 4701 798 4771 parvulos
814 4701 874 4756 lime
900 4703 985 4757 rerba

136 4792 214 4849 Libri
226 4791 269 4847 tui
284 4808 341 4846 uon
357 4791 495 4857 territant,
518 4791 574 4846 alta
596 4789 752 4852 humiliter,
775 4793 803 4844 et
824 4806 914 4860 pauca
937 4807 984 4846 co·

167 4914 324 4964 1δὲεαοιιιο
338 4915 433 4964 cerret
453 4913 551 4971 aalma,
568 4913 645 4977 juxta
665 4911 764 4962 Somm.
786 4911 872 4961 Roud.
896 4916 982 4963 errant

134 4978 196 5028 blas.
214 4980 241 5026 et
253 4979 266 5025 5
280 4976 340 5023 blss.
356 4976 424 5038 apud
443 4976 517 5024 biart.
533 4976 567 5024 bl.

165 5034 417 5110 ¹Edd.,perfieiendt
460 5040 540 5109 tentia
550 5040 635 5099 prior:
645 5035 838 5101 refragantibus
849 5037 911 5085 llas.
920 5049 983 5100 quo·

133 5116 193 5152 rum
208 5101 349 5151 leotronem
362 5113 422 5161 amp
434 5102 554 5148 ectrmnr.

164 5161 342 5236 ³cheudu1n
364 5160 477 5232 videtur,
502 5161 617 5233 occidit:
641 5161 700 5210 vult
722 5161 793 5232 enim
816 5159 981 5222 Augustinus

133 5226 282 5291 quod,srcut
295 5236 376 5272 sonus
389 5223 789 5286 orrgmspraecedrtcantumqur
802 5222 979 5280 coformatur,

133 5290 170 5339 ita
186 5287 296 5337 materia
309 5284 381 5335 velut
397 5287 523 5346 temporo,
535 5284 560 5332 id
571 5288 611 5332 ost
625 5285 725 5347 origine
735 5283 882 5348 precedere
894 5282 980 5345 debet,

132 5355 162 5400 ut
173 5348 271 5414 aliquid
287 5348 318 5397 de
330 5346 377 5395 illa
390 5347 498 5396 vuraurt
513 5345 603 5407 possit.

162 5412 229 5463 ‘Sic
252 5411 313 5459 blss.
328 5411 355 5459 ct
373 5407 454 5467 lim-3
473 5409 500 5455 at
522 5406 586 5456 Bed.
611 5405 698 5468 babet,
712 5407 920 5473 precedentem
935 5407 979 5458 alii

106 5536 109 5541 Ι
132 5471 205 5530 editt
218 5471 382 5534 praeerunt.

750 223 1021 307 eorressroauu
1041 246 1069 304 e.
1097 247 1290 306 AUGUSTle
1862 250 1899 307 aa

1058 369 1147 440 piosc.
1167 369 1221 425 Sed
1235 386 1335 424 omues
1348 385 1420 439 quos
1434 368 1465 424 iu
1479 368 1521 424 eis
1537 368 1637 424 verbis
1660 382 1732 423 aera
1758 383 1900 425 cernerer

1057 459 1158 523 dicere,
1175 458 1276 524 fateor,
1292 458 1445 530 diligamus
1459 474 1512 513 nos
1535 457 1680 526 invicem,
1695 455 1901 531 paritsrqael‘s

1057 547 1180 619 ligamus
1208 552 1236 602 tc
1262 549 1351 602 Deum
1375 552 1505 603 nostram
1533 547 1653 602 fontem
1666 546 1814 614 raritatis,
1826 548 1849 602 si
1864 565 1903 604 aas

1058 653 1140 705 vana,
1154 637 1203 691 sad
1213 637 1306 708 ipsam
1319 635 1441 704 sitimus;
1456 636 1660 708 eumdemque
1684 635 1834 691 famulum
1846 640 1903 693 uua

1058 724 1210 795 Scriptores
1233 725 1320 796 hujus
1347 725 1584 796 dispensatorem,
1601 724 1720 797 Spiritu
1739 730 1794 781 tuo
1809 726 1904 796 plenas

1058 809 1098 866 ita
1116 813 1301 881 honoremus,
1317 815 1349 866 ut
1368 811 1424 866 hoc
1440 827 1508 867 eum
1536 816 1566 867 te
1589 810 1750 867 revolante
1780 827 1849 867 cum
1863 813 1905 868 bet

1058 899 1194 956 scriberet
1206 899 1358 956 attendisse
1372 899 1531 968 credamus,
1547 900 1629 973 quod
1646 899 1679 955 in
1699 900 1747 957 eis
1762 901 1906 958 maximae

1058 990 1121 1044 luce
1134 989 1272 1057 ueritatis,
1288 993 1316 1045 et
1329 990 1411 1061 fruge
1424 988 1557 1045 utilitatis
1570 989 1707 1045 excellit.

1373 1113 1486 1169 CAPUT
1501 1114 1592 1170 XXXI.

1058 1203 1175 1258 Smsisse
1195 1201 1336 1273 putandus
1355 1206 1393 1257 est
1411 1204 1514 1270 Moyses
1534 1200 1684 1271 quidquid
1703 1204 1771 1257 ueri
1790 1206 1904 1272 potestis

1318 1292 1406 1360 ipsius
1424 1290 1512 1345 uerbb
1525 1292 1664 1345 inueniri.

1091 1398 1136 1451 42.
1154 1396 1197 1451 lta
1210 1411 1279 1450 cum
1299 1395 1370 1449 alius
1384 1394 1497 1456 dixerit,
1514 1396 1572 1450 iloc
1588 1395 1686 1451 sensit
1710 1394 1795 1467 qnod
1809 1411 1859 1467 ego
1870 1404 1906 1464 ,et

1057 1485 1140 1553 alius,
1157 1486 1217 1539 lmo
1232 1484 1303 1539 illud
1319 1484 1472 1555 quadrage,
1490 1483 1661 1554 religiosius
1676 1500 1730 1540 me
1742 1484 1905 1541 arbitroru-

1057 1589 1130 1642 cere,
1147 1574 1272 1628 Curnon
1288 1577 1441 1643 atrumque
1460 1570 1567 1642 potius,
1586 1572 1613 1626 si
1631 1575 1804 1644 utrumque
1825 1589 1905 1629 aaran

1057 1664 1123 1716 est‘?
1138 1663 1171 1716 Et
1182 1661 1207 1715 si
1218 1661 1287 1733 quid
1302 1661 1428 1727 tertium,
1444 1665 1472 1715 et
1486 1659 1509 1714 si
1525 1660 1598 1732 qaid
1613 1667 1776 1733 quartum,
1788 1662 1905 1737 etsiquil
1938 1710 1940 1741 :

1057 1750 1174 1805 omnino
1188 1749 1266 1805 aliud
1281 1765 1379 1804 acrum
1395 1748 1539 1821 quispiam
1554 1749 1641 1804 inhia
1654 1751 1905 1819 verbisaidel3car

1055 1854 1114 1894 non
1130 1838 1178 1892 illa
1192 1838 1289 1892 omnia
1303 1837 1406 1892 vidisse
1420 1837 1561 1905 credatur,
1577 1854 1635 1909 par
1650 1855 1751 1911 quem
1768 1842 1904 1897 unuslleas

1056 1942 1148 1981 sacras
1165 1926 1282 1980 Litteras
1296 1941 1361 1980 aera
1375 1929 1405 1980 et
1418 1924 1529 1980 diversa
1545 1925 1655 1981 visuris
1670 1929 1839 1985 multorum
1854 1946 1903 1985 sea·

1054 2014 1134 2069 sibus
1149 2012 1337 2085 temperavit?
1346 2014 1403 2084 Ego
1415 2016 1498 2079 certe,
1515 2015 1596 2086 quod
1605 2014 1827 2088 iuterpidusds
1838 2019 1902 2074 carte

1054 2119 1119 2158 meo
1133 2101 1299 2174 pronuntio,
1313 2101 1336 2155 si
1348 2101 1383 2156 ad
1397 2101 1511 2157 culmen
1526 2102 1721 2159 auctoritatis
1731 2106 1842 2178 aliquid
1852 2106 1902 2161 scri

1053 2191 1171 2257 berem;
1192 2190 1232 2245 sic
1247 2190 1362 2244 mallem
1376 2189 1509 2257 scribere,
1524 2193 1557 2245 ut
1571 2190 1655 2263 quod
1671 2192 1741 2248 veri
1756 2194 1902 2266 quisquetle

1054 2279 1099 2334 bis
1112 2280 1195 2334 rebus
1210 2294 1311 2351 cepere
1325 2284 1429 2350 posset,
1442 2293 1507 2332 mea
1522 2279 1613 2335 rerba
1629 2289 1821 2351 resonarent,
1835 2298 1900 2357 qam
1938 2274 1940 2293 '

1054 2373 1087 2422 nt
1102 2384 1187 2423 unam
1207 2383 1303 2423 veram
1315 2366 1486 2421 sententiam
1501 2366 1608 2423 adhoc
1622 2370 1766 2440 apertius
1776 2387 1899 2444 ponam,

1056 2462 1088 2511 ut
1101 2457 1282 2513 excluderem
1297 2460 1423 2524 ceteras,
1439 2471 1562 2527 quarum
1580 2456 1703 2515 falsitas
1723 2476 1773 2517 me
1787 2477 1842 2517 uon
1851 2478 1898 2534 pse

1052 2550 1095 2601 set
1109 2545 1262 2600 offendere.
1277 2544 1349 2599 Nolo
1373 2543 1482 2616 itaque,
1503 2545 1581 2600 Deus
1597 2561 1702 2618 meus,
1719 2552 1783 2606 tam
1797 2565 1897 2623 praoeps

1052 2650 1122 2699 esse,
1137 2638 1169 2689 nl
1182 2634 1237 2688 hoc
1252 2632 1334 2687 illum
1349 2632 1442 2687 virum
1456 2632 1492 2687 ds
1506 2636 1536 2688 tc
1549 2635 1704 2692 meruisse
1721 2654 1785 2695 non
1799 2638 1895 2695 credm

1051 2723 1144 2779 Sensit
1157 2723 1205 2777 ille
1224 2722 1340 2776 omniuo
1354 2721 1385 2775 in
1400 2720 1443 2775 his
1457 2721 1561 2785 verbis,
1581 2727 1677 2795 atque
1695 2726 1834 2798 cogitarit
1850 2742 1895 2782 aaa

1052 2829 1085 2866 ea
1100 2811 1244 2878 scriberet,
1260 2808 1399 2882 quidquid
1413 2809 1460 2864 hic
1472 2809 1533 2864 veri
1546 2812 1712 2883 potuimus
1728 2815 1861 2883 invenire,
1875 2819 1895 2869 ct

1051 2898 1192 2971 quidquid
1207 2913 1259 2953 nos
1273 2913 1332 2952 non
1346 2897 1503 2969 potuimus,
1518 2903 1570 2954 aut
1587 2902 1736 2959 nondum
1750 2918 1892 2977 possumus

1051 2993 1080 3044 et
1093 2991 1189 3042 tauren
1203 2986 1233 3041 in
1248 2986 1289 3042 cis
1304 2985 1427 3042 inveniri
1441 2991 1545 3058 potest.

1360 3111 1472 3167 meua
1485 3113 1593 3169 XXXll.

1087 3203 1152 3258 Veri
1166 3202 1314 3270 Scriptura
1325 3214 1417 3256 aeuus
1432 3217 1450 3255 a
1464 3202 1572 3271 Spiritu
1587 3209 1692 3261 sancto
1711 3208 1867 3264 naeuus.

1083 3309 1131 3363 43.
1149 3308 1306 3373 Postremo,
1324 3306 1443 3362 Domine
1458 3306 1508 3378 qui
1522 3307 1600 3363 Deus
1613 3325 1659 3376 es,
1677 3315 1710 3366 et
1725 3327 1786 3367 non
1807 3314 1891 3366 carrd

1047 3394 1179 3467 sangnis;
1196 3395 1219 3448 si
1234 3394 1303 3466 quid
1317 3395 1404 3450 bomo
1420 3395 1516 3450 minas
1532 3395 1623 3465 videt,
1640 3400 1797 3472 numquid
1809 3398 1890 3469 esp

1047 3484 1134 3538 ritum
1149 3488 1231 3539 tuum
1246 3485 1354 3539 bouum
1369 3483 1418 3556 qui
1431 3484 1550 3540 deducet
1564 3501 1614 3540 mc
1628 3485 1664 3541 in
1681 3493 1794 3545 terram
1805 3492 1888 3544 recto!

1047 3573 1128 3641 (Psal.
1151 3588 1232 3639 cxcix,
1258 3575 1309 3641 lo),
1326 3573 1412 3627 latare
1436 3573 1537 3645 poluit,
1565 3574 1721 3648 quidquid
1746 3575 1888 3633 erasistis

965 3719 979 3744 o
1046 3661 1139 3716 verbis
1149 3666 1181 3716 tu
1194 3662 1255 3732 ipse
1270 3661 1445 3717 revelaturus
1459 3662 1624 3732 legentibus
1640 3667 1785 3736 posteris,
1797 3662 1888 3722 eumd

1046 3748 1094 3804 ille
1107 3765 1159 3820 per
1173 3765 1260 3820 quem
1274 3749 1350 3805 dicta
1364 3754 1441 3816 sunt,
1454 3766 1542 3804 unam
1552 3750 1692 3807 fortassis
1703 3770 1740 3809 ex
1754 3754 1888 3810 mollisse

1044 3837 1083 3891 ris
1099 3837 1269 3892 sententiam
1284 3837 1439 3908 cogitavit?
1453 3836 1533 3902 Quod
1548 3838 1572 3892 si
1587 3839 1629 3893 ita
1643 3844 1703 3909 cst,
1720 3838 1889 3913 sitigiturillt

1045 3941 1133 3996 quam
1151 3924 1286 3995 cogitavit
1299 3924 1407 3979 caeteris
1421 3924 1558 3979 excelsior
1571 3926 1592 3982 l.
1610 3926 1708 3982 Nobis
1731 3928 1887 3995 antemitt-

1044 4014 1133 4080 mine,
1149 4013 1296 4084 autipsam
1306 4012 1480 4080 demonstra,
1495 4017 1544 4067 aut
1558 4028 1651 4084 qnam
1668 4016 1770 4086 placet
1783 4018 1883 4072 atram

1044 4116 1159 4168 veram;
1175 4101 1279 4155 utsive
1293 4101 1445 4155 nobishoc
1460 4101 1535 4172 quod
1550 4101 1641 4156 etiam
1658 4104 1705 4159 illi
1718 4104 1833 4161 bomini
1843 4108 1887 4168 tta
1921 4136 1926 4145 ·

1043 4189 1102 4244 sire
1117 4189 1192 4243 aliud
1206 4204 1240 4243 ex
1255 4188 1422 4243 eorumdem
1442 4187 1596 4243 verboram
1624 4193 1786 4249 occasione
1799 4191 1886 4265 pateis·

1043 4277 1110 4344 cias,
1126 4282 1159 4332 tu
1171 4282 1267 4331 tamen
1281 4292 1456 4346 pascas,non
1465 4292 1545 4330 error
1557 4276 1677 4334 illudat.
1687 4281 1773 4350 Eece,
1785 4282 1885 4337 nante

1045 4366 1118 4420 Deus
1134 4379 1320 4436 meas,quam
1330 4364 1463 4420 multade
1475 4364 1574 4436 paucis
1580 4366 1795 4440 verbis,quam
1806 4370 1886 4432 malla,

1043 4469 1093 4508 oro
1112 4458 1152 4521 ta,
1165 4452 1354 4526 scripsimus?
1369 4454 1437 4519 Qua
1452 4457 1557 4508 nostrae
1571 4453 1661 4525 vires,
1678 4473 1749 4528 quae
1776 4463 1887 4529 tempor·

1041 4542 1175 4596 omnibns
1190 4541 1282 4597 Libris
1293 4541 1350 4596 tuis
1364 4542 1399 4598 ad
1414 4542 1499 4596 istum
1512 4542 1630 4598 modum
1642 4543 1887 4602 saniciensium

1040 4630 1136 4701 itaque
1151 4646 1198 4684 me
1213 4630 1326 4684 brevius
1339 4629 1369 4684 in
1380 4629 1421 4684 eis
1428 4630 1557 4685 confiteri
1564 4629 1629 4699 tibi,
1647 4637 1679 4687 et
1693 4634 1887 4707 eligarcanuu

1040 4718 1147 4790 aliquid
1157 4718 1233 4789 quod
1244 4722 1275 4773 tu
1285 4718 1469 4789 inspiraveris
1482 4734 1592 4786 aarum,
1602 4726 1724 4786 certum
1737 4727 1769 4778 st
1781 4724 1885 4785 bonam,

1040 4805 1154 4862 etiamsi
1168 4807 1259 4860 multa
1273 4806 1458 4872 occurrerint,
1474 4806 1524 4861 ubi
1539 4807 1631 4862 multa
1651 4825 1809 4867 occurrere
1822 4814 1885 4883 pote

1038 4898 1124 4961 rant;
1144 4910 1177 4949 ea
1186 4894 1242 4949 tide
1256 4893 1444 4949 confessionis
1458 4909 1541 4961 mea,
1553 4898 1588 4949 ut
1597 4894 1622 4950 si
1637 4896 1695 4952 hoc
1705 4897 1811 4955 dixero
1823 4893 1888 4970 gauf

1037 4983 1124 5038 sensit
1140 4982 1270 5037 minister
1284 4986 1361 5048 tuus,
1373 4987 1449 5037 recte
1462 4986 1547 5054 alque
1561 4983 1675 5054 optime
1689 5002 1696 5054 ;
1713 4986 1745 5042 id
1758 4987 1835 5042 euim
1850 4999 1885 5039 oo

1036 5071 1101 5126 nari
1124 5087 1169 5125 me
1184 5074 1298 5142 oportet
1313 5088 1320 5126 :
1335 5071 1414 5143 quod
1442 5071 1466 5126 si
1494 5076 1642 5127 assecutus
1671 5090 1734 5130 nou
1754 5076 1844 5142 lucro,
1860 5070 1885 5125 id

1037 5164 1135 5215 tamen
1158 5160 1251 5215 dicem
1277 5159 1352 5233 qaod
1367 5160 1438 5215 mihi
1452 5176 1503 5232 per
1530 5161 1592 5233 ejus
1616 5162 1707 5219 verba
1723 5164 1885 5220 venusta·

1037 5247 1131 5304 dicere
1146 5249 1269 5306 voluerit
1284 5265 1351 5321 quas
1366 5248 1409 5305 illi
1425 5265 1541 5322 quoque
1557 5249 1630 5306 dixit
1644 5253 1729 5325 qaod
1742 5252 1840 5310 soluit.

1067 5410 1075 5442 ¹
1092 5407 1285 5481 Eecelteattor,
1298 5407 1376 5471 juxta
1389 5408 1538 5472 complures
1548 5407 1646 5460 editos.
1662 5411 1698 5461 u.
1937 5430 1940 5439 ·

1066 5467 1243 5533 ’susficlaut
1255 5475 1331 5534 Juxta
1346 5469 1450 5520 Somm.
1467 5470 1530 5521 Aru.
1544 5472 1573 5523 et
1585 5471 1666 5523 biart.
1675 5486 1740 5525 cum
1755 5471 1840 5524 sila.
1850 5467 1877 5519 tl.
