3884 6112
62 284 98 337 29
777 290 901 348 onnus
923 292 1115 352 rhenano.
1791 295 1825 350 3⁰

63 407 240 476 absolutum,
256 423 375 481 operam
390 411 478 467 etiam
490 428 566 468 nnnc
578 413 704 487 aliquam
716 414 829 487 exigere
842 415 1001 473 videbatur.
1013 417 1087 473 Nihil
1102 433 1198 473 veroa
1212 416 1295 472 nobis
1308 415 1546 488 pretermissum,
1561 417 1591 469 nt
1604 415 1629 470 ei
1640 415 1722 471 flerat
1737 413 1820 470 satis.

64 497 127 567 Eius
141 497 185 551 rei
200 513 286 552 cansa
299 503 410 553 veteres
424 502 634 573 manuscriptos
654 503 773 567 codices,
793 503 822 557 in
837 503 941 575 quibus
955 521 1007 559 sua
1020 507 1123 579 cuique
1137 509 1244 562 auctori
1261 505 1471 571 adscribuntur,
1486 521 1572 577 qnam
1587 504 1728 574 plurimos
1742 503 1823 559 adhi-

63 584 198 640 buimus:
213 585 291 640 viros
303 587 413 655 doctos,
429 589 479 661 qni
494 607 525 645 ex
540 591 676 646 familiari
697 592 787 646 sancti
800 592 926 646 Doctoris
940 592 1059 649 lectione
1075 602 1103 650 et
1117 594 1259 668 frequenti
1275 612 1325 648 usu
1341 594 1437 649 stilum
1454 594 1515 665 ejus
1529 609 1561 647 ac
1575 593 1692 665 genium
1708 606 1824 665 perseu-

61 675 114 728 tire
129 674 284 730 assuefacti
305 681 381 743 sunt,
399 678 607 747 consuluimns;
623 696 732 751 nosque
749 680 802 752 ipsi
817 697 882 736 cum
896 681 1065 738 indubitatis
1077 684 1230 755 Augustini
1245 683 1385 755 Operibus
1407 699 1441 737 ea
1462 698 1527 754 quae
1551 681 1637 736 dubia
1653 687 1682 736 et
1701 697 1758 736 non
1782 680 1823 735 ita

61 767 138 819 certa
168 769 263 831 erant,
294 764 448 837 diligenter
473 768 661 836 contulimus;
684 774 712 823 et
727 769 803 836 stilo,
830 769 986 835 sententiis,
1007 770 1146 841 doctrina,
1170 772 1381 843 scripturarum
1410 770 1591 826 citationibus
1606 774 1634 824 et
1662 769 1822 842 explicandi

64 855 180 909 ratione
203 854 327 909 invicem
350 859 532 929 comparatis,
554 876 615 914 rem
634 877 668 914 co
694 877 710 914 a
733 860 816 915 nobis
838 860 1003 931 perductam
1027 859 1232 927 existimamus,
1256 864 1289 914 ut
1309 860 1431 927 nullum,
1457 864 1507 914 aut
1525 860 1583 914 fere
1605 858 1718 914 nullum
1743 857 1822 912 inter

64 943 193 1013 genuina
216 944 369 1015 Augustini
385 961 472 1016 opera
499 947 687 1018 rejiciendum
702 948 835 1019 supersit,
860 949 936 1021 quod
952 966 1008 1004 non
1031 951 1168 1020 rejectum
1184 949 1232 1017 sit;
1253 948 1375 1015 nultum,
1402 954 1453 1003 aut
1470 948 1529 1003 fere
1544 949 1656 1003 nullum
1670 947 1821 1019 rejectum,

67 1033 142 1104 quod
157 1047 219 1087 non
234 1033 325 1105 aquis
339 1035 503 1091 censoribus
522 1037 711 1109 rejiciendum
724 1038 864 1093 videatur.

96 1140 206 1194 Verum
227 1140 296 1212 quia
307 1142 396 1196 notha
419 1143 481 1198 haec
494 1160 582 1215 opera
594 1145 753 1200 discernere
773 1145 851 1200 harad
870 1144 1040 1212 sufliciebat,
1056 1145 1112 1199 nisi
1127 1146 1212 1200 etiam
1228 1145 1286 1201 reri
1309 1161 1408 1199 eornm
1424 1147 1554 1199 auctores
1568 1143 1777 1209 indicarentnr;
1794 1141 1821 1196 id

63 1245 192 1301 quoque,
214 1235 356 1302 quantum
372 1232 454 1286 nobis
469 1232 559 1301 licuit,
574 1239 709 1306 praestare
725 1235 816 1291 conati
833 1252 941 1302 sumus,
969 1234 1023 1289 rati
1036 1234 1142 1289 nullius
1156 1234 1215 1288 lere
1230 1234 1340 1305 pausia
1362 1233 1515 1288 lectoribus
1530 1232 1629 1301 haberi
1651 1248 1685 1285 ea
1706 1230 1821 1303 scripta,

64 1334 192 1389 qnorum
202 1318 357 1389 scriptores
366 1319 547 1391 ignorantur.
559 1324 656 1394 Neque
664 1330 740 1379 certe
752 1340 804 1378 nos
814 1341 908 1396 operae
919 1327 1023 1377 nostran
1034 1323 1179 1394 poenituit.
1194 1323 1296 1376 Datum
1307 1320 1413 1393 quippe
1422 1327 1465 1377 est
1477 1321 1610 1392 detegere
1621 1321 1694 1376 benc
1704 1320 1821 1390 multos,

62 1422 188 1477 qnorum
203 1406 307 1460 seriem
318 1405 437 1462 inferius
457 1409 611 1464 exhibituri
626 1426 737 1466 sumus.
755 1412 787 1465 ln
800 1410 863 1465 aliis
876 1409 952 1465 haud
967 1411 1149 1482 paucioribus
1163 1416 1310 1465 anctorum
1327 1411 1505 1482 superiorum
1520 1411 1681 1481 fragmenta
1693 1409 1823 1463 observa-

60 1495 166 1555 vimus,
185 1510 252 1566 quaa
270 1494 311 1549 rel
327 1495 478 1563 asteriscis,
492 1498 536 1552 vel
552 1499 636 1554 etiam
652 1499 795 1554 uncinulis
818 1499 1007 1564 distinximus,
1025 1499 1129 1554 notatis
1151 1500 1227 1562 locis,
1246 1515 1279 1554 cx
1299 1498 1404 1570 quihus
1426 1499 1488 1552 haec
1504 1498 1638 1553 translata
1658 1500 1685 1551 et
1706 1500 1820 1568 accepta

61 1589 153 1639 eraut.
173 1584 252 1640 Unda
267 1585 300 1639 fit
311 1588 343 1639 nt
361 1585 439 1641 facili
453 1588 568 1660 negotio
584 1588 813 1661 deprehendatur
826 1593 941 1660 tempus
955 1605 1012 1661 quo
1028 1604 1208 1659 unaqueque
1223 1587 1284 1642 hanc
1295 1604 1382 1658 opera
1396 1588 1557 1658 conscripta
1571 1587 1637 1641 sint.
1655 1586 1724 1641 Hinc
1734 1583 1822 1639 tradi·

60 1673 148 1727 tionis
163 1673 363 1728 ecclesiastice.
377 1675 506 1730 curiosus
520 1676 671 1748 indagator
686 1678 846 1749 perspiciet,
864 1678 966 1733 saeculo
981 1677 1149 1733 duodecimo
1165 1677 1326 1748 superiores
1342 1693 1399 1732 non
1415 1693 1482 1737 csse.
1501 1677 1607 1731 nedum
1621 1675 1656 1729 ad
1671 1671 1823 1745 Augustini

60 1768 177 1834 tempus
197 1763 383 1829 revocandos,
403 1764 490 1819 libros
509 1765 543 1821 dc
558 1765 665 1838 Spiritu
680 1770 708 1822 et
722 1768 835 1835 Anima,
857 1769 891 1823 de
912 1766 1062 1838 Diligendo
1079 1767 1146 1835 lieo,
1167 1766 1305 1834 htanualc,
1321 1765 1372 1821 ubi
1392 1766 1422 1820 in
1438 1766 1478 1820 eis
1493 1765 1648 1821 adverterit
1663 1764 1824 1832 fragmenta

62 1869 95 1907 ex
112 1854 264 1920 Anselmo,
290 1855 447 1921 Bcrnardo,
471 1858 499 1909 et
525 1857 641 1927 lingone
661 1856 815 1912 Victorino.
841 1858 983 1913 Caeterum
1001 1871 1037 1909 uc
1062 1853 1202 1925 ejusmodi
1225 1853 1330 1924 spuriis
1354 1853 1498 1924 opusculis
1517 1852 1669 1924 Augustini
1693 1849 1823 1906 doctrina

61 1942 278 2015 quodammodo
296 1943 548 2012 contaminaretur,
566 1944 590 1999 si
609 1961 655 2000 res
673 1946 827 2018 dequibus
847 1945 876 2000 in
897 1945 937 1999 eis
951 1945 1057 2016 agitur,
1072 1943 1103 1997 in
1125 1942 1259 1997 eumdem
1275 1941 1398 1996 indicem
1417 1940 1581 2013 permixtim
1599 1940 1822 2011 conjiceremus3
1873 1982 1876 1986 ι

62 2031 238 2103 peculiarem
251 2032 464 2104 Appendicibus
476 2032 597 2089 indicem
614 2036 778 2106 generalem
792 2034 944 2106 rejecimus
957 2035 987 2090 in
1005 2031 1142 2086 ultimum
1155 2031 1264 2086 huncce
1278 2034 1402 2099 tomum,
1418 2030 1453 2085 de
1472 2046 1529 2101 quo
1543 2030 1573 2084 in
1586 2044 1712 2101 praesens
1734 2041 1821 2098 agen·

62 2120 199 2174 domest.

98 2225 129 2278 ln
150 2228 296 2295 postremo
318 2226 405 2281 hocce
419 2229 497 2282 tomo
516 2231 580 2300 post
602 2228 675 2283 hanc
695 2227 894 2283 Praelatiouem
909 2225 1038 2297 sequitur
1056 2225 1117 2280 Vita
1131 2225 1221 2280 sancti
1240 2227 1402 2298 Augustini,
1419 2244 1452 2283 ox
1470 2226 1560 2298 ipsius
1580 2223 1722 2295 scriptisa
1741 2221 1823 2277 uobis

63 2313 249 2369 concinnata:
267 2329 325 2385 qna
338 2313 368 2368 in
381 2330 413 2369 ra
423 2329 528 2386 magno
543 2315 626 2370 nobis
640 2314 705 2368 usui
720 2314 799 2369 fuere
818 2312 1015 2369 commentarii
1025 2313 1082 2386 pina
1096 2314 1242 2370 memoriae
1254 2316 1412 2371 sebastiani
1428 2317 1464 2371 Le
1480 2315 1553 2372 Nain
1568 2311 1752 2376 Tiltemontii,
1771 2309 1823 2381 qui

63 2401 213 2455 nobiscnm
228 2418 295 2456 suos
313 2402 344 2458 iu
367 2403 440 2457 hanc
455 2403 546 2458 Vitam
567 2402 787 2458 commentarios
808 2400 964 2456 liberaliter
986 2402 1217 2468 communicavit,
1237 2405 1316 2459 nullo
1335 2404 1391 2460 atio
1414 2406 1521 2471 animo,
1538 2419 1624 2476 quam
1639 2407 1672 2458 ut
1690 2399 1821 2483 Ecclesiae

64 2488 112 2543 Dei
136 2490 313 2555 consuleret,
337 2490 384 2545 cui
407 2491 553 2546 univorsos
577 2491 689 2546 labores
708 2507 785 2560 suos,
801 2488 942 2544 maximos
966 2509 1034 2547 sana
1055 2497 1084 2548 et
1097 2493 1275 2562 utilissimos,
1291 2495 1374 2549 unice
1393 2494 1577 2561 consecrarit,
1598 2493 1634 2547 ab
1656 2489 1735 2545 inani
1757 2488 1822 2544 mul

64 2577 189 2631 nominis
214 2578 336 2648 gloriola
349 2596 435 2650 snpra
449 2596 632 2635 communem
648 2580 765 2634 modum
786 2579 903 2633 alienus.
921 2580 984 2634 lfaec
999 2582 1061 2636 Vita
1084 2582 1139 2637 erit
1156 2583 1246 2649 instar
1268 2583 1554 2654 Augustiuianorum,
1579 2581 1638 2635 imo
1654 2577 1822 2635 ecclesiasti-

65 2683 162 2721 cornm
178 2667 243 2738 ejus
253 2668 401 2738 temporis,
412 2670 566 2724 Annalium
580 2685 704 2742 qnorum
719 2668 912 2723 sanctissimus
926 2669 1106 2741 Doctorpars
1122 2687 1225 2742 magna
1240 2670 1310 2738 luit;
1324 2671 1503 2744 singulisque
1513 2671 1596 2725 annis
1611 2669 1646 2724 ad
1661 2667 1821 2738 marginem

64 2755 215 2821 adnotatis,
237 2771 289 2810 sun
307 2755 389 2823 facta,
406 2763 545 2828 quantum
561 2763 690 2812 veterum
704 2773 803 2811 rerum
824 2755 1021 2827 longinquitas
1032 2758 1150 2830 patitur,
1168 2759 1399 2830 assignabuntur.
1423 2760 1516 2815 Aliam
1530 2757 1689 2813 breviorem
1703 2755 1822 2810 numa

64 2845 193 2901 Possidio
210 2845 400 2917 compositam
414 2846 502 2901 habes
513 2847 545 2901 in
559 2847 617 2901 fine
626 2846 699 2901 tomi
714 2845 827 2902 decimi.

96 2950 251 3006 Prolixiori
261 2950 305 3006 illi
318 2950 390 3006 vua
403 2951 555 3007 succedent
568 2956 627 3007 tros
641 2951 750 3006 indices
764 2953 891 3023 Oporum
907 2951 935 3006 S.
947 2950 1113 3021 Augustini.
1134 2951 1164 3004 ln
1179 2950 1273 3021 primo
1288 2949 1437 3004 exhibetur
1450 2948 1537 3005 series
1553 2953 1581 3003 et
1594 2946 1665 3001 ordo
1680 2945 1820 3017 cujusque

64 3039 136 3094 tomi
150 3040 288 3112 Operum,
304 3056 370 3096 cum
385 3040 562 3109 boemiensi,
578 3041 625 3096 cni
646 3041 827 3097 Erasmianns
847 3041 907 3096 fere
921 3039 1081 3106 concordat,
1098 3042 1279 3110 comparatus
1292 3055 1298 3093 :
1313 3039 1344 3093 in
1367 3038 1503 3104 secundo,
1520 3037 1590 3092 ordo
1606 3035 1742 3107 antiquus
1755 3048 1821 3088 cum

65 3144 139 3183 noro
152 3129 293 3183 collatus:
311 3128 341 3182 in
355 3130 440 3184 tertio
453 3129 587 3201 danique,
603 3130 717 3202 singula
728 3130 869 3201 Opuscula
884 3128 984 3184 ordino
999 3128 1178 3200 alphabetico
1190 3128 1366 3183 referuntur.
1386 3129 1494 3183 florum
1508 3127 1639 3182 lodicum
1654 3122 1761 3180 attritio
1770 3123 1820 3195 qni

67 3217 193 3289 antiquis
202 3216 378 3272 editionibus
397 3217 546 3273 assuefacti
560 3223 637 3287 sunt,
652 3218 728 3273 facili
744 3218 859 3289 negotio
871 3218 1098 3289 unumquodque
1113 3217 1288 3288 Opusculnm
1302 3216 1446 3288 reperturi
1461 3221 1527 3271 sunt
1540 3217 1588 3287 (o).

96 3323 253 3395 Triplicem
271 3323 349 3377 hunc
364 3323 488 3378 Iudicem
501 3323 622 3395 excipiet
636 3325 723 3380 Index
738 3324 915 3391 universalis,
930 3329 959 3379 at
973 3325 1091 3396 quidem
1103 3325 1316 3398 copiosissimus
1330 3325 1461 3380 omnium
1474 3342 1581 3391 rarum,
1597 3340 1662 3396 quea
1675 3322 1705 3377 in
1721 3322 1820 3378 decem

62 3412 215 3484 Augustini
231 3412 356 3483 Operum
371 3413 456 3466 tornis
471 3413 668 3480 continentum
685 3416 746 3469 turn
762 3413 850 3468 Index
866 3413 965 3469 itidem
980 3415 1122 3486 generatis
1135 3415 1266 3470 omnium
1279 3414 1433 3486 Scripturas
1447 3430 1533 3468 sacrm
1548 3415 1687 3476 locorum,
1711 3410 1821 3484 quaein

64 3499 116 3554 illis
130 3500 270 3574 operibus
286 3499 408 3571 sparsim
423 3500 613 3571 explicantur.
633 3502 666 3556 ln
680 3501 771 3573 priori
781 3501 829 3555 illo
845 3501 941 3556 iudice
951 3503 1150 3558 concinnando
1165 3520 1224 3557 non
1238 3505 1350 3557 tantum
1366 3503 1547 3573 singulorum
1556 3508 1700 3556 tomorum
1710 3498 1820 3553 indices

63 3588 175 3643 anobis
190 3587 314 3642 consulti
334 3593 410 3654 sunt,
426 3589 477 3644 sed
491 3607 565 3645 nora
579 3589 696 3661 insuper
715 3590 864 3661 diligentia
884 3589 1011 3645 adhibita
1025 3592 1060 3646 ad
1081 3591 1240 3663 supplenda
1255 3607 1298 3657 ca,
1315 3606 1379 3661 qnae
1399 3590 1471 3644 forle
1495 3590 1525 3644 in
1548 3587 1740 3660 peculiaribus
1763 3585 1821 3640 illis

63 3675 209 3731 iudicibus
228 3675 471 3733 desiderabantur.
493 3679 547 3734 Diu
562 3696 666 3750 anceps
690 3679 743 3734 luit
757 3679 880 3745 animus,
905 3694 1059 3750 quamnam
1082 3679 1249 3734 methodum
1273 3678 1304 3733 in
1321 3678 1486 3734 adornando
1501 3679 1555 3733 hoo
1573 3675 1701 3749 generali
1723 3674 1820 3730 Indice

61 3781 258 3838 sequeremur.
275 3765 420 3838 Principio
435 3769 593 3822 veneratio
607 3772 744 3832 mentem,
761 3768 915 3839 quamdam
928 3768 1143 3840 Augustiuianae
1155 3767 1292 3822 doctrinm
1305 3767 1463 3832 Summam,
1476 3767 1534 3821 sive
1547 3765 1692 3838 quoddam
1701 3764 1820 3818 Theolo-

61 3857 158 3926 gicnm
175 3871 280 3927 corpus
294 3855 330 3911 ad
349 3861 475 3912 mentem
491 3858 580 3912 sancti
595 3857 723 3913 Doctoris
738 3874 771 3911 ex
787 3856 897 3911 selectis
912 3856 1125 3928 fusioribusque
1138 3857 1199 3928 ejus
1211 3856 1359 3911 sententiis
1372 3860 1522 3911 contexere
1537 3855 1694 3909 secundnm
1710 3853 1821 3907 metho-

61 3946 129 4001 dum
144 3945 237 4000 sancti
252 3947 370 4001 Thomna
383 3946 427 4002 vel
439 3946 564 4019 blagistri
579 3947 799 4001 sententiarum.
819 3947 923 3999 Verum
939 3946 1095 4002 consultius
1111 3945 1266 4001 demum
1241 3962 1334 4000 visum
1349 3951 1392 4001 est
1406 3947 1569 4016 generalem
1585 3960 1682 3998 rernm
1694 3942 1819 3998 Iudicem

59 4034 162 4088 ordine
174 4033 355 4106 alphabetico
368 4035 403 4090 de
418 4052 497 4091 more
513 4035 667 4125 adornare,
672 4051 716 4119 ex
717 4050 799 4117 ..quo
803 4033 880 4113 haud
896 4050 1050 4104 operosum
1065 4036 1328 4107 fueritpraedictam
1343 4036 1482 4090 conficere
1495 4035 1654 4100 Summam,
1670 4049 1735 4105 quae
1750 4031 1819 4086 alias

58 4125 81 4177 si
95 4140 111 4177 e
126 4139 158 4177 re
173 4123 290 4193 publica
304 4141 366 4179 asse
376 4125 527 4191 videbitur,
543 4107 672 4179 ficri't
622 4129 672 4195 pot
672 4104 738 4191 elit,
754 4129 782 4179 et
786 4106 884 4209 ‘sedrs'i
888 4141 916 4202 ιι
931 4124 960 4179 iu
974 4127 1067 4180 luceru
1075 4121 1185 4212 emitti.

93 4231 260 4285 Extremum
275 4231 398 4302 denique
412 4231 507 4286 locam
522 4208 632 4286 tenebit
645 4232 731 4287 Index
746 4217 826 4286 alius
833 4209 984 4304 generalis
988 4233 1119 4288 omnium
1136 4232 1301 4303 spuriorum
1315 4233 1534 4303 Opusculorum‚
1552 4246 1616 4300 qnae
1634 4228 1664 4282 in
1674 4227 1819 4298 Appendi-

56 4318 141 4371 cibus
155 4318 256 4390 cuique
272 4324 351 4374 tomo
367 4320 551 4393 subjunctis
537 4320 611 4397 cont
600 4325 728 4402 puciatur.
748 4321 805 4380 ‚Hir
819 4322 907 4378 Index
914 4323 1041 4412 :omuino
1056 4338 1107 4376 ne
1096 4322 1231 4377 ussarius
1248 4321 1324 4375 visus
1339 4326 1381 4375 est
1394 4322 1429 4376 nd
1455 4318 1608 4374 levandum
1623 4319 1762 4371 lectorum
1776 4315 1818 4370 la·

56 4408 170 4472 borem,
185 4408 235 4479 qui
249 4408 404 4478 Augustini
426 4407 538 4486 scriptis
560 4382 718 4488 ἶειιιιιιιιίι
721 4391 859 4510 ,pssrieth
874 4398 923 4481 ιιι
940 4428 970 4465 ac
987 4427 1023 4487 ne
1030 4405 1082 4465 'v'ix
1086 4403 1220 4483 quittehr
1232 4409 1332 4464 alienis
1347 4408 1488 4508 ejusmodi
1509 4405 1729 4477 scriptiunculis,
1747 4422 1819 4477 quas

57 4497 133 4550 inter
148 4497 419 4570 multaequisquiliae
434 4502 500 4553 sunt
506 4510 640 4570 ,tempus
653 4503 681 4554 et
696 4484 796 4553 otium
802 4491 861 4554 teri
864 4515 894 4553 re
909 4499 1094 4556 sustinerent
1113 4498 1235 4554 Tametsi
1247 4516 1306 4554 non
1317 4497 1446 4571 pancain
1457 4497 1502 4551 his
1515 4495 1700 4568 reperiuntur
1714 4494 1819 4565 scripta

56 4591 188 4639 veterum
202 4586 411 4656 quorumdam'
404 4587 561 4659 lusigninm
574 4594 733 4657 anctorum,
747 4589 885 4644 lectorum
901 4588 994 4644 studio
1006 4588 1378 4661 haudquaqnanrindigna:
1393 4586 1488 4659 qualia
1498 4590 1563 4639 sunt
1576 4583 1818 4655 JoannisChryso-

57 4673 154 4740 stomi,
171 4673 325 4740 Ambrosii,
351 4675 467 4745 Maximi
488 4676 680 4740 Taurinensis,
704 4678 846 4749 Fulgentii
867 4677 1032 4750 Ruspensis,
1057 4683 1085 4732 et
1109 4678 1233 4733 aliorum
1248 4676 1390 4749 ejusmodi
1404 4675 1550 4747 opuscula,
1569 4673 1612 4729 nti
1627 4678 1656 4728 ct
1671 4688 1820 4728 sermones

57 4762 174 4817 Caesarii
189 4763 315 4835 episcopi
329 4764 516 4833 Arelatensis;
533 4767 581 4821 sed
596 4783 661 4838 qnae
677 4768 721 4821 rel
736 4768 796 4821 solo
811 4771 960 4821 auctorum
974 4767 1092 4822 nomine
1104 4767 1242 4822 lectorem
1257 4765 1506 4821 alliciant.ltorum
1521 4763 1651 4818 omnium
1666 4767 1817 4817 anctorum

57 4856 84 4905 et
98 4851 236 4914 aliorum,
257 4853 440 4924 quantumvis
454 4854 625 4925 ignobilium
640 4855 684 4910 vel
700 4855 876 4927 ignotorum,
893 4854 1017 4911 iudicem
1027 4856 1204 4927 generalem,
1219 4856 1254 4910 ab
1269 4853 1476 4926 Augustiuiano
1493 4853 1663 4923 sejunctum,
1677 4850 1817 4906 conticere

57 4940 207 5012 quoddam
221 4957 315 5012 operae
330 4944 456 5013 pretium
472 4943 624 4999 duximus:
641 4950 673 5000 ut
687 4945 740 5000 hoc
755 4944 936 5016 compendio,
952 4944 1058 5016 absque
1075 4960 1178 5016 magno
1204 4943 1354 5015 dispendio
1370 4941 1518 5014 temporis,
1535 4943 1652 4995 tectores
1677 4939 1816 5012 dispicere

58 5031 178 5100 possint,
195 5030 335 5102 quidquid
350 5031 449 5086 inillis
465 5033 610 5104 opusculis
627 5035 699 5089 lectu
715 5040 764 5090 ant
779 5037 851 5090 scitu
867 5034 987 5107 dignum
1002 5034 1169 5105 reperiatur.
1186 5034 1219 5088 In
1231 5037 1310 5087 tanta
1325 5048 1400 5099 vero,
1415 5037 1532 5103 tamque
1544 5030 1622 5085 varia
1637 5029 1815 5084 diversorum

58 5124 208 5173 anctorum
223 5124 252 5173 et
264 5121 467 5192 opusculorum
481 5121 614 5191 congerie
630 5122 692 5177 lieri
707 5141 764 5178 non
779 5124 884 5195 potuit,
900 5123 971 5196 quin
985 5121 1102 5178 diversae
1116 5121 1235 5177 subinde
1247 5125 1467 5192 pugnantesque
1482 5121 1517 5176 de
1532 5135 1588 5174 uua
1606 5118 1765 5187 eademque
1784 5131 1816 5169 re

57 5210 209 5262 occurrant
229 5209 391 5279 sententia,
406 5210 464 5265 imo
479 5211 566 5266 etiam
584 5217 730 5267 errorcset
749 5214 865 5268 exotica}
889 5213 1048 5284 opiniones.
1066 5211 1147 5276 Quod
1173 5211 1224 5281 qui
1252 5210 1281 5265 in
1302 5212 1407 5265 malam
1434 5209 1528 5280 rapiat
1542 5212 1665 5279 partem,
1695 5220 1740 5258 nae
1768 5203 1817 5261 ille

56 5302 156 5351 contra
168 5301 254 5352 rectae
269 5297 391 5353 rationis
405 5299 482 5370 leges
495 5300 674 5371 pugnaverit.
692 5289 778 5357 Paulo
803 5303 899 5356 minus
914 5300 949 5356 ab
968 5301 1103 5372 aequitate
1124 5298 1306 5366 aberraverit,
1323 5298 1373 5370 qui
1395 5314 1446 5351 nos
1460 5294 1664 5366 marginalium
1684 5298 1818 5346 notarum

58 5386 155 5441 lecerit
169 5387 376 5458 approbatores
391 5392 440 5442 aut
454 5388 646 5459 fidejussores.
669 5390 701 5444 In
716 5389 760 5444 his
775 5391 851 5445 enim
867 5389 957 5444 nostri
973 5393 1083 5444 tantum
1105 5387 1231 5442 muneris
1245 5393 1297 5457 est,
1309 5404 1368 5442 non
1392 5390 1499 5452 nostra,
1514 5384 1562 5438 sed
1582 5382 1676 5436 aliena
1691 5380 1818 5437 indicare

58 5480 83 5529 et
96 5475 243 5547 prolerre;
265 5492 359 5548 noque
384 5480 547 5531 contextum
562 5479 597 5534 ad
613 5478 749 5533 amussim
761 5483 977 5550 repraesentare,
999 5477 1048 5532 sed
1072 5481 1153 5531 notas
1175 5477 1314 5548 quasdam
1334 5481 1362 5531 ct
1386 5475 1469 5547 signa
1484 5477 1564 5526 extra
1584 5471 1676 5526 lineas
1696 5485 1818 5542 ponere,

84 5684 123 5743 ta}
131 5680 271 5732 frenatus
286 5679 341 5730 huc
355 5684 466 5743 unaque
480 5679 577 5730 Bened.
586 5680 750 5745 praefatione,
764 5683 817 5732 tres
832 5683 921 5731 ιιιιιειι
933 5665 1049 5741 indices,
1058 5680 1092 5730 de
1106 5681 1204 5745 quibus
1218 5681 1314 5744 agitur,
1330 5680 1356 5728 lu
1372 5677 1467 5728 ultimo
1478 5683 1551 5729 torno
1565 5678 1655 5729 videre
1670 5681 1718 5729 est.
1767 5679 1802 5728 n.
