3884 6112
88 241 138 294 867
389 232 588 291 annoanlo
608 233 655 290 DE
675 230 919 309 saouaqrtaus
938 230 1078 289 DUOBUS
1097 228 1383 299 SOLILOQUIORUM
1403 230 1535 289 munla.
1799 232 1847 287 868

87 360 159 416 lium
173 358 203 413 in
217 372 306 412 unam
320 354 570 427 conspirationem.
595 358 627 411 ut
650 357 822 427 apparerent
838 352 933 410 studia
988 369 1056 409 uem
1070 353 1287 426 sempiternam
1304 358 1335 410 ut
1342 354 1371 410 id
1381 356 1458 426 quod
1468 367 1501 410 ιιι
1515 359 1582 427 post
1600 368 1694 425 opera
1708 352 1851 408 turbone

88 445 228 512 fidelium,
246 448 272 498 et
287 443 340 499 tibi
359 459 447 514 opera
459 443 662 499 misericordiae
677 445 821 513 parerent,
837 441 936 498 distm-
988 443 1078 510 valde,
1092 443 1222 514 quamvis
1235 459 1269 497 ea
1283 442 1396 515 quietus
1411 443 1521 509 feceris,
1535 441 1710 514 requievisti
1727 443 1850 513 septimo

88 536 208 592 buentes
223 532 309 588 etiem
323 531 497 602 pauperibus
525 534 652 586 terrenas
675 531 822 586 facultates
839 530 874 585 ad
889 545 936 585 ae·
989 528 1046 595 die,
1062 531 1117 585 boc
1131 530 1324 601 praeloquatur
1336 529 1479 585 uobisrox
1492 528 1569 585 Libri
1584 528 1642 595 tui,
1658 528 1745 602 quod
1760 535 1791 584 et
1805 546 1854 583 nos

88 622 228 697 quirenda
241 619 374 676 coelestia.
385 622 419 676 Et
433 620 499 675 inde
509 619 803 691 accendistiquaedsm
817 618 937 674 lumina·
988 621 1056 689 post
1068 633 1156 690 opera
1172 622 1279 684 nostra,
1296 617 1361 672 ideo
1376 617 1452 673 bona
1467 618 1549 673 valde
1565 616 1647 690 quia-
1657 623 1694 671 tu
1718 615 1806 670 nobis
1824 631 1855 671 ea

88 715 132 768 ria
154 712 185 766 iu
213 710 405 776 firmamento,
432 707 551 762 verbum
579 708 645 762 ritae
672 707 811 763 babentes
826 714 937 762 sanctos
991 706 1113 775 donasti,
1128 707 1246 762 sabbato
1261 706 1325 761 vitas
1335 712 1450 763 eternae
1465 706 1687 779 requiescemus
1702 705 1737 760 in
1752 709 1792 760 te.

89 805 164 867 tuos,
181 803 210 854 et
224 795 421 869 spiritualibus
444 795 527 851 donis
549 795 669 866 praelata
683 795 800 851 sublimi
814 795 936 851 auctori·
1288 796 1402 851 CAPUT
1420 797 1544 851 XXXVll.

88 892 147 944 tate
161 886 321 959 fulgentes:
334 884 437 940 atinde
451 884 487 938 ad
501 883 673 940 imbuendas
687 884 819 941 infideles
827 888 934 956 gentes,
1185 887 1254 939 Deles
1264 886 1294 938 in
1309 884 1385 939 nobts
1397 884 1508 955 quando
1518 888 1649 955 quiescet.

89 977 273 1034 Sacramenta
286 977 314 1028 et
329 972 468 1028 miracula
480 972 616 1039 visibilia,
630 989 771 1045 vocesque
784 974 938 1030 verborum
1027 972 1071 1025 52.
1101 971 1192 1026 Etiam
1225 976 1293 1027 tunc
1320 971 1398 1028 enim
1426 972 1466 1028 sic
1495 973 1662 1046 requiesces
1699 971 1735 1027 in
1762 972 1854 1039 nobis,

89 1063 247 1121 secundum
259 1063 475 1118 firmamentum
492 1061 568 1117 Libri
583 1061 637 1131 tui,
649 1062 753 1134 quibus
768 1061 854 1117 etiam
870 1062 939 1117 iide-
992 1060 1234 1131 quemadmodum
1258 1077 1335 1117 nunc
1358 1061 1486 1134 operaris
1507 1062 1539 1117 iu
1560 1062 1666 1129 nobis;
1697 1065 1728 1116 et
1749 1061 1793 1116 ita
1807 1061 1858 1116 erit

89 1155 130 1210 les
143 1152 391 1219 benedicerentur,
406 1167 440 1206 ex
454 1149 576 1204 materia
603 1150 744 1222 corporali
758 1149 936 1221 produxisti:
991 1149 1041 1203 illa
1063 1150 1177 1222 requies
1196 1154 1246 1205 tua
1265 1167 1316 1222 per
1340 1167 1402 1218 uos,
1427 1151 1681 1223 quemadmodum
1708 1156 1783 1204 sunt
1807 1151 1857 1204 ista

89 1246 118 1297 et
131 1241 235 1297 deinde
247 1238 378 1295 fidelium
390 1238 517 1293 animam
531 1237 625 1293 risam
639 1237 813 1309 perdilectus
827 1238 939 1294 ordina·
993 1254 1080 1310 opera
1092 1243 1143 1294 tua
1154 1255 1206 1310 per
1219 1255 1281 1294 nos.
1302 1240 1345 1294 Tu
1367 1244 1476 1309 antem,
1493 1239 1630 1310 Domine,
1651 1254 1778 1310 semper
1793 1255 1856 1310 upe-

88 1333 132 1385 tos
147 1328 328 1384 contineutiae
342 1327 440 1398 vigore
455 1326 583 1382 formasti
598 1324 719 1397 ¹:atque
733 1326 799 1381 inde
815 1326 869 1380 tibi
880 1326 939 1395 ¹soli
992 1326 1073 1394 raris,
1098 1331 1126 1381 et
1148 1343 1262 1399 semper
1277 1327 1444 1400 requiescis.
1470 1328 1624 1383 [locridas
1644 1328 1686 1382 ad
1707 1332 1826 1397 tempus
1837 1323 1855 1391 ‘‚

89 1421 217 1474 mentem
231 1415 386 1482 subditam,
401 1420 429 1470 et
448 1415 555 1470 nullius
569 1414 746 1470 auctoritatis
757 1414 892 1470 bumanae
903 1413 939 1468 ad
992 1430 1045 1470 nec
1063 1415 1184 1471 moreris
1202 1416 1238 1471 ad
1257 1422 1380 1486 tempus,
1394 1433 1447 1471 nec
1462 1415 1587 1487 quiescis
1607 1416 1644 1472 ad
1667 1419 1810 1485 tempus,
1832 1419 1857 1468 et

88 1506 264 1561 imitandum
276 1504 463 1576 indigentem,
478 1503 620 1559 renovasti
634 1503 671 1559 ad
685 1502 842 1575 imaginem
857 1507 886 1558 et
899 1503 937 1557 si·
992 1506 1089 1557 tamen
1107 1502 1174 1558 facis
1188 1508 1216 1558 el
1234 1503 1356 1558 visiones
1378 1505 1560 1576 temporales,
1581 1508 1611 1560 et
1628 1503 1699 1576 ipsa
1714 1508 1855 1575 tempora,

89 1593 284 1650 militudinem
305 1597 384 1648 lnam
397 1608 403 1646 :
416 1591 791 1664 praestantiqueintellectui
812 1591 938 1646 rationu·
993 1595 1023 1647 et
1036 1589 1163 1663 quictem
1179 1608 1213 1647 ex
1228 1597 1367 1664 tempore.

88 1683 177 1740 bilem
191 1682 341 1749 actionem,
359 1685 497 1753 tanquam
511 1680 572 1736 viro
587 1680 737 1748 feminam,
758 1679 911 1735 subdidisti
930 1696 938 1734 ι
1284 1681 1397 1738 CAPUT
1415 1682 1551 1737 XXXVllI.

89 1772 280 1844 omnibusque
295 1771 351 1826 tuis
366 1769 534 1825 ministeriis
548 1770 583 1826 ad
597 1769 786 1842 perficiendos
799 1769 896 1824 fideles
909 1768 939 1823 iu
1131 1769 1221 1825 Aliter
1234 1772 1314 1836 Deus,
1331 1771 1411 1825 aliter
1423 1771 1499 1826 tomo
1513 1769 1590 1824 uidet
1605 1773 1716 1826 ereata.

88 1859 142 1917 hac
155 1858 213 1914 rita
228 1856 403 1927 necessariis,
419 1857 454 1913 ad
469 1857 577 1914 eisdem
590 1856 723 1913 fidelibus
735 1857 771 1913 ad
785 1873 854 1911 usus
868 1860 940 1911 tem·
1029 1859 1073 1913 53.
1090 1857 1144 1912 Nos
1158 1857 1255 1929 itaque
1270 1858 1324 1913 ista
1337 1874 1400 1930 quae
1414 1857 1506 1913 fecisti
1520 1857 1669 1925 videmus,
1688 1856 1760 1929 quia
1775 1861 1849 1921 snnt;

88 1948 211 2021 pnrales,
225 1947 368 2002 fructuosa
381 1945 413 2001 iu
426 1946 558 2001 futurum
573 1961 660 2018 opera
675 1944 797 2018 praeberi
811 1943 937 2000 voluisti.
994 1948 1024 2000 tu
1040 1950 1136 2000 autem
1153 1945 1221 2016 quia
1239 1946 1316 2001 vides
1335 1961 1379 2012 ca,
1398 1949 1477 2001 suut.
1501 1947 1534 2000 Et
1553 1962 1608 2000 nos
1627 1944 1705 2000 foris
1724 1945 1849 1999 videmus

88 2038 154 2093 ilaec
165 2036 263 2092 omnia
275 2036 416 2102 videmus,
433 2039 462 2089 et
476 2035 552 2090 bona
567 2040 634 2090 sunt
647 2035 740 2102 valde,
756 2034 893 2106 quoniam
908 2036 939 2087 tu
994 2032 1062 2104 quia
1077 2037 1153 2101 suut,
1175 2037 1204 2087 et
1218 2032 1295 2088 intus
1310 2032 1378 2105 quia
1395 2033 1472 2089 bona
1484 2038 1572 2088 suut:
1589 2037 1622 2088 tu
1639 2037 1744 2088 autem
1755 2031 1797 2087 ibi
1810 2032 1848 2086 si-

88 2141 122 2182 ea
135 2125 214 2181 vides
227 2123 258 2178 in
272 2123 365 2190 uobis,
380 2123 431 2195 qui
445 2122 594 2194 Spiritum,
621 2139 679 2195 quo
707 2138 741 2177 ea
763 2122 896 2178 ridemus
911 2125 941 2176 et
994 2120 1061 2176 disti
1076 2121 1160 2191 facta,
1181 2121 1231 2177 nbi
1249 2122 1344 2177 vidisti
1360 2121 1499 2177 facienda.
1521 2122 1554 2177 Et
1573 2138 1626 2176 nos
1642 2121 1704 2176 alio
1724 2125 1848 2192 tempore

88 2217 118 2268 et
131 2213 162 2268 in
177 2211 217 2267 eis
233 2215 261 2267 te
276 2227 448 2278 amaremus,
465 2210 569 2265 dedisti
583 2211 677 2267 nobis.
993 2209 1065 2265 moti
1079 2226 1177 2265 sumus
1192 2209 1228 2265 ad
1242 2210 1488 2278 benefaciendum,
1506 2215 1705 2282 posteaquam
1723 2208 1848 2280 concepit

402 2317 516 2372 CAPUT
529 2317 627 2372 χχχν,
993 2297 1028 2353 de
1046 2296 1153 2369 Spiritu
1171 2301 1221 2352 tuo
1236 2312 1287 2353 cor
1307 2301 1451 2365 nostrum;
1473 2297 1569 2368 priore
1596 2303 1701 2352 autem
1724 2301 1848 2368 mmpore

415 2405 498 2474 optat
507 2419 610 2474 pacem,
995 2386 1029 2441 ad
1041 2386 1286 2442 malefaciendum
1296 2387 1482 2442 movebamur
1490 2386 1660 2442 deserentes
1670 2392 1701 2442 te
1714 2403 1721 2441 :
1732 2389 1767 2441 tu
1775 2401 1847 2455 raro,

992 2473 1069 2529 Deus
1085 2491 1141 2531 unc
1155 2476 1241 2543 boue,
1253 2492 1401 2548 nunquam
1412 2475 1527 2530 cessasti
1541 2475 1727 2531 benefacere.
1742 2476 1777 2530 Et
1788 2480 1848 2530 sunt

994 2563 1127 2634 quedam
1147 2563 1224 2619 bona
1246 2581 1334 2635 opera
1351 2569 1449 2620 nostra
1463 2581 1499 2620 ex
1510 2579 1632 2619 munere
1655 2564 1780 2636 quidem
1793 2568 1847 2629 tuo,

994 2650 1043 2706 sed
1058 2667 1118 2706 non
1137 2654 1330 2723 sempiterna:
1345 2658 1408 2725 post
1421 2652 1471 2708 illa
1489 2669 1543 2709 nos
1556 2651 1748 2724 requieturos
1760 2651 1793 2708 in
1803 2656 1847 2706 tua

993 2739 1096 2810 grandi
1121 2740 1345 2796 sanctificatione
1367 2757 1524 2813 speramus.
1546 2742 1587 2796 Tu
1609 2745 1713 2796 autem
1744 2741 1847 2797 bonum

994 2825 1072 2881 nullo
1087 2826 1220 2899 indigens
1231 2829 1319 2897 bono,
1336 2845 1448 2900 semper
1457 2829 1571 2900 quietus
1580 2845 1632 2897 es;
1649 2829 1847 2902 quoniamtua

993 2915 1075 2987 quies
1090 2921 1120 2970 tu
1133 2915 1194 2988 ipse
1206 2934 1245 2973 es.
1263 2919 1296 2973 Et
1310 2918 1363 2973 hoc
1376 2918 1537 2989 intelligere
1551 2917 1616 2990 quis
1632 2918 1793 2975 hominum
1806 2918 1847 2974 da-

993 3004 1035 3059 bit
1056 3004 1263 3078 homini‘lquis
1282 3008 1400 3081 augelus
1423 3008 1546 3078 angelo?
1569 3006 1636 3080 quis
1661 3007 1846 3080 angelusbo

991 3092 1082 3148 minii
1095 3096 1119 3149 X
1130 3098 1157 3149 te
1179 3099 1302 3167 petatur,
1323 3096 1355 3151 in
1369 3100 1397 3151 te
1412 3100 1568 3168 queratur,
1591 3097 1628 3152 ad
1644 3101 1675 3153 te
1698 3098 1845 3169 pulsetur:

124 3163 361 3219 5¹·D103311t0m
389 3163 526 3234 8θρῑῑῐῐὶῦ8
541 3163 602 3218 ⁸5⁰0
618 3180 735 3236 lespera
748 3167 799 3233 ⁰⁸is
820 3180 872 3219 ¹10⁰
886 3164 937 3219 hi·
991 3181 1043 3248 sic,
1081 3182 1120 3237 sic
1153 3184 1318 3254 accipietur,
1350 3184 1389 3240 sic
1421 3185 1593 3253 invenietur,
1626 3185 1671 3241 sic
1704 3185 1846 3259 aperietur

88 3251 137 3308 bet
151 3266 292 3320 occasum,
322 3250 390 3324 quia
409 3251 590 3307 sanctificasti
617 3269 684 3308 eum
708 3253 742 3308 ad
758 3250 935 3325 permansio·
993 3271 1099 3355 (gagg
1116 3288 1164 3342 vn,
1181 3274 1217 3344 g),
1234 3274 1336 3329 Amen,

125 2513 168 2567 50.
187 2509 400 2576 Domiuelieus,
409 2525 509 2582 pacem
518 2509 647 2565 danobis
656 2509 770 2582 (omnia
779 2510 857 2566 enim
867 2526 940 2583 prse-

90 2599 186 2656 stitisti
200 2598 312 2669 nobis);
328 2613 429 2671 pacem
446 2598 560 2670 quietis,
576 2615 675 2670 pacem
692 2598 812 2667 sabbati,
829 2599 940 2655 sabbati

89 2688 151 2744 sine
164 2702 282 2759 vespera
294 2690 315 2743 ¹.
332 2686 431 2742 Omnis
445 2687 553 2759 quippe
567 2687 621 2742 iste
642 2687 712 2742 ordo
727 2688 939 2759 pulcherrimus

88 2792 185 2832 rerum
210 2775 291 2832 valde
312 2777 455 2832 bonarum
469 2777 561 2831 modis
583 2775 643 2831 suis
660 2776 784 2847 peractis
803 2776 939 2832 transitu·

88 2880 136 2920 rus
151 2870 213 2933 est;
230 2869 259 2921 et
271 2881 356 2920 mane
371 2863 480 2936 quippe
494 2864 524 2919 in
533 2864 689 2920 eisfactum
703 2867 753 2928 eet,
768 2868 797 2920 et
809 2880 938 2937 vespera.

395 2969 507 3024 CAPUT
521 2968 631 3024 XXXVI.

177 3059 253 3114 Diem
268 3059 410 3128 septimum
423 3072 536 3127 vespero
546 3073 692 3127 quarenon
709 3063 847 3128 sequntur.

121 3395 129 3429 ι
144 3392 233 3444 ροᾶθχ
246 3393 434 3456 &nignianum
445 3391 574 3456 firmam,
1027 3375 1035 3409 ¹
1051 3369 1363 3434 liiceditiones,excepta
1370 3369 1523 3429 arundus,
1533 3370 1846 3433 interponunthaeerer

118 3456 129 3490 ²
144 3455 187 3506 Sic
199 3455 341 3519 legendum
355 3454 437 3519 liquet
456 3469 516 3504 cum
540 3453 679 3504 dlbinensi
697 3452 808 3503 codices
824 3465 889 3512 non,
907 3455 937 3502 ut
990 3451 1025 3501 ba
1037 3463 1085 3500 nec
1097 3449 1218 3514 operarts
1231 3449 1268 3500 od
1280 3451 1394 3514 tempas:
1410 3463 1469 3514 quaa
1481 3451 1579 3501 absunt
1592 3463 1608 3500 a
1619 3450 1761 3516 plerisque
1776 3450 1844 3501 codi-

88 3516 133 3567 alii
146 3517 266 3581 plerique
279 3517 342 3567 editi
359 3521 386 3567 et
400 3517 489 3581 scripti
499 3517 608 3577 habent,
617 3529 710 3581 mrem
720 3519 904 3576 atneoespera.
991 3514 1066 3562 cibus
1079 3513 1140 3562 biss.

724 3743 1203 3870 ADMONITIO

407 3938 460 4003 DE
484 3936 754 4016 SEQUENTIBUS
777 3938 934 4005 DUOBUS
958 3937 1280 4017 SOLlLOQUlORUM
1305 3938 1430 4006 LlBRlS
1456 3939 1468 4023 (
1491 3938 1518 4023 ).

124 4220 194 4273 t'um
208 4218 235 4274 id
250 4218 345 4290 operis
360 4218 475 4274 molitus
489 4223 531 4274 est
545 4219 730 4290 Augustinus,
744 4219 910 4276 versabatur
924 4220 1016 4276 adbuc
1031 4220 1062 4276 in
1076 4236 1142 4277 rure
1157 4222 1322 4291 cassiciaco,
1338 4239 1371 4278 ex
1385 4224 1436 4279 lib.
1452 4226 1468 4280 9
1483 4221 1576 4290 Cani,
1591 4238 1617 4278 e.
1634 4225 1669 4291 45
1686 4224 1844 4296 agebatque

87 4321 194 4361 aunum
210 4307 302 4362 astatis
318 4306 499 4379 trigesimum
514 4309 643 4378 tertium,
658 4315 689 4365 ut
703 4309 764 4380 ipsc
778 4310 824 4365 bic
839 4312 960 4364 testatur
977 4308 1026 4364 lib.
1045 4315 1070 4377 t,
1085 4325 1109 4364 c.
1128 4311 1171 4364 so.
1187 4312 1367 4383 Quapropter
1380 4311 1432 4366 sub
1447 4310 1562 4366 initium
1579 4311 1651 4366 anni
1666 4312 1776 4368 Christi
1791 4318 1841 4367 trc-

86 4393 233 4449 centesimi
251 4394 417 4466 octogesimi
435 4394 549 4465 septimi
567 4396 766 4452 collocandum
783 4396 909 4465 videtum
930 4397 986 4452 nisi
1004 4397 1077 4453 forte
1096 4397 1161 4470 quis
1176 4398 1243 4453 velit
1261 4399 1298 4455 ad
1317 4398 1472 4472 superioris
1491 4400 1560 4456 anni
1579 4399 1672 4456 linem
1691 4417 1763 4458 cum
1781 4400 1841 4456 aliis

85 4481 222 4536 hactenus
236 4482 381 4537 recensitis
396 4482 531 4554 operibus
546 4482 701 4553 pertinere.

123 4571 155 4623 ln
175 4570 269 4640 primo
294 4571 366 4625 libro
390 4587 419 4626 se
443 4570 505 4641 ipse
530 4570 564 4625 ad
588 4571 684 4626 rivum
711 4571 851 4646 depingit,
881 4589 953 4629 nova
977 4574 1112 4645 quadam,
1136 4575 1185 4630 sed
1210 4591 1349 4647 perquam
1370 4574 1504 4631 familiari
1524 4575 1666 4633 methodo
1692 4576 1843 4641 edocttuus

86 4657 330 4731 quemadmodum
354 4663 551 4730 comparatum
575 4676 635 4714 esse
658 4665 788 4731 oporteat
814 4677 891 4729 eum,
918 4661 968 4734 qui
993 4662 1045 4717 liei
1069 4667 1098 4718 et
1120 4662 1223 4717 auimae
1247 4679 1394 4734 capessere
1419 4662 1567 4719 scientiam
1589 4664 1680 4735 cupit.
1704 4666 1843 4738 Loquitur

86 4761 153 4800 vero
167 4743 196 4799 in
210 4744 311 4815 primis
325 4745 359 4800 de
374 4746 478 4801 mentis
490 4747 610 4802 sanitate
626 4747 751 4803 subsidio
766 4747 843 4815 fidei,
856 4749 916 4821 spei
929 4754 957 4805 et
965 4751 1110 4805 charitatis
1123 4751 1319 4821 procuranda3
1331 4756 1360 4807 et
1373 4751 1477 4806 mentis
1491 4752 1607 4807 oculum
1623 4752 1697 4807 dum
1712 4753 1750 4809 ab
1766 4751 1841 4808 omni

86 4849 184 4890 rerum
196 4832 366 4889 inferiorum
380 4834 532 4907 cupiditate
547 4841 687 4908 purgatus
701 4837 748 4907 sit,
765 4837 795 4893 iu
805 4839 893 4893 solem
907 4838 990 4894 illum
1004 4839 1080 4895 baud
1091 4839 1209 4909 impune
1220 4838 1321 4902 attolli,
1336 4839 1444 4894 nedum
1456 4839 1486 4893 iu
1500 4856 1533 4896 eo
1549 4837 1637 4910 deligi
1649 4857 1737 4911 posse
1753 4845 1840 4896 oslen-

86 4923 137 4978 dit.
153 4922 298 4977 Secundus
316 4922 432 4978 tiberin
447 4940 480 4979 eo
492 4930 619 4981 versatur
633 4930 720 4994 lotus,
735 4929 768 4980 ut
781 4926 993 4982 demonstretur
1013 4943 1161 5000 nunquam
1181 4927 1424 4983 intermorituram
1443 4943 1504 4983 essc
1518 4926 1687 4995 raritatem;
1704 4930 1785 4985 unde
1799 4928 1839 4999 ip·

87 5010 145 5066 sius
160 5010 263 5066 anima
278 5027 342 5083 quae
357 5013 483 5068 veritatis
498 5015 578 5069 sedes
593 5024 644 5083 est,
660 5014 861 5072 immortalitas
876 5015 1032 5089 colligitur.

138 5153 215 5224 Vide
239 5153 362 5221 librum
382 5163 413 5237 i,
436 5177 510 5245 cap.
539 5167 571 5239 t,
598 5160 897 5240 Retractationum,
922 5157 982 5226 col.
1012 5166 1173 5240 dat-590,
1193 5157 1346 5240 acerbis,
1373 5162 1465 5226 inter
1494 5161 1566 5226 haec
1588 5162 1728 5247 scripsi,
1749 5183 1784 5243 n,
1805 5165 1836 5239 i,

87 5284 187 5352 usque
203 5261 250 5329 ad
260 5261 360 5329 verda
374 5284 407 5329 n.
430 5271 462 5343 t,
480 5264 580 5330 Varia
597 5285 745 5332 mecum.
838 5266 882 5332 Μ.

117 5420 153 5492 (q)
164 5421 196 5469 lii
205 5421 233 5471 in
242 5421 357 5472 editione
367 5420 538 5492 benedictina
549 5421 629 5470 libros
638 5422 671 5472 de
685 5424 783 5475 Ordine
796 5426 957 5489 sequuntur;
972 5423 1018 5474 sed
1034 5423 1086 5474 buc
1098 5424 1290 5487 transtulimus,
1307 5424 1379 5488 quod
1393 5424 1488 5477 vividis
1502 5424 1607 5490 pietatis
1622 5424 1766 5477 affectibus
1776 5423 1836 5474 Con-

86 5479 229 5532 fessronum
245 5486 346 5534 naturae
358 5496 443 5548 magas
457 5482 569 5546 proximi
583 5482 646 5536 sint.
678 5487 713 5537 bi.
