3884 6112
98 300 149 352 31111
719 290 797 343 t'lt‘n
817 291 844 343 S.
864 288 1051 343 ntuhsllnt
1074 287 1244 342 Episcopi.

96 422 200 490 possint
213 420 417 484 cssesructuesu
429 415 532 487 (Epist.
559 417 618 474 l‘itt,
631 429 658 467 n.
674 413 725 482 11).
737 415 828 484 Atque
843 416 876 465 ut
887 410 946 482 ipse

98 507 186 561 etiarn
206 522 258 579 pro
282 522 333 559 sua
346 509 426 575 parte
450 503 547 557 all'erat
571 501 721 557 Consentio
736 501 944 572 adjumentum,

99 595 184 650 tradit
199 595 227 650 ei
240 593 310 666 quid
323 593 489 647 inconeussa
508 590 563 645 lide
579 590 734 644 tenendum
745 589 782 643 sit
796 588 831 644 de
850 587 945 642 Triui-

98 688 167 747 tate,
178 699 210 737 ac
218 682 404 752 simuleaqua
413 678 523 734 ratione
533 677 731 749 cogitarillens
739 676 835 731 animo
843 677 944 730 valeat.

98 772 169 826 Eum
183 770 289 824 iterum
306 768 446 834 bortatur,
462 771 494 820 ut
509 766 583 820 adse
597 765 693 819 veniat
706 764 766 819 dies
780 763 891 835 aliquot
907 779 947 816 sc.

97 875 162 912 cum
177 857 368 924 traducturus,
384 869 415 908 ac
434 852 469 907 de
493 851 613 922 singulis
627 868 692 923 quae
705 868 772 907 eum
787 855 944 918 mererent,

95 946 277 1019 quaesiturus.
291 942 459 1009 Quinetiam
470 941 636 996 humaniter
649 941 753 1013 arguit,
767 940 845 1012 quod
857 940 946 993 bacte-

94 1051 149 1089 nus
159 1034 189 1089 id
201 1032 320 1089 minime
331 1029 504 1103 praestiterit.
522 1032 595 1085 llecte
603 1031 702 1098 quippe
714 1028 943 1088 succendereris,

94 1122 196 1193 inquii,
213 1138 244 1176 ac
267 1126 291 1175 tc
304 1123 409 1190 piperet
431 1119 462 1173 id
477 1132 566 1184 apere,
583 1119 608 1171 si
620 1117 661 1170 oct
674 1117 753 1171 semel
763 1116 902 1181 coluisses,
921 1118 946 1167 ct

92 1227 134 1266 mc
156 1211 290 1279 difficilem
308 1210 451 1279 reperisses
467 1205 560 1272 (11111,
575 1221 604 1259 rr.
622 1207 657 1272 1).
677 1203 785 1268 Quibus
801 1219 833 1258 ox
852 1202 945 1257 serbis

93 1298 305 1355 humanitatem
319 1295 407 1351 sancti
417 1294 487 1356 Viri,
500 1292 785 1364 atqueatlabilitatem
798 1307 943 1362 agnoscas.

93 1386 222 1459 Spondet
231 1401 347 1457 queque
360 1375 527 1438 curaturum
536 1397 576 1448 ae,
589 1387 623 1434 ut
633 1379 802 1434 Consentius
816 1381 946 1451 perlegat

93 1474 234 1547 quidquid
259 1473 293 1527 de
316 1471 464 1537 Trinitate,
495 1470 589 1540 deque
603 1468 727 1523 ridendo
742 1469 810 1534 Deo,
825 1472 874 1522 aut
884 1469 944 1538 jam

95 1562 278 1627 lucubrassel,
295 1559 443 1614 autetiam
457 1562 520 1612 tum
535 1555 714 1627 lucubraret;
728 1570 794 1610 eum
805 1555 944 1622 noudum,

94 1656 210 1721 propter
238 1647 455 1719 amplitudinem
484 1644 739 1714 difficultatemque
771 1640 943 1714 argumenti,

95 1738 244 1810 pervenire
258 1735 398 1808 potuisses
408 1733 443 1787 ad
455 1732 645 1804 operislinem
661 1730 790 1802 (lesda.
808 1732 852 1796 13)
865 1747 871 1784 :
888 1746 945 1801 quo

95 1843 162 1881 sane
190 1841 250 1880 non
274 1823 345 1877 alios
372 1838 459 1894 quam
486 1821 571 1876 libros
597 1819 632 1874 de
658 1818 794 1874 Trinitate
813 1817 944 1886 indicari,

94 1913 277 1985 perspicuum
291 1914 342 1965 est.

129 2007 156 2057 5.
173 2000 332 2057 honorium
347 1997 441 2071 pravis
454 1997 642 2069 quoramdam
657 1995 782 2050 consiliis
795 1995 944 2051 inductum

95 2093 205 2145 sanctas
224 2105 257 2142 ac
271 2088 409 2142 salutares
421 2087 510 2157 leges,
526 2101 596 2155 quas
610 2088 695 2139 antea
704 2087 805 2138 contra
816 2085 944 2154 Pogonus

95 2182 179 2248 atque
199 2174 348 2230 hereticos
373 2173 488 2242 tulerat,
517 2187 616 2227 omnes
633 2171 844 2242 quodammodo
872 2170 944 2224 arrii·

94 2279 206 2335 quassa,
222 2277 355 2317 concesso
369 2260 472 2332 cuique
494 2259 633 2330 eligendae
648 2258 797 2330 religionis
813 2258 944 2327 arbitrio,

94 2367 180 2423 supra
193 2349 326 2404 vidimus.
356 2349 421 2402 llaec
437 2351 534 2402 autern
548 2346 720 2416 religionum
735 2347 849 2401 licentia
874 2348 942 2401 dum

94 2441 247 2506 obtineret,
271 2437 397 2493 Africani
415 2437 552 2507 presules
568 2436 677 2490 decimo
691 2440 789 2491 octavo
807 2435 943 2497 kalendas

90 2528 178 2600 julias
193 2527 260 2582 anni
284 2523 558 2599 quadringentesimi
576 2523 679 2578 decimi
694 2523 893 2595 Carthaginem
913 2525 944 2578 in

93 2616 239 2671 basilicam
267 2614 399 2669 secundae
427 2611 562 2684 Regionis
586 2617 789 2667 convenerunt.
819 2613 838 2666 E
863 2614 944 2684 cujus

93 2704 204 2759 concilii
214 2703 282 2758 aetia
297 2702 327 2757 id
341 2703 433 2756 solum
447 2701 620 2768 invenimus,
635 2700 788 2769 Florentio,
804 2701 942 2767 Possidio,

94 2791 227 2847 Praesidio
242 2807 274 2845 ac
293 2792 437 2845 Benenato
456 2788 596 2860 episeopis
610 2787 786 2859 legationem
799 2788 834 2842 ad
848 2790 941 2860 tmpe-

93 2883 215 2935 ratorem
231 2878 378 2934 aconciliu
394 2877 595 2932 demandatam
607 2892 667 2930 esse
683 2877 943 2947 (CodieeCanonunr

92 2969 196 3036 Atria,
212 2969 272 3022 111-11.
291 2969 364 3033 lbi).
380 2966 470 3030 Quam
486 2967 522 3020 ob
537 2981 651 3019 eausam
676 2963 807 3020 instituta
825 2965 862 3019 sit
882 2966 942 3020 haee

95 3054 211 3126 legatio,
228 3054 363 3123 colligere
377 3057 420 3107 est
435 3068 467 3109 ex
480 3052 683 3106 constitutione
703 3051 821 3107 Honorii
835 3052 871 3106 ad
888 3054 941 3106 tle-

92 3142 249 3196 raelianum
262 3140 397 3195 comitem
406 3139 507 3194 Africae
518 3144 616 3194 octavo
629 3139 766 3194 kalendas
774 3140 943 3210 septembris

94 3227 170 3298 data,
185 3244 242 3300 qua
262 3227 310 3297 jus
325 3227 475 3281 exercendi
489 3243 567 3280 sacra
581 3226 698 3298 proprie
711 3227 852 3282 haereticis
871 3244 940 3282 con-

94 3330 206 3370 cessum
224 3315 309 3386 plene
323 3316 466 3386 planeque
482 3314 648 3384 abrogatur,
668 3318 696 3373 et
710 3315 861 3369 constituta
876 3333 941 3386 pro·

92 3403 253 3475 scriptionis
264 3407 315 3458 aut
324 3402 410 3457 etiam
422 3402 522 3474 capitis
536 3418 673 3473 precans
688 3401 835 3473 publicum
850 3405 940 3458 ullum

91 3495 263 3547 conventum
275 3491 400 3546 habeant
408 3489 823 3561 interdiciturtCediceTtraod,
837 3491 870 3544 de
881 3494 941 3546 1111-

91 3583 195 3649 reticis,
210 3581 266 3647 tepe
291 3579 347 3650 51).
362 3579 430 3633 Eam
454 3578 532 3633 enim
561 3579 653 3651 legem
668 3579 829 3649 legatorum
857 3579 941 3650 hujus

91 3668 203 3723 concilii
215 3667 363 3723 industriae
377 3682 409 3720 11
418 3665 573 3738 diligentiae
588 3683 645 3721 non
659 3666 804 3722 immerito
816 3667 941 3722 tribuan-

91 3757 158 3810 dam
176 3760 290 3826 putant.
316 3755 393 3808 111111
415 3753 507 3825 ipsam
528 3754 653 3824 reperire
677 3759 719 3809 est
742 3754 887 3810 laudatam
910 3756 941 3810 in

92 3841 227 3896 mandato
255 3840 291 3895 ad
310 3841 503 3897 Marcellinum
523 3841 557 3896 de
584 3843 761 3911 procuranda
789 3843 941 3899 collatione

91 3928 196 3998 scripto
210 3927 303 3998 pridie
318 3926 383 3981 idus
397 3928 520 3984 octobris
544 3929 672 3998 ejusdem
687 3929 769 3997 anui;
786 3946 843 4002 quo
859 3948 939 3985 man·

90 4016 157 4071 dato
173 4015 314 4070 Honorius
329 4016 475 4086 conceptis
489 4015 593 4080 verbis,
610 4016 748 4088 quidquid
764 4018 807 4072 rel
821 4018 882 4089 ipse
898 4021 939 4073 vel

91 4103 252 4176 superiores
261 4102 447 4174 imperatores
462 4103 607 4159 callioliere
621 4103 767 4174 religionis
778 4106 871 4177 gratia
883 4111 940 4161 sta-

89 4191 221 4258 tuissent,
242 4206 330 4263 quam
345 4190 522 4246 exactissima
546 4192 691 4247 observari
713 4193 843 4265 precipit
866 4195 941 4266 (Col-

90 4282 138 4334 lnt.
154 4281 290 4348 Oertlrap.
306 4281 331 4346 1,
348 4294 409 4349 eep.
430 4279 468 4351 1).
485 4278 564 4335 Unde
579 4296 630 4334 suo
643 4281 821 4335 Marcellinus
835 4282 937 4346 edicto,

91 4367 169 4439 quod
181 4367 233 4422 sub
241 4366 358 4424 initium
364 4366 540 4423 martiiauno
550 4367 700 4423 undecimo
710 4385 795 4440 supra
802 4369 939 4440 quadrin-

90 4455 281 4524 gentesimum
298 4455 385 4523 dedit,
411 4459 542 4522 testatur,
563 4471 614 4526 per
632 4456 793 4528 provincias
813 4456 939 4527 singulas

89 4549 181 4598 certos
198 4544 346 4616 quosdam,
362 4543 412 4614 qui
441 4543 543 4599 Donati
556 4546 709 4598 sectatores
731 4559 938 4616 persequeren-

2 4678 5 4685 .
89 4633 138 4684 1111
151 4630 208 4685 sive
227 4632 423 4702 convenirent,
443 4631 596 4687 destinatos
610 4630 696 4686 fuisse
716 4631 806 4701 (leid,
823 4648 884 4702 cap.
901 4633 925 4702 5)

126 4720 151 4773 b.
166 4717 295 4789 Episcopi
321 4719 417 4790 legali,
444 4718 495 4791 qui
513 4717 651 4773 libertatis
673 4718 853 4773 heterodoxis
872 4700 947 4780 eon-⁰

88 4821 175 4860 cesse
203 4804 401 4861 rescissionem
430 4806 624 4869 obtinuerant,
647 4805 735 4861 iidem
761 4823 876 4879 qnoque
908 4808 938 4863 in

88 4891 231 4948 mendatis
243 4892 387 4948 habebant
399 4893 441 4948 rei
456 4894 534 4950 haud
553 4893 667 4949 levioris
681 4894 821 4950 momenti
838 4911 938 4966 preeu-

88 4983 239 5039 rationem.
256 4982 354 5053 Neque
371 4982 515 5052 animost,
543 4999 594 5038 cur
606 4983 780 5052 dubitamus,
805 4984 875 5056 quia
894 5001 938 5040 eo

87 5071 221 5128 rumdem
235 5068 368 5141 precibus
381 5070 518 5127 debeatur
531 5071 696 5127 collationis
705 5071 780 5142 apud
789 5071 937 5143 Carthagi-

87 5176 153 5216 nem
169 5158 302 5214 incunda
318 5158 484 5213 mandatum
496 5158 590 5230 pridie
609 5159 673 5215 idus
689 5158 812 5214 octobris
829 5159 865 5215 ab
880 5161 936 5214 llo·

88 5247 168 5303 norio
179 5247 277 5302 datum
289 5245 378 5315 lleid,
387 5261 448 5316 rap.
463 5247 500 5316 4).
515 5244 645 5303 Vidimus
656 5248 811 5319 jamsupra
822 5248 937 5320 quantis

86 5336 188 5392 studiis
208 5334 370 5392 bonatistas
388 5333 422 5388 ad
437 5333 663 5392 conveniendum
677 5352 774 5392 seeum
798 5335 834 5392 de
849 5336 935 5391 collo-

86 5424 154 5492 quio
173 5422 304 5479 catholici
318 5420 458 5478 antistites
469 5437 545 5476 anno
554 5423 836 5494 quadringentesimo
850 5423 935 5479 tertio

86 5514 115 5563 et
126 5511 408 5584 quadringentesimo
423 5514 525 5580 quarto
538 5509 732 5566 sollicitarint:
748 5515 857 5582 quanto
871 5527 936 5566 con-

1002 415 1045 465 tra
1067 410 1218 482 supercilio
1242 411 1314 464 illud
1340 411 1498 465 recusarint
1513 410 1686 476 nonensem
1708 422 1724 464 e

1002 515 1078 554 anno
1088 500 1203 554 demum
1218 497 1501 570 quadringentesimo
1515 498 1657 552 sertohuc
1671 495 1724 553 red

1001 587 1068 654 rint,
1086 592 1118 641 ut
1136 603 1197 642 sese
1213 587 1241 642 id
1260 588 1332 642 uelle
1352 592 1381 642 et
1392 603 1496 658 cupere
1511 587 1691 642 simularent.
1713 591 1724 642 1

1001 681 1068 730 sunt
1082 674 1229 741 Catholici,
1245 676 1320 730 bono
1331 675 1390 742 illo,
1408 680 1438 730 ut
1451 675 1610 741 ridebatur,
1623 674 1724 730 advers

1001 763 1097 818 animo
1124 764 1262 818 utendum
1291 780 1351 818 esse
1366 765 1476 836 (Collnl.
1496 765 1633 833 Gartlrep.
1651 766 1678 831 3,
1702 779 1724 819 11

1000 856 1025 907 11
1052 854 1156 908 Brevis.
1173 852 1267 908 Callet.
1289 854 1315 918 3,
1330 868 1357 906 n.
1379 854 1420 920 1).
1437 851 1639 918 Cernebant,e
1659 850 1724 921 pleb

1001 939 1123 994 natianae
1141 944 1222 994 sectae
1237 940 1409 1010 complures,
1426 944 1454 994 et
1468 955 1540 1010 pene
1555 954 1656 994 omnes
1672 937 1724 994 aia

1000 1033 1064 1083 tos:
1082 1030 1103 1084 0
1125 1027 1151 1083 si
1169 1030 1197 1083 in
1213 1044 1296 1083 urium
1313 1028 1397 1082 lectam
1416 1029 1600 1082 resentirent!
1621 1042 1636 1080 o
1659 1029 1686 1081 si
1702 1042 1722 1081 u

1000 1118 1160 1183 conferrent,
1183 1121 1264 1185 atque
1279 1115 1335 1171 illis
1356 1117 1559 1186 disputantibus
1573 1117 1676 1169 veritas
1688 1129 1724 1185 ap

999 1204 1058 1273 (ild
1076 1207 1231 1259 donatistas
1245 1209 1305 1274 pest
1328 1204 1440 1271 Callet,
1456 1221 1483 1258 n.
1508 1206 1564 1272 58.)
1585 1205 1721 1259 Praeterea

998 1293 1088 1358 turer,
1106 1292 1145 1347 ait
1159 1292 1346 1363 Augustinus,
1361 1297 1537 1361 occupaverat
1551 1293 1681 1359 Africana
1696 1294 1724 1346 to

996 1381 1171 1451 praedicario
1186 1382 1329 1438 Catholicis
1344 1383 1486 1435 ueritatem
1501 1385 1595 1434 centra
1606 1395 1687 1434 suurn
1704 1396 1724 1450 p

1001 1472 1046 1522 tur
1056 1484 1186 1536 errorern3
1203 1470 1327 1524 violentis
1341 1468 1570 1536 oppressionibus,
1586 1469 1724 1523 latrocimi

1000 1558 1128 1612 itinerum
1144 1557 1341 1625 obsidionibus,
1356 1560 1474 1628 rapinis,
1490 1557 1611 1625 ipnibus,
1627 1555 1724 1611 credidi

999 1650 1145 1712 amiantos,
1162 1651 1257 1700 curceio
1272 1651 1415 1701 terrentes:
1427 1661 1486 1700 cum
1507 1644 1604 1714 quibus
1619 1643 1724 1715 apude,

1000 1749 1065 1802 quos
1081 1749 1230 1788 communes
1244 1750 1297 1788 non
1317 1735 1488 1799 debebamus,
1504 1734 1575 1787 sitiit
1589 1748 1670 1800 apere
1682 1747 1724 1803 per

1000 1823 1072 1891 quod
1085 1838 1146 1877 rere
1166 1827 1228 1876 ente
1240 1824 1325 1889 ferme
1339 1827 1442 1877 ceritum
1462 1837 1546 1876 astrios
1560 1823 1724 1891 majoresne

999 1912 1037 1964 eis
1052 1915 1171 1980 eperunt,
1190 1911 1251 1980 jam
1272 1911 1431 1980 populorum
1448 1911 1575 1963 memoria
1590 1925 1643 1963 raon
1658 1907 1724 1963 tenet

999 1999 1386 2068 191111111111111111111111111111,
1402 2003 1432 2051 ut
1447 1998 1541 2052 saltem
1555 1998 1638 2064 pestis
1652 2000 1724 2053 noan

1000 2088 1072 2143 tione
1097 2089 1222 2154 consectis
1245 2102 1335 2141 cortun
1359 2086 1579 2140 contnrrderernus
1594 2088 1724 2141 inserena

999 2176 1202 2242 reprimeremus
1213 2175 1358 2228 nrrduciunr
1374 2173 1648 2243 (correcturarum,
1664 2173 1715 2229 lib.

1000 2263 1049 2316 llae
1063 2261 1221 2333 praesertim
1236 2263 1352 2315 suerunt
1367 2277 1470 2330 causae,
1485 2260 1600 2331 quibus,
1616 2265 1650 2315 ut
1664 2260 1724 2316 lieet

999 2349 1100 2421 quium
1113 2353 1285 2421 expeterent,
1297 2349 1421 2403 Africani
1436 2349 1571 2419 praesules
1586 2348 1724 2404 inductist

998 2455 1065 2493 rere
1082 2439 1159 2510 quod
1173 2437 1369 2492 existimarent
1381 2437 1453 2491 illud
1467 2436 1586 2491 remedii
1597 2450 1724 2506 sempera

998 2528 1146 2582 haereticos
1172 2526 1304 2596 expedire
1333 2526 1436 2596 (Operis
1461 2527 1614 2595 imperfecti
1627 2526 1676 2580 lib.
1698 2528 1723 2595 l,

998 2617 1066 2670 Tam
1082 2614 1194 2687 operosi
1208 2614 1324 2685 negotii,
1342 2615 1418 2685 quod
1433 2619 1540 2668 tantem
1553 2614 1656 2667 eoulici
1668 2614 1724 2669 reb¹

999 2705 1136 2759 intererat
1155 2704 1284 2758 Ecclesiae
1307 2704 1448 2774 inemptos
1463 2710 1490 2756 et
1504 2702 1646 2772 perfector
1673 2704 1724 2774 1111)

999 2792 1068 2859 11111;
1087 2791 1150 2846 11111
1165 2797 1262 2846 tamen
1278 2791 1416 2862 episcopis
1431 2806 1515 2844 suum
1539 2806 1657 2861 quoque
1679 2804 1724 2846 111

997 2879 1209 2945 adhibentibus,
1232 2879 1366 2950 illiusque
1385 2894 1466 2932 carras
1487 2877 1605 2949 propria
1629 2893 1724 2935 secant

997 2967 1139 3022 industria
1153 2967 1312 3036 (Posstdr'us.
1336 2969 1364 3019 iu
1382 2968 1447 3022 Vite
1460 2967 1620 3033 Arrpustini,
1637 2982 1662 3021 e.
1680 2964 1723 3035 13)

998 3058 1064 3109 sunt
1073 3055 1161 3126 igilur
1171 3055 1205 3109 ad
1217 3056 1420 3125 Imperatorem
1431 3055 1527 3124 legati,
1536 3055 1586 3126 qui
1596 3058 1724 3125 peterent

997 3159 1053 3213 que
1068 3144 1156 3213 partis
1180 3142 1327 3213 episcopos
1343 3141 1453 3211 juberet
1467 3142 1619 3196 convenire
1634 3142 1722 3199 Carth

998 3229 1047 3284 ubi
1059 3229 1160 3284 delecti
1177 3230 1321 3300 utrimque
1337 3247 1368 3283 ex
1380 3230 1457 3283 omni
1470 3246 1591 3285 numero
1606 3230 1724 3287 nonnuli

997 3322 1091 3372 tarent
1116 3319 1222 3385 (collat.
1246 3319 1381 3386 Cartbap.
1406 3322 1429 3383 l,
1455 3334 1515 3387 cup.
1535 3321 1585 3389 1);
1606 3336 1666 3390 qno
1681 3318 1723 3376 sie

997 3406 1174 3476 deprehenso
1202 3406 1352 3459 manifeste
1391 3405 1548 3470 mendacio,
1577 3407 1682 3463 veritas
1709 3425 1724 3464 a

997 3493 1089 3564 (ibid,
1121 3497 1145 3559 3,
1171 3509 1234 3563 carp.
1264 3496 1335 3562 110).
1371 3495 1516 3549 Prolalum
1552 3496 1724 3567 elegatis:

996 3598 1058 3636 rain
1084 3582 1209 3636 Honorio
1224 3587 1318 3636 actum
1340 3583 1422 3649 illud,
1450 3600 1507 3654 quo
1529 3586 1688 3640 Donatistae
1715 3586 1724 3641 i

997 3669 1126 3739 loquium
1153 3685 1228 3723 anno
1257 3670 1536 3741 quadringentesimo
1575 3676 1656 3727 sexto
1684 3689 1723 3745 po

994 3761 1061 3811 aaut
1075 3759 1187 3824 (tiresia.
1206 3758 1300 3814 Collal.
1318 3761 1345 3824 i,
1360 3774 1389 3812 n.
1410 3760 1446 3826 1).
1471 3759 1630 3814 Honorium
1648 3764 1724 3816 auter

997 3844 1091 3898 minus
1101 3846 1223 3915 petitum
1235 3862 1251 3899 a
1266 3862 1295 3899 se
1306 3849 1475 3900 conventum
1486 3846 1583 3901 animo
1600 3848 1713 3903 lubenti

996 3949 1052 4004 que
1066 3938 1217 4000 annueret,
1235 3933 1351 4004 Imperii
1367 3951 1424 3988 rien
1435 3934 1583 4005 prohibuit
1593 3936 1724 3993 horrendi

995 4019 1046 4074 sio.
1063 4020 1123 4084 Qua
1147 4037 1214 4074 sane
1233 4020 1263 4074 in
1279 4038 1309 4075 re
1337 4022 1494 4076 clarissime
1509 4023 1642 4093 probarit
1664 4040 1724 4097 argi

996 4123 1054 4161 non
1068 4123 1173 4161 sanum
1186 4108 1272 4163 tuisse
1289 4110 1366 4180 quod
1385 4110 1556 4174 affirmabat,
1574 4111 1724 4167 utilitatem

995 4196 1192 4267 honoremque
1224 4198 1369 4253 catholicae
1399 4199 1527 4254 Ecclesia
1556 4215 1655 4254 curam
1689 4214 1724 4256 an

995 4285 1109 4339 unicam
1123 4302 1183 4340 1111
1194 4291 1242 4341 aut
1256 4291 1330 4341 certe
1345 4288 1488 4358 primam,
1502 4287 1573 4342 nihil
1588 4288 1665 4346 aliud
1674 4304 1724 4362 neq

996 4389 1088 4444 neque
1098 4374 1173 4428 bello
1184 4390 1360 4445 quaererese,
1375 4375 1431 4429 nisi
1443 4379 1474 4429 ul
1488 4376 1517 4429 in
1529 4376 1689 4432 ditionibus
1702 4393 1724 4433 11

994 4466 1143 4532 regnaret3
1157 4462 1253 4516 dolere
1266 4462 1321 4517 sibi
1335 4463 1411 4533 qued
1425 4462 1601 4533 provinciam
1616 4464 1724 4521 Africae

995 4548 1096 4603 11111111
1116 4551 1195 4620 (puta
1209 4554 1309 4605 contra
1323 4550 1461 4618 Attalum)
1484 4549 1584 4606 fuisset
1599 4552 1724 4623 adjutus,

993 4640 1037 4691 ret
1046 4637 1256 4692 Donatistarum
1268 4638 1385 4693 discidio
1400 4639 1518 4694 lacerari
1534 4641 1647 4703 (Callet.
1664 4642 1724 4697 Gur

993 4742 1053 4795 cap.
1068 4726 1105 4795 4).
1122 4727 1262 4780 llonorius
1276 4743 1342 4781 vero
1361 4731 1531 4798 potestatem
1543 4727 1724 4785 convenienti

993 4812 1121 4884 loquium
1136 4830 1170 4867 eo
1185 4815 1313 4884 proniori
1328 4815 1473 4869 rolrurtate
1488 4815 1565 4882 iecit,
1582 4817 1661 4888 quod
1673 4816 1724 4874 ide

993 4916 1048 4971 que
1063 4916 1130 4971 pars
1144 4901 1321 4971 poposcisset
1335 4901 1426 4971 (ibid,
1439 4918 1498 4972 cap.
1516 4902 1553 4974 5).
1571 4904 1670 4958 Exstat
1683 4902 1724 4960 adl

992 4988 1068 5043 nerii
1081 4988 1261 5059 rescriptum,
1278 5005 1335 5058 quo
1348 5005 1447 5043 rursus
1459 4990 1606 5062 abrogata,
1622 5007 1712 5061 quam

992 5075 1032 5130 eis
1050 5081 1236 5144 concesserat,
1265 5077 1406 5143 libertate,
1431 5077 1619 5133 Collatiouem
1644 5096 1662 5134 a
1689 5080 1724 5136 Ca

992 5163 1145 5234 expetitam
1160 5164 1300 5235 permittit
1315 5164 1407 5234 (ibid,
1428 5181 1488 5234 cap.
1512 5168 1551 5235 1).
1569 5167 1638 5221 Eam
1662 5164 1694 5223 in
1713 5183 1724 5222 1

992 5254 1137 5321 quartum,
1160 5251 1421 5323 apromulgatiene
1436 5253 1531 5317 edicti,
1547 5254 1662 5323 indicit,
1679 5271 1711 5313 aa

992 5341 1058 5398 stas,
1079 5337 1103 5392 si
1118 5339 1235 5411 quidem
1249 5339 1327 5394 adid
1342 5344 1455 5409 tempus
1469 5341 1620 5396 convenire
1642 5343 1724 5399 detra

991 5425 1089 5480 statuit
1101 5425 1206 5481 iterrrm
1220 5442 1253 5480 ac
1262 5427 1347 5482 tertio
1360 5427 1467 5495 vocari;
1479 5445 1537 5499 qua
1550 5428 1661 5486 ratione
1674 5445 1724 5486 reu

990 5511 1021 5567 in
1036 5513 1107 5568 duos
1121 5529 1234 5570 manses
1254 5514 1425 5587 ampliabat;
1447 5515 1492 5571 sin
1508 5533 1575 5597 raro
1590 5534 1627 5574 ne
1642 5523 1704 5577 turn
1721 5543 1724 5571 ι
