3884 6112
130 224 183 280 ila

473 342 586 400 CAPUT
606 343 641 399 li.

70 469 87 498 .
134 435 144 489 i
161 433 226 501 Quis
241 431 340 488 anima
354 431 463 488 liabitas
480 437 551 499 nat,
563 433 643 501 quiue
655 445 741 487 mores
752 430 903 499 Auqustini
921 428 982 497 jona

168 522 298 593 episcopi.
317 522 382 575 tin
398 521 571 576 solitudinem
588 523 683 589 suqere
696 521 854 591 prolibatur
868 534 885 573 u
904 519 979 572 beo:

170 610 229 680 cius
242 610 345 666 delicia
358 614 422 665 sunl
435 611 584 680 Scriptura
594 612 642 666 Dei
651 613 676 665 et
690 625 787 665 nuccre
798 613 858 665 ileo.
876 609 891 662 3
907 607 981 674 Qun·

170 702 204 756 lis
218 701 243 754 ci
261 700 348 756 cultus
360 701 481 769 corporis
496 701 525 754 in
539 699 657 755 uestitus
671 702 697 753 et
710 697 895 754 calceamentis
911 709 982 750 accc·

169 794 233 861 ptus
254 791 348 858 (uerit.
372 789 390 843 i
411 788 474 854 Oua
496 789 671 859 ejus-mnaso.
689 790 705 842 5
720 786 846 843 Manibus
861 784 983 855 quotidie

169 878 277 949 aliquid
288 878 398 948 operari
410 877 498 945 uellet,
511 879 537 932 si
547 892 598 948 per
610 876 789 931 ualetudinem
804 880 829 931 et
842 890 891 944 per
905 889 989 930 occu-·

167 969 291 1039 potiones
303 968 403 1022 liceret.
421 968 437 1020 6
451 967 564 1036 inqlnnu
577 964 703 1021 ualetudo
717 967 804 1036 ipsius
827 969 853 1019 et
873 978 983 1033 occupo·

170 1059 295 1112 lienosi
319 1054 484 1110 clericorum
503 1056 697 1109 monesterium
717 1056 747 1109 in
761 1054 892 1124 episcopii
905 1052 982 1108 donno

168 1147 299 1202 instituit.
315 1144 361 1202 Ad
374 1146 478 1200 Latum
495 1147 574 1200 istius
588 1146 659 1213 forle
672 1146 831 1200 manosterii
844 1145 983 1199 alumnum

169 1234 294 1305 epistola.
320 1235 387 1289 din
407 1249 435 1288 eo
455 1235 617 1288 nunosterio
640 1233 802 1302 requluciter
824 1237 849 1288 el
869 1237 983 1302 anquslc

169 1339 229 1380 cum
242 1325 300 1379 suis
314 1324 420 1380 obticis
433 1324 560 1378 convivit.
576 1325 591 1378 9
610 1323 648 1378 Ut
662 1337 689 1378 sc
703 1320 811 1392 qerebot
824 1337 889 1391 erqo
902 1322 982 1389 tani·

169 1428 220 1468 nas
234 1428 241 1467 ι
256 1411 361 1468 nullom
375 1427 407 1466 ne
422 1409 531 1480 quidem
549 1426 583 1466 cu
597 1413 802 1480 consenquineis
817 1411 940 1467 tuliore
953 1412 983 1466 in

172 1517 224 1559 suc
237 1501 315 1557 domo
328 1515 426 1572 possus
442 1505 490 1556 est.
922 1491 925 1497 ’

173 1594 198 1648 1.
209 1589 379 1662 Episcopale
394 1605 466 1644 onus
480 1588 591 1660 imponi
601 1587 655 1643 sibi
665 1603 724 1643 non
739 1587 817 1661 prius
827 1604 926 1661 passus
941 1592 983 1642 est

136 1678 321 1752 Augustinus,
338 1694 424 1750 quam
440 1679 626 1734 constitutum
640 1677 796 1734 baberetin
809 1676 982 1745 animonia—

134 1771 194 1824 tem
205 1767 324 1823 suumin
336 1767 437 1822 olliciis
449 1767 485 1823 ad
495 1766 522 1823 id
529 1766 738 1839 pertinentibus
753 1771 843 1822 lotam
858 1767 981 1839 exigere.

135 1856 206 1913 ilinc
216 1857 247 1912 in
261 1857 372 1930 reliqua
386 1856 442 1911 vita
451 1855 529 1912 nihii
544 1857 660 1912 molitus
674 1873 802 1929 unquam
812 1855 900 1928 aliud,
910 1857 985 1912 nihil

136 1962 286 2019 aggressus
306 1945 476 2017 reperietur,
491 1943 546 2000 nisi
562 1947 641 2018 quod
660 1946 722 2018 ejus
736 1946 766 2002 iu
786 1946 888 2002 iratres
906 1963 983 2015 suos,

135 2050 209 2107 quos
223 2037 256 2089 ιιι
270 2034 401 2089 dominos
412 2033 590 2102 observabat,
601 2034 724 2090 charitas
733 2040 898 2106 exposceret
909 2036 986 2108 (tton-

135 2125 201 2192 scss.
218 2123 264 2179 lib.
282 2125 324 2189 10,
341 2138 401 2193 cup.
417 2124 445 2178 4.
460 2138 488 2178 n.
505 2123 540 2192 6).
557 2123 611 2178 Sed
626 2127 779 2196 antequam
791 2125 872 2196 juxta
882 2124 984 2179 serien]

139 2226 282 2267 annorum
295 2211 453 2276 videamus,
469 2210 573 2284 quibus
588 2211 743 2281 laboribus,
755 2213 947 2285 quotscriptis
959 2220 987 2269 cl

136 2298 417 2374 peregrinationibus
430 2300 512 2355 ilium
533 2301 674 2356 fraternus
698 2318 777 2358 amor
791 2301 965 2374 implicuerit
977 2320 984 2370 ;

140 2389 308 2461 colligemus
322 2388 368 2444 bic
382 2389 521 2444 nonnulla
542 2389 576 2445 da
595 2389 672 2445 iliius
685 2407 737 2462 pro
752 2391 875 2447 Ecclesia
888 2393 986 2464 gestis,

138 2493 202 2549 qum
214 2476 296 2533 nobis
307 2477 341 2532 ad
350 2481 458 2532 certum
473 2477 602 2533 ordinem
613 2483 775 2551 temporum
788 2495 919 2536 revocare
929 2498 988 2537 non

138 2565 212 2621 licet.
230 2566 265 2622 Ut
283 2568 380 2620 aulem
399 2565 435 2620 ab
450 2566 490 2620 eis
504 2582 568 2638 quae
589 2566 624 2622 ad
636 2567 727 2638 ipsius
742 2583 836 2623 mores
850 2572 986 2640 spectant,

138 2653 273 2710 narrandi
288 2653 425 2710 iaciamus
446 2653 583 2723 initium;
604 2655 697 2728 qualis
721 2660 795 2712 esset
808 2656 912 2713 anima
928 2675 987 2713 suan

140 2740 255 2809 habitus
265 2741 359 2813 primo
370 2740 549 2814 episcopatus
559 2741 603 2798 sui
613 2744 878 2815 tempore,ipscmet
888 2746 919 2801 in
929 2745 988 2801 suis

141 2830 374 2887 Conlessionibus
388 2845 465 2886 anno
478 2830 512 2886 ab
529 2830 618 2903 ipsius
633 2831 812 2888 ordinatione
826 2839 929 2906 quarto
944 2835 986 2889 vei

141 2920 241 2994 quinto
252 2920 986 2996 editia,inoculisconspecluqueomniumevposuit.

143 3012 291 3066 Nemeum
301 3010 397 3081 jacere
411 3014 537 3081 cuperet,
552 3011 690 3083 nulloque
702 3010 778 3066 inter
787 3012 919 3069 homines
928 3028 988 3069 esse

142 3114 275 3165 numero,
288 3113 363 3169 agre
374 3099 529 3155 admodum
539 3099 648 3156 ferebat
659 3099 708 3155 Vir
717 3105 841 3171 sanctus,
854 3107 989 3158 aeconlra

143 3186 175 3242 in
191 3202 240 3241 ore
256 3186 385 3241 omniurn
400 3187 516 3254 versari,
532 3193 617 3260 alque
627 3188 713 3244 aliam
726 3194 831 3245 sanctae
841 3206 991 3247 couversa-

147 3274 234 3331 tionis
253 3275 370 3330 nomine
384 3291 497 3330 summo
512 3275 632 3349 dignum
645 3277 753 3333 honore
766 3277 875 3336 baberi.
891 3280 990 3352 itaque

144 3380 177 3420 ne
189 3363 222 3420 de
235 3379 263 3421 se
276 3366 420 3435 quisquam
430 3365 580 3432 lominum,
593 3365 633 3420 ait
643 3365 796 3434 Possidiua
811 3382 897 3439 supro
907 3385 990 3438 quom

143 3468 172 3510 se
185 3468 241 3510 esse
253 3456 374 3522 nouerat,
398 3453 525 3521 crederet,
546 3469 600 3510 non
621 3455 707 3510 sotum
721 3456 810 3526 qualis
823 3460 885 3512 onte
896 3473 989 3528 perce·

734 219 822 280 viri
841 218 868 276 S.
889 215 1083 275 AUGUS'I'INI
1106 213 1278 272 EPISCOPI.

1832 221 1882 274 ili

1037 352 1100 393 eam
1115 338 1219 394 animae
1231 337 1382 394 sanitatem
1399 338 1460 410 jam
1474 337 1571 394 divino
1593 352 1714 394 munera
1732 339 1885 412 perductus

1037 430 1120 494 esset,
1133 432 1167 484 ιιι
1181 427 1358 484 confidenter
1373 429 1431 483 ileu
1445 427 1564 497 diceret,
1578 430 1638 485 Non
1652 429 1747 493 dulia,
1759 430 1887 487 sedeccia

1037 520 1208 585 conscientia,
1228 520 1348 582 Domine,
1365 533 1426 573 omo
1447 528 1472 573 te
1494 517 1585 587 (ibid,
1610 533 1671 588 cop.
1688 521 1716 586 o,
1731 534 1759 574 n.
1774 522 1801 585 8)
1821 524 1886 576 :at-

1035 611 1133 662 tamen
1147 607 1252 663 multos
1264 611 1293 662 el
1306 623 1427 679 magnos
1437 622 1498 662 essc
1506 607 1659 678 languores
1673 609 1886 681 suosagnoscil,

1037 695 1142 767 quibus
1169 695 1302 751 sanandis
1328 695 1487 751 necessaria
1519 694 1556 750 sil
1591 694 1771 751 medicinalis
1798 696 1888 770 gratia

1037 783 1141 840 Christi
1152 783 1313 841 Mediatoris
1324 784 1417 856 (ibid,
1428 800 1489 855 cop.
1505 786 1552 854 ia,
1565 801 1594 840 n.
1606 785 1663 856 08).
1676 785 1885 858 Namturpium

1037 889 1133 929 rerum
1148 873 1288 944 imagines
1302 877 1330 929 et
1339 873 1434 930 virere
1445 873 1538 929 adbuc
1547 872 1577 929 in
1588 889 1640 929 sna
1652 873 1794 930 memoria
1807 879 1887 931 testa·

1035 966 1095 1034 tur,
1114 967 1143 1019 el
1160 962 1214 1019 sibi
1229 979 1387 1031 occursare,
1403 962 1532 1034 vigilanti
1547 962 1665 1035 quidem
1680 966 1811 1021 carentes
1822 963 1887 1020 viri·

1037 1051 1101 1120 bus,
1114 1050 1146 1107 in
1160 1051 1268 1107 somnis
1281 1056 1377 1108 aulem
1392 1066 1451 1107 non
1466 1051 1558 1106 solum
1570 1067 1660 1124 nsque
1674 1051 1710 1107 ad
1720 1051 1885 1108 delectatio·

1036 1156 1114 1206 nem,
1131 1140 1180 1196 sed
1195 1140 1281 1195 eliam
1296 1140 1430 1212 usquead
1445 1137 1663 1194 consensionem
1675 1138 1843 1214 laetumque
1856 1141 1889 1196 si·

1037 1230 1202 1286 miltimum.
1212 1229 1381 1302 Quanquam
1390 1244 1466 1302 saepe
1477 1227 1887 1299 ctiaminsomnisresiatabat,

1037 1322 1066 1374 et
1077 1318 1122 1375 sui
1137 1333 1248 1374 memor
1270 1316 1422 1390 propositi,
1449 1319 1537 1391 atque
1557 1316 1588 1374 in
1602 1334 1636 1374 eo
1649 1317 1811 1379 castissime
1822 1335 1889 1394 per·

1038 1423 1166 1475 manens,
1181 1407 1293 1463 nullum
1308 1406 1413 1463 talibus
1426 1406 1567 1463 illecebris
1582 1407 1626 1463 vel
1639 1406 1790 1465 dormiens
1803 1407 1888 1465 auni-

1037 1496 1122 1552 bebat
1134 1513 1281 1552 assensum
1292 1495 1384 1569 (ibid,
1395 1512 1456 1568 cop.
1469 1498 1515 1564 20,
1530 1512 1559 1552 n.
1575 1497 1631 1568 11).
1647 1497 1711 1563 Quo
1727 1496 1760 1552 in
1785 1501 1889 1570 &aare

1037 1585 1107 1642 maii
1130 1586 1224 1642 adhuc
1242 1601 1271 1642 se
1290 1602 1351 1641 esse
1374 1585 1563 1657 comperiens,
1589 1585 1628 1641 sic
1652 1586 1813 1644 exsultabat
1826 1603 1888 1644 cnm

1038 1678 1162 1731 tremore
1176 1673 1207 1730 in
1219 1690 1253 1730 eo
1268 1675 1346 1747 qnod
1357 1674 1398 1730 ilii
1411 1674 1485 1730 bens
1495 1675 1659 1743 donaverat,
1674 1678 1708 1731 nt
1721 1674 1754 1731 iu
1767 1691 1802 1732 eo
1816 1675 1889 1749 quod

1039 1764 1285 1820 inconsummatus
1298 1768 1360 1820 erat
1371 1764 1493 1835 lugeret.
1510 1764 1607 1836 Pergit
1617 1764 1652 1820 ad
1664 1764 1743 1820 alind
1758 1765 1889 1822 lenutio-

1039 1854 1083 1910 nis
1094 1869 1196 1926 genus,
1207 1854 1285 1926 quod
1296 1869 1328 1909 ex
1340 1852 1444 1909 edendi
1452 1858 1480 1908 et
1488 1852 1780 1910 bibendinecessitale
1789 1853 1890 1911 oritur.

1041 1944 1097 1998 Hoc
1119 1942 1269 2015 quideme
1290 1943 1348 1998 Deo
1368 1942 1487 1998 edoctus
1503 1945 1573 2009 erat,
1597 1947 1630 1997 ut
1647 1942 1889 2016 quemadmodum

1040 2031 1257 2098 medicamenta,
1295 2031 1335 2087 sic
1368 2030 1505 2086 alimenta
1538 2035 1703 2103 sumpturus
1747 2032 1890 2089 accederat

1041 2122 1132 2194 libid,
1152 2137 1213 2192 cop.
1240 2125 1284 2190 31,
1305 2137 1333 2177 n.
1349 2122 1392 2190 ti)
1410 2137 1417 2176 ε
1434 2121 1483 2176 sed
1497 2121 1566 2176 dnm
1581 2120 1614 2176 ad
1631 2119 1759 2192 quietem
1778 2121 1890 2179 satiem

1041 2211 1077 2266 tis
1101 2228 1134 2266 ex
1149 2210 1316 2283 indigentiae
1340 2210 1469 2267 molestia
1485 2209 1634 2278 transibat,
1650 2209 1758 2282 inipso
1771 2210 1891 2266 transitu

1041 2299 1096 2372 ipsi
1111 2299 1299 2355 insidiabatur
1319 2298 1437 2372 laqueus
1463 2299 1710 2370 concupiscentia.
1735 2297 1891 2365 Quianam

1036 2396 1117 2461 ‘sape
1131 2388 1272 2444 incertum
1291 2387 1337 2455 sit,
1362 2392 1459 2443 utrum
1485 2387 1576 2443 adbuc
1595 2387 1754 2444 necessaria
1768 2388 1892 2461 corporis

1042 2497 1110 2536 cura
1129 2479 1288 2536 subsidium
1313 2483 1402 2551 palat,
1430 2495 1466 2534 an
1485 2478 1645 2552 voluptaria
1659 2478 1826 2552 cupiditatis
1840 2478 1890 2534 ial-

1043 2568 1114 2624 lacia
1136 2567 1329 2623 ministerium
1354 2571 1487 2640 suppetat
1513 2583 1520 2622 τ
1545 2566 1582 2622 ad
1606 2566 1661 2622 hoc
1685 2566 1829 2622 incertum
1849 2565 1891 2622 hi·

1042 2657 1155 2715 larescit
1177 2656 1277 2712 iniciix
1294 2656 1401 2724 anima,
1425 2661 1454 2712 et
1472 2656 1502 2712 in
1517 2673 1550 2712 eo
1571 2659 1716 2729 praeparat
1737 2655 1890 2712 excusatio·

1042 2747 1088 2802 nis
1114 2744 1317 2818 patrocinium,
1341 2744 1470 2818 gaudens
1497 2760 1556 2800 non
1579 2760 1718 2817 apparare
1743 2743 1892 2817 quidsatis

1043 2832 1079 2887 sit
1094 2832 1283 2888 moderationi
1296 2832 1479 2903 valetudinis,
1495 2836 1527 2888 ut
1540 2832 1658 2888 obtentu
1673 2832 1774 2888 salutis
1791 2834 1891 2890 obum-

1042 2921 1106 2976 bret
1120 2921 1267 2992 negotium
1288 2921 1450 2994 roluplalis.
1474 2921 1522 2976 His
1541 2921 1749 2978 tentationibus
1763 2921 1891 2995 qnotidie

1043 3010 1200 3066 conabatur
1222 3009 1366 3077 resistere,
1391 3014 1420 3066 et
1442 3009 1592 3066 invocabat
1616 3010 1763 3067 dexteram
1793 3010 1845 3068 uei
1859 3009 1892 3066 ad

1043 3099 1163 3155 salutern
1179 3115 1275 3168 suam;
1292 3105 1321 3155 et
1335 3100 1371 3155 ad
1384 3116 1450 3156 eum
1472 3099 1615 3157 referebat
1628 3104 1716 3156 castus
1734 3116 1814 3172 suos,
1828 3099 1893 3173 qnia

1044 3188 1195 3245 consilium
1211 3188 1265 3244 sibi
1280 3189 1314 3244 de
1329 3189 1381 3244 hac
1397 3205 1427 3244 ro
1440 3205 1497 3244 non
1509 3188 1612 3246 stabat.
1628 3190 1662 3244 Et
1675 3189 1794 3263 quidam
1807 3189 1893 3247 abric-

1044 3281 1087 3333 tas
1099 3277 1184 3349 longe
1192 3280 1252 3332 erat
1262 3276 1298 3332 ab
1310 3293 1343 3333 eo
1358 3278 1595 3350 :crapulaantem
1609 3279 1822 3352 nonnunquam
1835 3277 1893 3334 srrb

1045 3365 1163 3437 repebat
1186 3364 1224 3435 ei,
1251 3366 1368 3437 crapula
1395 3371 1492 3422 tamen
1515 3383 1558 3435 ea,
1576 3382 1632 3439 qua
1647 3382 1706 3422 non
1720 3383 1770 3423 cor
1791 3365 1893 3440 ipsum,

1045 3454 1093 3511 sed
1108 3455 1225 3510 allectus
1240 3459 1269 3509 et
1283 3455 1423 3526 languens
1438 3456 1601 3511 stomachus
1615 3455 1645 3510 in
1663 3454 1798 3528 perlectis
1811 3456 1894 3512 aliam

140 3547 219 3613 ptum
232 3544 352 3610 pretium
366 3542 521 3612 tamarid
536 3545 617 3598 cliom
630 3545 720 3613 quetis
731 3544 792 3614 jum
803 3549 991 3616 sumptouice-
1046 3542 1212 3600 Christianis
1239 3542 1393 3614 aliquando
1414 3548 1558 3616 gravatur.
1586 3544 1718 3600 Ebriosus
1745 3560 1894 3618 nunquam

141 3630 548 3702 ruuntqnacu(Possiovaspn
558 3632 759 3703 Vinctaque,
769 3635 913 3706 inicam.
925 3635 990 3690 Cor·
1045 3631 1099 3688 luit
1115 3648 1122 3688 ε
1139 3632 1215 3705 quod
1231 3634 1288 3688 ileo
1301 3649 1417 3704 prorsus
1431 3636 1580 3705 acceptum
1600 3633 1697 3689 refert.
1720 3634 1754 3689 in
1768 3632 1815 3689 his
1830 3648 1893 3706 ergo

142 3721 229 3776 nebat
242 3723 383 3791 praelerea
397 3719 493 3774 multis
514 3720 598 3774 bonis
614 3720 791 3790 Christianis,
813 3722 864 3796 qui
885 3724 992 3796 pariter
1045 3720 1251 3776 tentationibas
1265 3720 1388 3793 positus,
1399 3721 1524 3777 certabat
1539 3721 1667 3794 quotidie
1678 3721 1816 3777 adversus
1830 3736 1893 3778 con·

146 3807 210 3879 quis
225 3811 353 3879 tempore
368 3807 431 3879 ipso
454 3808 668 3865 confessionum
687 3827 804 3866 suarum
820 3817 894 3868 esset
907 3829 991 3869 nosse
1046 3807 1249 3880 cupiscenliam
1259 3807 1361 3864 edendi
1378 3812 1406 3865 ot
1417 3808 1536 3864 bibendi
1548 3825 1555 3863 τ
1569 3824 1692 3880 cumque
1702 3824 1762 3864 non
1773 3807 1893 3876 idmst.

144 3899 292 3967 cuperent,
303 3900 418 3965 gratum
428 3894 570 3950 iacturum
585 3913 615 3951 se
625 3912 684 3952 non
694 3898 755 3953 sinc
765 3915 870 3972 magno
880 3901 990 3958 fructu:
1046 3897 1123 3970 quod
1138 3898 1226 3952 semei
1240 3895 1407 3969 precidere,
1427 3901 1456 3953 ct
1469 3896 1503 3952 dc
1519 3913 1576 3969 quo
1589 3896 1710 3952 ulterius
1733 3913 1793 3954 non
1817 3897 1894 3954 attin·

144 3981 286 4054 siqnidem
297 3981 319 4036 ii
331 3986 360 4037 cl
374 3982 480 4054 gratias
496 3984 554 4039 Deo
566 3986 656 4040 acturi
666 3985 700 4041 dc
713 3987 797 4042 donis
803 3987 858 4059 ipsi
867 3989 986 4056 collatis,
1045 3985 1137 4057 gendo
1153 3986 1307 4041 decernere
1322 3991 1434 4058 posset;
1449 3985 1523 4042 ireni
1543 3985 1666 4057 gutturis
1678 3990 1843 4058 temperata
1854 4000 1894 4042 rt·

144 4075 173 4126 et
185 4071 339 4143 perspectis
353 4071 415 4143 ejus
427 4072 508 4127 maiis
522 4088 576 4144 pro
591 4074 653 4144 ipso
667 4076 797 4147 rogaturi
805 4083 899 4134 essent
910 4078 989 4149 (Gon-
1046 4073 1188 4131 laxatione
1204 4080 1233 4130 et
1246 4074 1449 4131 constrictione
1463 4075 1581 4132 tenendi
1595 4078 1686 4130 erant.
1700 4074 1755 4132 Sed
1768 4076 1893 4133 nondum

145 4162 211 4229 sess.
228 4161 276 4216 lib.
289 4163 332 4228 ro,
347 4177 408 4232 cop.
422 4163 448 4229 3,
467 4177 497 4217 n.
516 4161 554 4235 i).
577 4163 705 4222 Primum
723 4181 792 4238 ergo
807 4166 831 4222 is
854 4167 924 4240 ipsa,
941 4169 991 4241 qui
1046 4163 1070 4219 is
1085 4167 1155 4232 erat,
1171 4164 1220 4236 qui
1239 4180 1297 4219 non
1311 4167 1462 4236 raperetur
1488 4164 1702 4237 aliquantulum
1716 4169 1798 4221 extra
1811 4168 1894 4222 metu

143 4249 187 4305 vir
202 4249 395 4307 sanctissimus
414 4266 446 4306 ac
461 4251 521 4323 ejus
536 4252 611 4324 apud
626 4255 715 4310 Deum
731 4255 825 4311 meriti
838 4272 898 4312 esse
912 4257 990 4314 aida·
1045 4252 1219 4309 necessitatis
1236 4269 1243 4308 :
1259 4269 1291 4308 ac
1303 4252 1489 4309 nibilominus
1501 4252 1704 4326 magnificabat
1717 4269 1825 4310 nomen
1836 4251 1891 4321 nei,

143 4343 233 4408 retur,
247 4339 347 4411 inquo
361 4339 666 4413 tacitequisquespem
678 4345 992 4418 reponeral,proiitetur
1046 4357 1142 4414 quem,
1159 4341 1210 4415 qui
1228 4341 1295 4398 vicit
1317 4342 1463 4409 annulum,
1487 4359 1541 4415 pro
1564 4342 1654 4415 ipsius
1676 4343 1802 4414 peccatis
1816 4343 1893 4399 inter

143 4430 233 4482 totam
257 4444 338 4498 spem
361 4445 442 4484 snam
464 4428 581 4484 nonnisi
605 4429 636 4485 in
659 4447 763 4504 magna
777 4434 858 4490 valde
882 4434 992 4490 miseri·
1045 4431 1179 4504 putabat,
1194 4446 1349 4486 numerans
1364 4431 1458 4503 ipsum
1473 4431 1548 4487 inter
1561 4431 1678 4488 infirma
1693 4433 1825 4489 membra
1837 4448 1892 4488 cor·

143 4515 241 4572 cordia
264 4516 313 4571 Dei
332 4518 415 4574 sitam
430 4534 505 4586 esse;
523 4518 621 4575 abillo
635 4535 665 4575 se
686 4524 784 4592 petere
805 4527 838 4577 ut
852 4523 901 4578 det
914 4524 991 4596 quod
1045 4519 1122 4594 poris
1134 4519 1188 4576 sui.
1202 4520 1280 4585 Quod
1296 4520 1331 4575 ad
1345 4519 1508 4576 illecebram
1523 4521 1645 4577 odorum
1659 4521 1796 4593 pertinet,
1811 4521 1847 4578 de
1863 4536 1894 4576 ea

140 4603 233 4676 jubet,
246 4608 331 4677 alque
342 4606 395 4662 hoc
409 4612 492 4678 pacto
505 4608 582 4680 qaod
597 4608 665 4664 velit
674 4608 794 4681 jubeat:
811 4609 882 4666 scire
897 4627 991 4681 se,ne·
1045 4620 1103 4659 nou
1117 4603 1263 4676 satagebat
1276 4603 1362 4659 nimis
1388 4621 1395 4659 ι
1417 4621 1482 4661 cum
1494 4604 1616 4676 Jucuudi
1635 4605 1771 4661 abessent
1784 4605 1892 4672 odona

143 4692 252 4748 minem
265 4711 347 4766 possa
362 4712 422 4751 esse
436 4697 640 4766 continentem,
653 4697 707 4753 nisi
719 4699 793 4754 Deus
806 4699 871 4756 det:
884 4700 990 4774 quippe
1045 4710 1104 4749 non
1118 4692 1298 4765 roquir0b³t;
1314 4709 1380 4749 cum
1401 4694 1544 4760 adessent,
1560 4709 1618 4749 uon
1632 4695 1799 4767 respuebat,
1813 4709 1893 4767 para·

143 4798 209 4839 cum
220 4798 274 4854 per
286 4782 468 4842 continentiae
483 4787 648 4844 mandatum
664 4788 747 4844 nohis
762 4788 990 4861 praecipiaturprt
1045 4787 1092 4839 111³
1106 4782 1145 4838 eis
1155 4797 1269 4854 semper
1282 4797 1387 4838 carere·
1404 4782 1459 4838 Sed
1473 4781 1653 4854 quamtisila
1670 4781 1726 4839 sibi
1741 4781 1893 4852 videretur,

142 4871 312 4944 colligamur
326 4877 354 4928 et
365 4874 530 4946 redigamur
541 4877 572 4933 in
583 4893 685 4947 unum,
702 4894 788 4951 aquo
801 4877 833 4933 in
845 4879 935 4935 muita
946 4879 992 4935 de·
1045 4881 1098 4936 bac
1112 4879 1143 4935 in
1155 4894 1186 4934 re
1198 4883 1295 4935 tamen
1306 4878 1365 4935 latii
1379 4895 1409 4934 se
1420 4879 1541 4936 timebat
1557 4895 1565 4934 z
1580 4878 1687 4952 quippe
1699 4895 1767 4936 cum
1782 4896 1849 4936 eum
1859 4879 1895 4935 ia·

142 4959 279 5016 fluximus
293 4959 371 5032 (quia
384 4962 516 5020 videlicet
529 4964 554 5020 is
568 4965 664 5022 minus
676 4968 765 5023 Duum
777 4968 990 5040 amat,quicum
1044 4971 1119 5025 leret
1130 4968 1249 5025 facultas
1263 4985 1314 5024 sua
1330 4984 1394 5041 qun
1408 4967 1512 5039 inipso
1527 4971 1599 5038 erat,
1613 4971 1643 5023 at
1653 4967 1769 5025 animus
1779 4966 1896 5042 illinsde

141 5049 199 5104 Deo
212 5046 321 5121 aliquid
336 5054 424 5118 amat,
440 5052 519 5122 quod
532 5069 588 5109 non
601 5059 720 5128 propter
734 5057 824 5112 Deum
838 5055 938 5126 amal);
954 5055 991 5111 ad
1044 5057 1152 5113 viribus
1167 5056 1225 5112 suis
1239 5056 1300 5129 ipse
1315 5056 1370 5114 sihi
1391 5073 1448 5113 non
1463 5055 1545 5112 iaciie
1561 5056 1736 5113 credendum
1752 5056 1895 5114 eandmu-

140 5136 213 5195 illud
225 5137 403 5211 implendum
417 5154 447 5195 se
457 5155 509 5211 per
522 5157 552 5196 sa
567 5157 625 5198 non
640 5144 780 5216 sufficere,
797 5145 846 5201 sed
860 5144 990 5217 indigere
1045 5151 1102 5216 ret;
1125 5145 1194 5219 quia
1207 5145 1285 5218 quod
1307 5146 1391 5211 inest,
1418 5146 1590 5218 plerumque
1613 5146 1757 5202 amulium
1771 5150 1826 5215 est,
1845 5144 1897 5202 uisi

141 5232 174 5283 ut
184 5228 222 5284 ab
235 5227 299 5301 ipso
321 5228 378 5284 ileo
399 5229 579 5286 accendatur.
605 5232 627 5289 0
647 5248 731 5301 amor,
756 5234 806 5301 eit,
826 5236 875 5306 qui
888 5250 991 5306 semper
1045 5234 1221 5308 experientia
1233 5235 1417 5291 manifestum
1431 5234 1490 5290 liat.
1506 5235 1671 5308 Voluptates
1693 5235 1808 5291 aurium
1824 5240 1897 5291 tena-

141 5316 260 5399 ardesct
272 5334 413 5390 uunquam
425 5320 622 5390 exstingueris!
636 5322 766 5380 Gladius
778 5327 848 5381 bens
861 5340 991 5388 meusnc·
1045 5325 1186 5380 cinaeum
1202 5324 1431 5396 implicaverant,
1447 5328 1477 5380 et
1489 5323 1716 5395 subjugaverant
1732 5323 1803 5380 :sed
1829 5325 1900 5380 Deus

115 5460 120 5470 ,
141 5405 221 5460 cende
239 5408 612 5480 me.dontinenticmjubes;
635 5411 673 5466 do
687 5413 760 5481 quod
769 5412 859 5484 jubes,
884 5419 908 5468 ct
923 5414 990 5483 jube
1044 5412 1199 5469 resolverat
1227 5417 1256 5469 el
1283 5412 1454 5469 liberaverat
1476 5430 1554 5470 curn.
1579 5413 1658 5468 Tunc
1682 5427 1753 5486 ergo
1768 5412 1799 5468 in
1814 5411 1900 5482 sonis,

141 5494 269 5566 quodvis
283 5496 376 5568 (told,
389 5500 507 5571 copti,
522 5514 550 5554 n.
570 5499 629 5569 10).
647 5500 755 5557 Deinde
769 5518 935 5575 quanquam
950 5503 987 5558 ad
1046 5517 1118 5574 quos
1139 5501 1269 5559 animant
1282 5502 1377 5559 divina
1393 5502 1516 5575 eloquia,
1531 5517 1597 5560 cum
1613 5501 1693 5559 suavi
1707 5506 1736 5559 at
1748 5502 1903 5560 artificiosa
