3884 6112
109 264 160 316 055

422 380 535 434 uarat
556 380 622 433 Llll.

106 468 294 527 contradens
327 468 463 536 Epistulas
490 469 710 535 Puteolanorum,
735 466 802 520 libri
828 468 954 534 quatuor.

141 558 305 629 Sequuntur
319 557 384 612 libri
395 560 516 627 quatuor
530 571 602 626 quos
617 558 717 608 contra
733 553 804 608 duas
821 553 956 624 epistolas

107 645 324 717 Pelagianorum
338 646 373 699 ad
394 644 559 715 episcopum
576 644 712 697 llomanae
729 642 856 696 Ecclesiae
871 641 955 695 Roai-

104 735 208 789 iacium
226 732 343 804 scripsi;
365 733 432 804 quia
455 748 520 786 cum
544 731 573 786 in
589 746 691 785 manus
708 730 770 800 ejus
794 729 952 795 venisseut,

103 824 163 895 ipse
178 822 250 876 mibi
269 838 315 876 eas
330 822 455 886 miserat,
477 820 628 874 inveniens
650 818 751 873 inillis
777 818 955 873 calumniose

103 910 305 979 interpositum
327 925 433 963 numen
459 924 564 962 meum.
590 907 649 962 lloc
668 923 740 979 opus
764 906 804 960 sie
828 906 954 978 inicipit:

105 1001 239 1056 Noveram
254 998 411 1067 tequidem,
437 999 516 1064 sarua
530 996 701 1051 celeberrima
726 995 900 1065 praedicante.

428 1125 540 1179 CAPUT
562 1124 640 1178 txll.

316 1233 416 1288 Contra
429 1231 579 1296 lulianum,
595 1230 661 1285 libri
679 1243 737 1284 sec.

140 1341 252 1394 interca
264 1337 333 1392 libri
346 1340 471 1408 quatuor
484 1335 590 1389 tuliani
604 1333 757 1406 pelagiani,
770 1349 842 1404 quos
865 1348 953 1404 supra

102 1425 333 1494 commemoravi,
350 1427 491 1478 venerunt
509 1423 597 1477 etiarn
611 1422 640 1476 iu
656 1438 758 1477 manus
772 1426 902 1487 nostras;
917 1420 949 1476 iu

104 1515 209 1586 quibus
224 1511 350 1584 comperi
376 1511 424 1566 illa
440 1527 505 1582 quae
529 1527 562 1564 ex
575 1509 616 1565 eis
636 1509 826 1581 decerpserat,
852 1509 956 1581 quiea

103 1602 202 1656 comiti
217 1601 328 1655 Valerio
348 1599 475 1667 miserat,
501 1615 560 1653 uou
579 1598 675 1653 omnia
689 1615 723 1652 eo
749 1598 837 1652 modo
858 1613 915 1669 quo
938 1612 955 1651 a

99 1691 114 1744 J
118 1691 212 1745 uliano
229 1689 391 1755 dictasunt,
407 1688 444 1743 ad
469 1687 605 1743 eumdem
620 1686 755 1741 comitem
770 1686 885 1757 scripta,
902 1685 952 1740 sed

103 1779 242 1834 nonnulla
258 1794 357 1832 eorum
380 1776 559 1848 aliquantum
587 1776 676 1830 luisse
703 1779 824 1830 munta.
850 1773 955 1845 Scripsi

104 1884 171 1938 ergo
186 1883 234 1921 sex
253 1867 349 1932 libros,
366 1865 501 1920 adversus
515 1865 578 1919 illos
593 1868 735 1934 quatuor3
750 1862 799 1918 scd
822 1878 955 1919 meorum

101 1957 158 2012 duo
171 1955 267 2027 primi,
298 1953 469 2009 testimoniis
484 1957 648 2007 sanctorum
662 1952 712 2024 qui
728 1952 815 2007 iidem
834 1950 951 2006 catholi-

101 2061 163 2099 cam
178 2043 401 2115 postApostolos
416 2041 616 2102 defenderunt,
628 2041 734 2095 tuliani
744 2039 954 2111 impudentiam

105 2132 283 2203 redarguunt
296 2131 346 2202 qui
359 2135 497 2200 tauquam
512 2129 734 2189 Manichaeorum
753 2128 857 2200 dogma
871 2129 954 2183 nobis

102 2220 296 2290 objiciendum
335 2218 462 2289 putarit,
491 2218 541 2289 qui
564 2234 596 2272 ex
622 2218 714 2271 Adam
740 2217 816 2272 trabi
832 2217 954 2273 dicimus

102 2308 242 2378 originale
256 2310 415 2378 peccatum,
431 2306 509 2377 quod
530 2321 583 2376 par
595 2304 740 2360 lavacrum
764 2307 954 2377 regeneratio·

101 2397 158 2464 nis,
171 2413 231 2451 non
243 2397 336 2451 solum
350 2395 379 2449 in
394 2395 672 2466 majoribus,rerum
684 2393 771 2449 auam
785 2394 815 2449 iu
827 2396 954 2467 parvulis

102 2485 230 2540 solvitur.
257 2486 402 2551 Quantum
426 2488 522 2538 autem
544 2483 605 2554 ipsc
619 2481 758 2554 [Julianus
781 2483 953 2550 quibusdam

103 2573 251 2629 sententiis
267 2571 325 2627 suis
339 2571 453 2643 adjuret
469 2571 647 2640 Manichacus,
662 2571 789 2642 inprimi
804 2571 871 2625 libri
895 2572 952 2627 mei

103 2667 185 2734 parte
199 2661 355 2734 posteriore
368 2661 535 2715 monstrari.
547 2661 646 2716 Catari
659 2666 756 2716 autem
770 2661 871 2716 mostri
885 2678 953 2734 qua·

103 2756 168 2806 tuor
186 2750 347 2806 redduntur
358 2749 544 2821 illissingulis
559 2748 676 2819 singuli.
693 2751 798 2805 Verum
817 2750 951 2822 inhujus

98 2839 171 2896 tanti
195 2843 312 2911 tuumne
338 2836 475 2908 elaborati
488 2837 584 2908 operis
607 2837 708 2910 quinto
723 2838 879 2906 volumine,
898 2837 948 2894 ubi

99 2925 324 2982 commemorari
346 2925 504 2981 deformem
522 2925 659 2981 maritum
683 2926 799 2998 conjugi
819 2943 889 2994 sure,
913 2943 949 2982 ne

100 3015 241 3070 deformes
254 3019 379 3086 pareret,
395 3029 557 3086 proponere
576 3014 605 3069 iu
619 3014 773 3070 concubitu
794 3015 950 3070 formosam

99 3103 190 3157 solere
203 3102 345 3174 picturam
359 3101 436 3172 (Cap.
459 3104 501 3171 lt,
513 3118 541 3158 n.
558 3103 616 3171 bl),
633 3119 740 3159 uonaau
755 3103 880 3160 bominis
897 3104 949 3176 qui

98 3185 154 3239 hoc
166 3184 259 3239 iacere
274 3184 392 3253 solebat,
406 3184 486 3255 quasi
496 3188 606 3238 eertum
621 3185 715 3254 posui,
731 3201 797 3241 cum
811 3185 848 3241 sit
861 3186 950 3241 incer-

98 3275 162 3327 tum
186 3271 254 3343 quia
278 3270 415 3326 memoria
429 3287 474 3326 me
498 3271 608 3327 fefollit.
625 3273 682 3327 Hoc
704 3278 801 3328 autem
824 3275 950 3330 Soranus

98 3366 200 3417 auctor
213 3359 363 3415 medicinae
378 3359 387 3394 ¹
402 3358 515 3430 scripsit
528 3376 626 3430 regem
642 3360 777 3432 Cyprium
791 3361 884 3418 lacere
898 3380 947 3418 su-

97 3450 167 3517 lere,
185 3449 236 3504 sed
257 3464 363 3504 nomen
386 3448 447 3519 ejus
472 3447 623 3519 proprium
644 3465 703 3504 nou
726 3451 874 3521 expressit.
892 3453 950 3508 Hoc

96 3554 169 3609 opus
190 3537 230 3592 sic
243 3536 361 3610 incipit:
378 3537 559 3594 contremebat
579 3541 640 3592 taos
658 3542 684 3593 et
697 3538 779 3594 verbo
802 3539 947 3605 maledieo,

95 3627 224 3682 datiane.

414 3732 527 3787 CAPUT
540 3731 632 3787 Llllll.

97 3836 144 3892 Ad
162 3838 350 3903 Laurentium,
374 3836 407 3891 de
420 3837 497 3906 Fide,
512 3839 565 3906 Spe
579 3843 604 3893 et
619 3839 768 3905 Claritate,
784 3841 852 3895 tiber
865 3856 946 3898 anus.

132 3959 237 4031 Scripsi
262 3959 348 4014 etiarn
372 3958 478 4014 librum
505 3961 540 4015 de
563 3961 640 4024 Fide,
664 3962 718 4033 Spe
743 3968 773 4018 et
792 3965 945 4035 Charitate,

96 4066 162 4106 cum
176 4067 193 4105 a
208 4065 264 4116 me,
281 4048 316 4103 ad
330 4064 418 4120 quern
432 4048 554 4120 scriptus
576 4055 628 4115 est,
652 4052 824 4122 postulasset
839 4059 870 4110 ut
892 4056 945 4110 ali-

93 4140 172 4211 quod
186 4137 357 4210 opusculum
368 4137 485 4192 baberet
500 4154 597 4194 meum
612 4139 646 4193 da
667 4139 726 4194 suis
739 4140 872 4196 manibus
887 4159 946 4199 uon

94 4243 288 4283 recessurum:
305 4225 384 4298 quod
407 4241 497 4296 genus
520 4227 608 4282 Gracci
623 4227 808 4284 Euchiridion
830 4235 943 4286 vocant.

94 4318 147 4373 Ubi
162 4317 229 4372 satis
243 4315 396 4387 diligenter
408 4314 480 4368 mibi
494 4315 591 4370 videor
610 4333 670 4372 essa
686 4318 850 4388 complexus
872 4336 944 4392 quo·

91 4406 176 4460 modo
192 4405 227 4459 sit
237 4405 374 4459 colendus
392 4405 475 4470 Deus,
492 4419 578 4474 quam
594 4405 764 4476 sapientiam
779 4424 840 4462 asse
851 4408 943 4463 homi-

92 4493 136 4547 nis
156 4493 256 4566 utique
276 4509 372 4547 reram
388 4491 485 4546 diuina
508 4491 653 4562 Scriptura
669 4493 778 4549 delinit.
799 4495 849 4550 ilie
870 4496 944 4552 liber

91 4578 130 4633 sic
144 4579 257 4651 incipit:
275 4583 336 4636 ilici
361 4596 415 4635 raon
435 4583 524 4648 potest
538 4576 721 4648 dilectissime,
732 4582 774 4650 {tlt
800 4583 941 4649 Laururti,

92 4673 224 4736 quantam
238 4674 286 4723 tuo
298 4670 449 4725 eruditione
464 4667 586 4723 delecter.

407 4793 521 4848 CAPUT
541 4793 630 4848 LXIV.

89 4900 128 4954 ne
140 4912 206 4953 cura
217 4911 269 4967 pra
288 4900 400 4954 mortuis
414 4899 542 4967 gerenda,
560 4900 598 4954 od
607 4899 758 4955 Paulinam
776 4902 940 4972 episcopum,

432 4987 500 5043 liber
517 5003 596 5044 anua.

125 5093 242 5149 Librum
257 5091 291 5146 de
306 5092 381 5147 Cura
395 5107 447 5162 pro
463 5093 583 5149 mortuis
598 5095 724 5166 gerenda
739 5094 848 5166 scripsi,
873 5111 940 5150 eum

120 5222 127 5255 ¹
145 5219 184 5268 lta
198 5217 272 5266 bissa
287 5215 383 5280 quibus
399 5214 556 5266 dissidentes
569 5218 612 5267 bie
624 5218 725 5282 vulgati
739 5219 846 5279 habeut,
860 5220 938 5270 medi

84 5285 149 5332 cira
163 5283 232 5332 ortis
246 5282 381 5342 rauptster.
396 5277 429 5326 At
443 5276 487 5326 lib.
499 5281 513 5327 s
525 5281 770 5342 contraluliauum,
783 5296 840 5345 cap.
854 5284 892 5340 u,
907 5282 936 5331 in

87 5342 255 5394 concordiam
267 5356 328 5392 cunr
343 5340 405 5390 llas.
419 5338 540 5390 redeunt.

513 254 842 312 lilil'liAC'l'llTIONUlli
864 252 890 308 S.
913 250 1106 308 AUGUS'l'lNl
1126 253 1234 310 trusa
1254 253 1448 309 SECUNDUS.

1812 258 1857 310 656

1011 376 1207 449 interrogatus
1216 377 1318 433 littoris
1332 377 1460 444 fuissem,
1472 380 1571 433 utrum
1580 378 1675 448 prosit
1688 379 1796 450 cuique
1804 384 1860 450 post

1012 472 1136 521 mortem
1145 467 1222 538 quod
1237 483 1341 538 corpus
1355 467 1417 538 ejus
1429 467 1505 538 apud
1520 466 1611 522 sancti
1622 467 1747 538 alicujus
1759 483 1858 523 memo·

1012 554 1084 609 riam
1095 555 1245 626 sepelitur.
1263 554 1312 609 llic
1320 554 1394 611 liber
1403 553 1443 609 sic
1451 554 1568 626 incipit:
1581 556 1636 610 Dia
1644 556 1798 611 sanctitati
1806 560 1859 624 tua,

1011 646 1163 714 coepiscope
1183 643 1334 699 ammonite
1344 644 1470 698 Pauline.

1331 785 1543 858 cuPuT,va.

1112 896 1151 949 lle
1168 897 1225 948 octo
1248 893 1359 948 Dulcitii
1372 892 1580 960 Qaasttouibas,
1597 892 1668 948 liter
1682 907 1765 947 unas.

1047 1014 1130 1070 Liber
1143 1031 1230 1086 quem
1243 1016 1402 1087 proeuotari
1422 1017 1457 1073 de
1469 1020 1531 1071 octo
1554 1016 1672 1072 Dulcitii
1692 1016 1853 1082 Qamstioui·

1010 1104 1073 1174 bus,
1090 1120 1148 1160 nou
1162 1108 1236 1160 esset
1248 1104 1280 1159 in
1292 1105 1346 1159 hoc
1359 1121 1446 1176 opere
1458 1105 1734 1160 commemorandus
1748 1106 1818 1161 iuter
1828 1108 1853 1162 li·

1010 1192 1078 1247 brus
1091 1209 1181 1264 meos,
1196 1208 1261 1248 cum
1277 1192 1313 1248 sit
1325 1192 1470 1248 coniectus
1485 1210 1519 1247 ex
1533 1193 1570 1247 iis
1584 1209 1652 1265 quae
1663 1209 1679 1248 a
1692 1208 1742 1248 me
1757 1193 1787 1248 iu
1802 1193 1853 1249 aliis

1011 1286 1095 1337 autea
1107 1281 1268 1352 conscripta
1283 1286 1364 1349 suut;
1380 1280 1475 1337 uisiet
1488 1281 1695 1353 disputationis
1720 1281 1823 1353 aliquid
1839 1300 1853 1338 a

1011 1371 1092 1426 nobis
1104 1370 1306 1442 interpositum
1327 1370 1503 1441 reperiretur
1520 1370 1552 1424 in
1567 1386 1615 1440 eo,
1640 1375 1670 1425 ct
1691 1369 1746 1425 uni
1770 1385 1851 1426 amn

1011 1459 1204 1531 questionum
1218 1475 1276 1513 uon
1293 1475 1327 1514 ex
1337 1459 1475 1530 opusculo
1486 1458 1584 1530 aliquo
1597 1458 1656 1513 ulio
1667 1473 1737 1513 meo
1751 1473 1849 1530 respon

1011 1548 1131 1614 sionem,
1146 1547 1194 1603 sed
1209 1552 1277 1602 tunc
1290 1563 1354 1618 quse
1369 1547 1464 1618 potuit
1477 1563 1639 1614 occurrere,
1661 1545 1848 1603 reddidissem.

1011 1636 1060 1690 llic
1084 1636 1155 1691 liber
1168 1636 1207 1691 sic
1222 1635 1337 1708 incipitr
1361 1638 1498 1703 Quantum
1511 1637 1581 1690 miti
1594 1635 1721 1706 affletur,
1745 1635 1850 1690 &brae

1009 1727 1077 1780 sime
1093 1726 1134 1798 fili
1146 1727 1257 1780 Dulciti.

1324 1867 1437 1923 CAPUT
1457 1867 1546 1922 LXVI.

1010 1973 1057 2029 Ad
1074 1974 1248 2031 Valentinum
1263 1979 1289 2028 et
1303 1989 1363 2029 cam
1376 1974 1423 2029 itte
1437 1974 1590 2040 monachos,
1609 1974 1642 2029 de
1658 1974 1759 2031 Gratia
1776 1980 1799 2031 et
1810 1976 1844 2030 li·

1240 2061 1301 2117 bero
1314 2061 1450 2129 Arbitrio,
1466 2061 1534 2116 tiber
1548 2076 1630 2116 anas.

1044 2203 1219 2272 Proptereos
1227 2201 1287 2274 qui,
1297 2217 1362 2256 cum
1371 2201 1535 2258 detenditur
1545 2202 1596 2257 llai
1607 2203 1713 2275 gratia,
1726 2206 1845 2275 putantes

1009 2289 1109 2361 negari
1123 2290 1246 2346 liberum
1260 2290 1423 2359 arbitrium,
1436 2290 1475 2345 sic
1491 2290 1545 2363 ipsi
1559 2291 1723 2349 defenduut
1741 2292 1848 2349 liberum

1009 2377 1160 2433 arbitrium
1174 2383 1207 2434 ut
1224 2384 1331 2451 negent
1345 2379 1396 2434 llei
1410 2378 1542 2450 gratiam,
1557 2386 1724 2436 asserentes
1743 2397 1804 2437 earn
1815 2397 1848 2436 se·

1008 2467 1133 2522 cundum
1144 2467 1247 2523 menta
1255 2472 1350 2522 nostra
1362 2467 1434 2535 dari,
1448 2467 1548 2539 scripsi
1558 2467 1670 2524 librum
1689 2470 1773 2542 cujus
1790 2470 1843 2525 titu-

1009 2555 1053 2609 lus
1065 2560 1116 2620 est,
1127 2556 1162 2611 de
1173 2556 1267 2611 Gratia
1275 2560 1303 2611 at
1312 2555 1412 2610 Libero
1422 2553 1559 2610 arbitrio.
1569 2555 1612 2611 Ad
1624 2572 1677 2611 eos
1687 2563 1784 2613 autem
1794 2557 1848 2612 seri·

1007 2643 1054 2716 psi
1066 2645 1217 2699 monachos
1228 2643 1439 2711 Adrumetinus,
1454 2643 1485 2698 in
1497 2659 1622 2714 quorum
1639 2646 1846 2702 monasteriola

1005 2732 1059 2786 hac
1080 2749 1111 2787 re
1126 2737 1251 2805 coeperat
1273 2749 1334 2788 essa
1356 2732 1512 2799 contentio,
1538 2731 1578 2787 ita
1592 2737 1625 2788 ut
1641 2750 1690 2789 ma
1711 2735 1846 2790 consulere

1007 2835 1106 2876 eorum
1129 2821 1218 2893 aliqui
1240 2828 1419 2893 cogerentur.
1445 2820 1495 2876 llic
1510 2820 1584 2877 liber
1604 2822 1646 2878 sic
1661 2822 1780 2896 incipit:
1792 2825 1847 2880 nv-

1004 2912 1067 2978 pter
1079 2924 1122 2964 eos
1135 2913 1184 2979 qui
1197 2911 1313 2966 bominis
1332 2910 1447 2966 liberum
1472 2910 1629 2966 arbitrium.

1312 3053 1424 3108 CAPUT
1443 3053 1544 3108 Lllllll.

1004 3175 1051 3230 Ad
1065 3190 1131 3246 prcus
1155 3191 1251 3246 supra,
1271 3175 1304 3231 de
1327 3176 1531 3247 Correptioueet
1555 3177 1667 3246 Gratia,
1685 3178 1757 3234 tiber
1776 3193 1842 3233 uara

1040 3318 1148 3372 Rursus
1162 3317 1198 3372 ad
1213 3317 1329 3373 eosdem
1341 3316 1439 3389 scripsi
1453 3317 1576 3372 alterum
1586 3317 1710 3388 librum,
1721 3337 1804 3393 quem
1813 3320 1841 3376 de

1004 3404 1225 3476 Correptioueet
1238 3407 1335 3462 Gratia
1343 3406 1511 3477 praenotavi,
1520 3422 1587 3461 cum
1601 3407 1677 3464 mibi
1687 3409 1839 3465 nuntiatum

1005 3496 1079 3548 esset
1088 3492 1190 3548 dixisse
1200 3493 1241 3548 ibi
1251 3495 1415 3565 quemdam,
1426 3493 1573 3550 nemiuem
1587 3497 1813 3568 corripiendum,
1824 3497 1842 3550 si
1885 3528 1887 3588 l

1005 3580 1211 3654 lleipraecepta
1229 3598 1288 3638 nou
1310 3583 1396 3652 tacit3
1411 3584 1461 3639 sed
1480 3599 1532 3656 pro
1547 3583 1607 3653 illo,
1625 3591 1659 3641 ut
1673 3585 1771 3655 iaciat,
1792 3591 1843 3641 tau·
1885 3608 1887 3621 2

1002 3671 1151 3726 tummodo
1165 3672 1320 3728 orandum.
1339 3672 1398 3728 llirl
1408 3673 1471 3729 iber
1480 3674 1519 3729 sic
1529 3673 1645 3745 incipit:
1667 3676 1841 3733 teauueaa
1884 3690 1887 3737 l

1003 3762 1110 3826 cestris,
1130 3761 1271 3816 Valentius
1284 3763 1374 3828 frater
1388 3762 1570 3820 dilectissime.

1039 3849 1103 3902 liesc
1115 3864 1203 3919 opera
1216 3848 1372 3921 nonaginta
1381 3850 1436 3905 tria
1449 3850 1572 3906 inlibris
1587 3852 1724 3910 ducentis
1742 3856 1839 3928 triginta

1002 3935 1114 3991 duobus
1129 3953 1174 3992 me
1196 3936 1316 3992 dictasse
1330 3938 1448 4009 recolui,
1473 3940 1588 4010 quando
1604 3941 1669 3997 haec
1696 3940 1836 4001 muscus.

1001 4031 1099 4080 utrum
1122 4025 1214 4081 adhuc
1228 4042 1318 4081 essem
1334 4027 1446 4100 aliquos
1459 4027 1618 4084 dictaturus
1643 4031 1793 4103 ignoraas;
1805 4033 1835 4083 at·

1001 4129 1056 4185 que
1071 4112 1161 4185 ipsam
1175 4130 1277 4169 eoram
1288 4116 1518 4172 retractationem
1531 4117 1655 4173 inlibris
1665 4120 1778 4177 duobus
1788 4117 1833 4174 edi·

1001 4201 1041 4270 di,
1051 4202 1218 4274 urgentibus
1228 4202 1373 4270 iratribus,
1382 4208 1538 4276 autequam
1555 4205 1696 4277 epistolas
1707 4224 1740 4264 ac
1749 4222 1832 4263 sorno

1000 4306 1051 4345 uas
1067 4291 1103 4346 ad
1116 4292 1267 4363 populum,
1278 4290 1351 4347 alios
1365 4291 1494 4357 dictatos,
1511 4292 1582 4349 alius
1600 4312 1619 4350 a
1632 4310 1679 4351 ma
1694 4296 1782 4352 dictos
1799 4309 1831 4349 rc·

999 4381 1120 4433 tractare
1135 4379 1282 4450 coepissern
1298 4381 1318 4434 ¹.

1032 4533 1040 4566 ⁸
1054 4535 1084 4583 lu
1095 4534 1229 4606 codicibus
1239 4535 1340 4598 aliquot
1348 4536 1490 4605 veteribus,
1501 4542 1637 4599 postremo
1647 4538 1831 4606 capituloascri·
1885 4536 1887 4540 ⁴

998 4601 1043 4660 pta
1050 4596 1107 4670 brec
1116 4611 1130 4645 a
1139 4611 1224 4660 prium
1232 4598 1465 4673 manureperimus
1474 4600 1562 4651 :libri
1570 4602 1621 4664 qai
1625 4609 1690 4677 post
1701 4602 1832 4677 emiolia
1885 4598 1887 4630 ²

997 4663 1831 4794 latitattttutatuttttttttlttttttaaut
1883 4770 1887 4789 ,

997 4783 1831 4855 datestimoniisScripturarum.ddl’rosparumutilitatiumdt
1883 4798 1887 4806 '

998 4845 1830 4908 ProedeatruatroneSaucturumlibriduo.AdQuodvultdeumdia·
1883 4860 1887 4893 1

996 4907 1830 4964 conum,dellaeresibuslibriduocentratlcstababitaeaarltr·

995 4970 1830 5041 siminoauanorumspiscopotqaoarcmataqaopraaauaaa

988 5032 1828 5102 serebautdtspututtooeejasproliraabsumptarest),libriduo.

995 5094 1235 5144 Contraluliauum
1248 5093 1417 5157 pelagianum
1425 5095 1486 5146 libri
1496 5110 1556 5146 aas:
1570 5098 1829 5162 reprimamur·-

994 5155 1150 5221 perseetam
1164 5156 1274 5228 reliquit
1284 5170 1290 5216 ;
1300 5160 1424 5207 octavam
1437 5163 1579 5209 euterusec
1588 5164 1686 5224 mapa.
1694 5163 1764 5214 saar
1773 5158 1828 5210 aaa

994 5221 1173 5283 tpslaallarett
1188 5218 1730 5284 tlabrtocto,qaibasresponditelusaertu
1782 5232 1827 5274 eru¹

993 5281 1441 5394 ffiffiingffgwffiffiiqfflssg?
1449 5283 1567 5393 {questo
1577 5283 1676 5349 legitur
1684 5286 1711 5335 iu
1722 5287 1736 5335 ll
1747 5300 1778 5336 ss.
1785 5283 1829 5333 Pm-

1168 5379 1175 5392 .
1417 5380 1438 5406 κ,
1480 5361 1503 5393 c.
