3884 6112
55 289 112 344 749
773 294 880 354 mauu
913 295 1091 356 OCTAVUS.
1762 312 1815 366 750

53 430 123 471 eam
131 415 161 471 in
173 415 315 486 asignato
329 418 358 470 et
366 413 447 487 quasi
459 431 511 488 per
519 414 803 488 speculumvideram
812 419 841 491 (l
848 421 908 477 Gor.
966 420 1017 476 Ubi
1033 425 1129 476 sutem
1151 422 1372 479 commemoravi
1396 425 1498 497 legisse
1512 442 1559 483 me
1574 428 1714 500 quosdam
1728 430 1815 488 libros

55 506 187 575 xut,12);
203 503 342 560 dubitatio
350 509 446 561 tamen
462 507 557 560 omnis
570 507 605 562 de
618 506 828 580 incorruptibili
843 510 910 564 sub·
966 509 1186 578 Platonicorum,
1203 527 1274 582 quos
1288 513 1448 570 Victorinus
1463 517 1610 586 quondam
1624 515 1720 574 tbetor
1735 521 1813 576 urbis

58 594 304 665 stantia,quodab
315 595 362 648 illa
373 595 549 650 cssatomnis
560 597 728 664 substantia,
739 597 910 653 ablatumibi
966 596 1076 667 Roma,
1091 615 1175 670 quem
1193 600 1379 657 christianum
1394 603 1561 659 defunctum
1575 622 1636 662 esse
1656 607 1816 678 audieram,

58 688 124 739 erat
138 703 145 738 :
161 699 213 737 uec
227 684 330 738 certior
344 684 379 738 do
395 688 433 751 te,
449 685 496 738 sed
511 685 639 740 stabilior
652 686 683 740 iu
697 691 724 741 te
744 702 804 741 esse
816 686 912 757 cupie—
966 683 996 738 iu
1010 685 1128 742 latinam
1142 687 1272 759 linguam
1287 690 1490 759 transtulisset3
1507 694 1666 764 gratulatus
1684 700 1726 751 est
1740 697 1813 752 mihi

56 770 137 827 bam.
153 774 192 827 De
208 789 272 827 mea
285 789 351 828 vero
366 773 518 844 temporati
532 774 588 829 vitu
607 775 748 831 nutabunt
761 776 868 842 omniu,
883 780 911 831 et
966 775 1107 844 quodnon
1117 775 1519 851 inaliorumpbilosopborum
1532 783 1815 853 scriptaineidissem,

60 862 263 918 mundandum
279 865 341 917 erat
354 878 404 918 cor
426 863 596 920 alermcnto
616 865 719 933 veteri;
739 868 768 920 et
781 865 912 937 placebat
966 863 1050 933 plena
1064 864 1241 921 fallaciarum
1256 871 1283 923 et
1294 867 1494 938 deceptionum
1503 870 1660 926 secundum
1675 872 1817 929 elementa

54 951 106 1006 via
120 950 181 1023 ipse
195 951 330 1014 Salvator,
347 956 375 1006 et
395 950 437 1006 ire
448 968 502 1024 per
515 952 577 1023 ejus
596 953 742 1025 angustias
756 953 850 1009 adbuc
864 953 910 1026 pi·
965 950 1050 1022 hujus
1060 954 1262 1026 muudildatas.
1275 972 1305 1023 11,
1314 955 1340 1027 8)
1353 973 1360 1012 ε
1372 956 1403 1011 iu
1416 956 1477 1012 istis
1488 962 1595 1029 autem,
1609 960 1742 1016 omnibus
1752 978 1814 1017 mo-

58 1040 156 1111 gebat.
174 1042 206 1096 Et
221 1039 368 1095 immisisti
381 1039 411 1095 in
434 1045 561 1097 mentem
578 1058 684 1113 meam,
704 1042 854 1116 visumque
868 1046 912 1098 est
966 1038 1009 1094 dis
1019 1040 1159 1097 insinuari
1173 1044 1263 1098 Deum
1276 1044 1372 1115 atejus
1386 1046 1521 1105 Verbum.
1535 1048 1652 1119 Deinde,
1669 1054 1700 1105 ut
1714 1066 1816 1107 mcex·

57 1129 170 1185 bonum
181 1129 211 1184 in
221 1133 374 1200 conspectu
384 1145 448 1186 mco
458 1147 577 1203 pergere
588 1131 622 1186 ad
634 1131 851 1203 simplicianum
861 1131 911 1204 qui
965 1126 1128 1186 hortaretur
1140 1130 1176 1185 ad
1186 1130 1377 1187 bumilitatem
1391 1133 1505 1199 Christi,
1516 1136 1693 1207 sapientibus
1702 1137 1817 1196 abscon·

58 1217 134 1273 mibi
149 1218 241 1274 bonus
264 1219 420 1291 apparebat
439 1234 537 1275 servus
557 1224 634 1288 tuas,
651 1225 679 1277 et
692 1220 804 1277 lucebat
822 1220 853 1276 in
877 1237 911 1277 eo

58 1307 156 1379 gralia
167 1311 227 1363 tua.
243 1308 398 1364 Audieram
412 1308 500 1364 etiam
510 1309 589 1381 quod
605 1310 781 1382 ejurentute
796 1326 848 1366 sus
861 1308 910 1365 de·

58 1397 208 1452 votissima
219 1395 272 1451 tibi
281 1397 389 1453 viveret
400 1414 406 1453 :
417 1398 478 1470 jam
492 1415 559 1455 vero
569 1403 638 1454 tuuc
652 1403 795 1468 senuerat,
811 1398 911 1455 etlou-

58 1501 97 1558 gu
111 1490 196 1541 atate
210 1485 241 1540 in
251 1490 311 1541 tam
321 1486 398 1542 bono
413 1487 508 1543 studio
521 1488 661 1543 sectandae
670 1486 723 1544 viae
738 1493 806 1558 ture,
821 1489 912 1544 multa

59 1580 207 1647 expertus,
231 1575 322 1631 multa
337 1577 452 1632 edoctus
471 1576 542 1631 mibi
564 1576 728 1645 videbatur;
745 1581 774 1633 et
791 1593 856 1632 vere
871 1577 912 1633 sie

59 1668 132 1721 erat.
148 1664 229 1720 Unde
243 1664 316 1720 milri
330 1669 363 1720 ut
375 1664 517 1737 proterret
536 1665 678 1734 volebam,
693 1666 854 1722 conterenti
865 1683 911 1722 se-

58 1768 127 1809 cum
142 1758 228 1808 restas
241 1769 331 1821 meos,
351 1753 415 1826 quis
433 1758 505 1809 esset
519 1758 603 1825 aptus
617 1755 719 1811 modus
738 1754 778 1811 sic
798 1755 910 1825 affecto,

57 1847 92 1899 ut
105 1858 160 1914 ego
174 1857 264 1909 eram,
281 1841 317 1897 ad
331 1843 537 1898 ambulandum
548 1843 578 1897 in
590 1843 635 1898 via
649 1847 709 1900 tua.

95 1933 123 1986 2.
144 1929 277 1986 Videbam
302 1930 378 1986 enim
392 1933 507 2004 plenam
537 1933 708 2002 Ecclesiam3
734 1932 849 1989 elalius
872 1932 912 1989 sic

58 2019 132 2086 ibat,
145 2019 217 2075 alius
225 2024 323 2075 autem
333 2019 381 2075 sic.
392 2020 460 2076 uiui
468 2026 564 2077 autem
576 2022 743 2094 displicebat
755 2022 832 2096 qued
844 2038 912 2094 age-

57 2110 128 2166 bam
142 2109 173 2164 in
185 2109 298 2178 seacula,
314 2112 343 2163 et
356 2108 437 2164 oneri
451 2109 523 2165 mihi
543 2115 604 2166 erat
615 2112 707 2178 valde,
722 2128 781 2167 non
792 2111 853 2184 jam
866 2112 912 2167 in-

58 2197 506 2270 flammantibuscupiditatibus,
522 2205 554 2256 ut
571 2201 711 2271 solebant,
726 2218 776 2273 spe
795 2201 911 2257 honoris
928 2207 934 2222 ’

58 2291 89 2343 et
103 2286 234 2360 pecuniae
248 2287 285 2343 ad
302 2288 479 2343 tolerandam
493 2288 571 2344 illam
587 2290 753 2345 servitutem
772 2295 830 2346 tam
845 2305 911 2361 gra·

57 2392 136 2433 vom.
151 2377 214 2432 tum
228 2375 306 2432 euim
319 2393 365 2433 me
375 2377 425 2432 illa
434 2377 680 2434 naudelectubant
690 2394 752 2451 prae
761 2379 912 2435 dulcedine

57 2469 111 2522 tua
126 2469 154 2521 st
167 2466 270 2521 decore
284 2465 388 2522 domus
402 2471 458 2522 luae
478 2483 566 2539 quam
585 2467 671 2523 dilexi
687 2469 769 2539 (Paul.
783 2484 849 2538 xxv,
868 2467 910 2540 8);

57 2554 110 2610 sed
119 2555 214 2610 adhue
229 2555 368 2611 tenaciter
379 2555 535 2627 colligabar
547 2571 581 2610 ex
594 2556 702 2612 lemine
715 2573 722 2612 :
734 2572 912 2629 uecmepro·

56 2643 179 2699 bibebat
191 2644 342 2715 Apostolus
356 2643 515 2716 conjugari,
528 2645 657 2717 quamvis
665 2645 863 2701 exhortaretur
876 2645 912 2701 ad

55 2732 174 2800 melius,
185 2732 415 2789 maximevolens
429 2749 529 2789 omnes
538 2733 669 2789 homiues
683 2733 724 2790 sie
738 2739 839 2791 esseut
851 2733 913 2806 ipse

56 2827 123 2879 erat
142 2823 163 2892 (l
186 2823 246 2884 Cor.
267 2831 323 2885 vu).
338 2822 393 2878 Sed
409 2836 462 2894 ego
481 2821 624 2878 infirmior
637 2822 779 2895 eligebam
799 2825 912 2879 mollio-

57 2925 125 2967 rem
140 2909 236 2967 locum
247 2927 254 2967 :
267 2915 296 2966 et
307 2914 426 2983 propter
440 2912 495 2967 hoe
506 2927 598 2968 unum
612 2911 745 2969 volvebar
758 2911 790 2968 iu
803 2911 913 2968 caeteris

55 3000 225 3072 languidus,
240 3004 269 3057 et
289 3000 437 3057 tabescens
459 3000 536 3058 curis
555 3000 699 3072 marcidis,
715 3001 792 3074 quod
807 3003 817 3040 ¹
842 3005 870 3057 et
884 3001 913 3056 in

57 3090 125 3148 aliis
139 3089 224 3147 rebus
234 3107 306 3162 quas
315 3090 449 3145 nolebam
459 3090 528 3163 pati,
544 3105 701 3162 congruere
715 3089 838 3162 cogebar
848 3089 913 3145 vitae

57 3179 218 3252 eonjugali,
233 3179 279 3234 etri
294 3179 408 3235 deditus
423 3178 633 3251 obstringebar.
651 3178 804 3235 Audieram
815 3195 850 3234 ex
863 3194 913 3234 ore

48 3267 205 3335 ,Veritatis
222 3284 284 3324 esse
299 3267 441 3341 spadones
454 3267 505 3340 qui
529 3267 637 3340 seipsos
652 3266 835 3324 absciderunt
848 3283 914 3341 pro-

57 3362 257 3433 plerregnum
270 3356 426 3425 coelorum
442 3357 502 3426 sed,
513 3356 671 3427 Qutpotest,
687 3353 793 3428 inquit,
807 3370 911 3425 capae,

58 3448 157 3519 captat
168 3445 276 3517 (natta.
291 3463 349 3513 xix,
375 3448 426 3515 ta).
442 3445 513 3501 Vani
534 3448 601 3501 sunt
613 3448 688 3501 certe
703 3460 804 3500 omnes
817 3443 913 3499 homi·

56 3553 112 3594 nes
122 3537 227 3610 quibus
236 3552 296 3592 non
305 3536 380 3591 inest
389 3534 439 3590 Dei
448 3533 682 3601 scientia;necde
697 3533 804 3606 iisquae
816 3531 913 3588 videu-

58 3627 205 3695 turbous,
215 3631 373 3699 potnerunt
384 3624 513 3681 invenire
527 3639 593 3680 eum
603 3623 655 3696 qui
664 3624 789 3694 estlsap.
801 3637 863 3691 xttt,
877 3624 912 3694 l.)

58 3716 101 3772 At
113 3731 169 3788 ego
180 3715 240 3786 jem
254 3731 313 3771 non
323 3730 402 3770 eram
417 3714 447 3769 in
461 3713 510 3769 illa
521 3711 645 3769 vanitate
661 3728 668 3768 :
685 3710 913 3767 transcenderam

58 3818 144 3871 eam3
170 3807 197 3859 st
221 3806 396 3858 contestante
410 3802 544 3857 universa
565 3805 695 3856 creatura
714 3805 774 3865 tua,
792 3799 912 3855 iuvene-

57 3908 126 3949 ram
143 3895 172 3947 te
186 3896 344 3947 creatorem
355 3893 540 3957 nostramet
558 3890 682 3946 Verbum
695 3891 779 3944 tuum
793 3888 870 3960 apud
885 3892 913 3943 to

59 3982 166 4049 Deunu
173 3983 324 4051 tecumque
334 3996 398 4034 cum
405 3978 511 4049 Spiritu
520 3982 618 4033 sancto
628 3976 639 4013 ¹
649 3993 739 4033 unum
750 3979 851 4048 Deum,
861 3993 913 4049 per

62 4068 144 4142 quod
158 4068 260 4124 creasti
267 4067 375 4124 omnia.
392 4069 477 4123 Estet
492 4065 569 4122 aliud
584 4082 675 4138 genus
686 4065 913 4138 impiorum,qui

59 4162 264 4231 cognoscentes
283 4158 374 4213 Deum
393 4173 451 4212 nou
474 4155 547 4211 sieut
568 4157 658 4210 Deum
672 4154 935 4229 glorificaverunt„

59 4247 227 4320 sutgratias
239 4250 369 4318 egerunt.
385 4247 417 4302 lu
427 4246 481 4301 boc
496 4260 611 4318 quoque
621 4242 793 4311 incideram
809 4242 912 4298 etdes·

59 4342 124 4394 tcrs
136 4341 188 4392 tua
211 4334 334 4406 suscepit
349 4350 396 4390 me
411 4334 493 4407 (Psat.
509 4350 577 4401 xvn,
593 4335 647 4401 36),
662 4337 691 4387 et
704 4330 771 4387 inde
786 4330 913 4386 ablatum

59 4424 185 4500 posuisti
199 4424 249 4479 ubl
264 4424 501 4493 convalescerem,
515 4421 583 4493 quia
596 4419 692 4476 dixisti
705 4416 818 4476 homini
830 4435 837 4474 t
847 4423 913 4476 Ecce

56 4517 149 4586 pietus
156 4518 198 4569 est
209 4515 346 4583 sapientia
357 4512 424 4584 (tob.
438 4528 533 4580 xxvvu,
548 4510 592 4582 28)
603 4528 612 4576 ς
624 4517 662 4577 et,
674 4510 737 4567 uota·
745 4510 811 4564 oette
824 4509 914 4564 vidui

58 4606 172 4675 rapiare
187 4602 277 4674 (Prae.
294 4619 334 4669 nr,
349 4600 390 4674 7),
405 4600 541 4673 quoniam
555 4598 672 4655 diceutes
687 4613 716 4654 se
728 4613 784 4654 esse
800 4599 914 4670 sapien-

59 4698 99 4748 tes
117 4693 198 4749 uuttt'
207 4692 278 4760 {aeti
291 4695 354 4747 saut
366 4692 452 4760 (Rem.
466 4706 486 4758 t,
501 4691 547 4756 sl,
562 4688 616 4746 ast.
633 4689 666 4744 ut
679 4687 844 4743 inveneram
852 4688 913 4758 jam

59 4780 167 4837 bonam
178 4779 378 4852 margaritam
389 4776 683 4834 etvenditlsomuibus
692 4793 758 4850 quae
766 4776 912 4846 haberem,

61 4870 185 4926 emenda
199 4874 271 4941 erat,
287 4872 317 4924 et
335 4867 502 4924 dubitabam
519 4867 633 4938 (uatta.
652 4865 779 4938 anais).

352 5000 355 5004 ’
402 4975 515 5031 CAPUT
534 4975 571 5031 ll.

184 5077 223 5133 lte
239 5073 380 5134 Victorino
394 5075 499 5131 rhetore
511 5073 549 5130 ad
560 5072 788 5144 adunaremus.

95 5185 123 5243 3.
136 5182 255 5240 Perrexi
271 5199 340 5256 ergo
363 5182 399 5239 ad
421 5181 649 5255 simplicianum,
664 5184 776 5254 patrem
791 5178 823 5235 iu
842 5178 914 5235 acci·

59 5272 168 5346 pieuda
175 5271 323 5346 gratiatua
333 5276 401 5328 tunc
415 5269 543 5343 episcopi
551 5268 705 5337 Ambrosii,
717 5272 745 5325 et
755 5285 840 5342 quem
849 5284 916 5325 vere

61 5368 94 5421 ut
105 5367 224 5437 putrem
238 5360 385 5435 diligebat.
406 5358 524 5418 Narravi
537 5358 564 5415 ei
580 5359 713 5415 circmtus
728 5357 833 5415 erroris
845 5356 915 5415 mel.

90 5511 100 5546 ¹
116 5504 267 5570 ouo,1'u1ts
279 5504 355 5555 biart.
368 5516 429 5554 cunr
442 5502 526 5555 tribas
537 5501 600 5552 llss.
632 5500 667 5551 ll.

90 5572 103 5608 ¹
115 5567 211 5620 omitti
258 5571 345 5618 terunt
353 5567 445 5618 istbse
454 5566 544 5622 verbs,
556 5577 616 5615 ram
628 5564 731 5628 spirtttt
741 5563 843 5625 taneto,
855 5572 915 5628 qua

56 5631 189 5688 obsunts
202 5644 220 5695 p
232 5628 324 5681 urtbus
340 5632 368 5680 et
380 5624 529 5695 potioribus
540 5624 734 5692 manuscriptis.

965 1215 1055 1272 ditam
1067 1222 1095 1273 et
1105 1220 1258 1275 revelatam
1267 1221 1393 1293 parvulis
1405 1224 1512 1291 (Marta.
1523 1240 1561 1294 ru,
1571 1228 1626 1295 23),
1638 1226 1816 1285 Victorinum

966 1304 1062 1375 ipsum
1076 1307 1241 1362 recordatus
1255 1319 1306 1374 est,
1330 1325 1427 1381 quem,
1443 1311 1542 1367 Romae
1553 1327 1620 1368 cum
1632 1319 1715 1382 esset,
1728 1316 1815 1371 lami·

966 1394 1119 1451 liarissime
1133 1401 1253 1452 noverat
1264 1414 1270 1452 :
1280 1397 1373 1470 deque
1387 1398 1437 1453 illo
1449 1399 1521 1454 mihi
1530 1401 1657 1457 narravit
1668 1403 1747 1474 quod
1756 1420 1816 1460 non

966 1482 1064 1540 silebd.
1083 1483 1173 1540 Habet
1183 1484 1260 1540 euim
1275 1502 1411 1557 magnam
1423 1487 1537 1543 laudem
1550 1489 1650 1559 gratim
1666 1494 1723 1546 tute
1746 1507 1815 1549 con·

965 1572 1101 1629 litandum
1111 1573 1174 1644 tibi,
1183 1574 1480 1647 quemadmodumille
1490 1576 1669 1634 doctissimus
1682 1595 1779 1643 senex,
1787 1585 1817 1637 et

967 1661 1097 1717 omnium
1112 1662 1274 1718 liberalium
1288 1663 1485 1720 doctrinarum
1498 1665 1697 1738 peritissimus,
1708 1669 1816 1742 quippe

965 1750 1204 1823 philosophorum
1214 1756 1273 1807 tant
1284 1754 1374 1808 multa
1384 1754 1503 1825 legerat,
1519 1759 1547 1810 et
1558 1755 1772 1827 dijudicaverat,
1789 1762 1818 1813 et

966 1840 1170 1897 diltteidaverat
1188 1842 1213 1910 1;
1231 1842 1330 1897 docter
1352 1845 1394 1898 tot
1412 1842 1553 1900 nobilium
1575 1850 1750 1914 senatorum,
1766 1846 1817 1918 qui

966 1929 1054 1984 etiam
1064 1930 1099 1985 ob
1111 1929 1222 2001 insigne
1231 1930 1363 2003 praeclari
1372 1930 1540 2003 magisterii,
1552 1933 1628 2005 quod
1642 1934 1716 1991 cives
1730 1935 1816 2006 hujus

966 2018 1069 2073 mundi
1083 2018 1219 2074 eximium
1234 2022 1346 2092 putant,
1362 2024 1486 2076 statuam
1497 2021 1528 2075 in
1541 2023 1670 2079 Romano
1685 2023 1748 2079 loro
1761 2039 1817 2079 me

967 2111 1064 2162 ruerat
1077 2112 1106 2163 et
1119 2111 1282 2181 acceperat;
1293 2124 1384 2182 usque
1399 2109 1435 2164 ad
1446 2110 1526 2165 illam
1540 2114 1653 2167 atatem
1665 2117 1817 2169 venerator

966 2190 1334 2270 idolorum,sucrorumque
1343 2197 1546 2271 sacrilegorum
1553 2200 1703 2272 particeps,
1712 2201 1817 2274 quibus

965 2290 1110 2343 tenetote
1123 2287 1182 2342 lere
1198 2288 1327 2343 Romana
1341 2288 1476 2344 nobilitas
1490 2288 1589 2345 iullata
1598 2290 1756 2363 inspirabat
1765 2308 1817 2364 po·

966 2376 1035 2447 pulo
1047 2375 1108 2445 jam
1123 2379 1152 2430 et
1165 2375 1354 2447 omnigenum
1368 2375 1455 2454 deum
1468 2381 1596 2433 monstra
1610 2382 1632 2446 ²,
1648 2382 1676 2434 et
1686 2379 1818 2435 Anubem

966 2464 1145 2534 latratorem,
1156 2480 1221 2536 qum
1236 2464 1390 2537 aliquando
1401 2469 1501 2522 contra
1511 2467 1678 2539 Neptunum
1693 2474 1721 2524 et
1729 2469 1819 2524 Vene-

967 2569 1039 2621 rem,
1055 2557 1212 2626 contraque
1226 2553 1379 2609 blinervam
1393 2554 1451 2610 tela
1462 2559 1616 2611 tenuerant
1630 2556 1757 2629 (Euris,
1768 2556 1818 2613 lib.

967 2645 994 2710 8,
1016 2643 1161 2711 trevae),
1184 2644 1213 2697 et
1232 2657 1250 2696 a
1273 2658 1303 2697 ss
1326 2641 1406 2698 victis
1424 2643 1485 2715 jam
1510 2645 1602 2699 Roma
1616 2645 1817 2717 supplicabat:

967 2747 1032 2803 qum
1044 2729 1097 2786 iste
1109 2746 1195 2786 senex
1206 2729 1366 2786 Victorinus
1374 2734 1417 2787 tot
1431 2748 1520 2787 annos
1534 2749 1584 2788 ore
1600 2732 1756 2805 terricrepo
1766 2732 1817 2788 de·

966 2818 1166 2874 tensitavorat:
1180 2834 1237 2874 nou
1247 2819 1396 2875 erubuerit
1405 2836 1466 2875 esse
1478 2837 1549 2892 puer
1562 2820 1665 2877 Christi
1676 2821 1728 2890 tui,
1737 2827 1767 2879 et
1776 2825 1819 2883 iu-

967 2906 1030 2962 lans
1042 2906 1130 2963 lentis
1143 2906 1197 2974 tui,
1208 2906 1334 2978 subjecto
1345 2908 1417 2964 collo
1433 2907 1469 2964 ad
1479 2908 1648 2966 humilitatis
1661 2911 1773 2985 jugum,
1788 2920 1817 2973 et

967 2995 1095 3052 edomita
1106 2994 1200 3050 lronte
1212 2994 1248 3050 ad
1262 2994 1353 3050 erucis
1366 2995 1564 3067 opprobrium.

1002 3085 1029 3139 t.
1044 3082 1207 3150 Ollomiue,
1216 3083 1689 3157 Domine,quiincliuastieoelos,et
1699 3090 1819 3149 deseen-

967 3171 1043 3241 disti;
1052 3171 1817 3255 tetigistimontes,etlunrigaveruntll’satm.exaru,tt):

967 3260 1073 3334 quibus
1088 3261 1182 3317 modis
1196 3265 1224 3316 te
1239 3260 1392 3317 insinuasti
1406 3262 1448 3317 illi
1461 3263 1589 3335 pectori?
1600 3266 1734 3338 Legebat,
1745 3268 1818 3327 sicut

967 3350 1009 3407 sit
1019 3349 1230 3423 simplicianus,
1242 3353 1370 3407 sanctam
1380 3350 1564 3435 Scripturam,
1576 3370 1732 3428 omnesque
1742 3357 1818 3415 chri·

968 3439 1075 3496 stiauas
1089 3441 1199 3496 litteras
1217 3439 1408 3512 investigabat
1422 3440 1627 3498 studiosissime
1641 3448 1670 3499 et
1684 3461 1817 3517 perscru-

966 3528 1099 3597 tabatur;
1116 3535 1145 3584 et
1159 3528 1272 3586 dicebat
1284 3529 1469 3601 simpliciano
1480 3546 1537 3586 uon
1546 3532 1653 3602 palam,
1668 3533 1718 3588 sed
1728 3550 1819 3592 secre-

966 3617 1024 3673 tius
1036 3621 1065 3673 et
1074 3616 1244 3672 familiarius
1257 3619 1390 3676 :Nouate
1402 3618 1572 3687 mejamesse
1583 3620 1772 3679 cunstiauum.
1784 3624 1819 3680 ut

967 3706 1159 3778 respondebat
1172 3706 1220 3761 illo
1237 3722 1244 3761 ε
1266 3708 1326 3764 Nea
1345 3707 1463 3772 credam,
1480 3723 1528 3762 aee
1541 3708 1677 3778 deputabo
1702 3715 1728 3766 te
1744 3713 1818 3768 inter

968 3796 1147 3862 Christianos,
1162 3797 1256 3851 aistiu
1270 3795 1492 3852 ecetesiaCtrt’stt
1507 3796 1647 3854 tesidere.
1663 3798 1819 3857 llleuutem

966 3883 1106 3941 irridebat
1119 3882 1215 3939 dicens
1231 3887 1322 3952 :aree
1330 3885 1448 3954 parietes
1462 3886 1571 3953 saciant
1581 3886 1771 3945 Christianos?
1786 3890 1820 3947 ut

966 3972 1021 4029 hoe
1036 3989 1111 4044 sape
1127 3971 1248 4043 dicebat,
1272 3973 1334 4044 jam
1348 3990 1377 4028 se
1401 3988 1461 4028 csso
1475 3974 1677 4046 christianum;
1703 3981 1731 4034 et
1744 3978 1817 4034 sim·

967 4064 1108 4136 plicianus
1120 4061 1191 4119 illud
1202 4079 1278 4135 saepe
1288 4064 1489 4136 respondebat,
1502 4070 1608 4140 etsuepe
1619 4067 1713 4123 abillo
1722 4068 1818 4140 parie·
1859 4112 1865 4121 .

966 4157 1029 4209 tum
1038 4150 1131 4207 irrisio
1141 4153 1332 4223 repetebatur.
1348 4151 1461 4207 Amicos
1471 4153 1550 4208 enim
1560 4169 1626 4209 suos
1636 4155 1819 4212 reverebatur

967 4240 1113 4296 oliendere
1128 4239 1266 4311 superbos
1280 4238 1492 4308 daemonicolas,
1506 4256 1629 4313 querum
1644 4258 1678 4296 ex
1692 4242 1817 4300 culmine

968 4327 1146 4401 Babylonica
1155 4325 1312 4399 diguitatis,
1323 4326 1406 4400 quasi
1415 4344 1450 4384 ex
1455 4327 1547 4384 cedris
1558 4328 1656 4384 Libani
1665 4345 1736 4401 quse
1745 4347 1820 4388 nou·

967 4421 1037 4473 dum
1057 4413 1231 4472 contriverat
1252 4414 1393 4471 Dominus
1413 4416 1497 4488 (Prot.
1517 4432 1614 4484 xxvtu,
1630 4416 1673 4488 5);
1693 4418 1819 4490 graviter

967 4505 1093 4561 ruituras
1102 4503 1170 4559 inse
1179 4503 1345 4561 inimicitias
1352 4504 1555 4561 arbitrabatur.
1568 4504 1622 4560 Sed
1629 4509 1817 4580 posteaquam

967 4592 1371 4666 legendoetinhisndohsusit
1378 4592 1711 4668 firmitatem,timuitque
1718 4598 1819 4670 negari

968 4681 1108 4741 aChristo
1119 4697 1217 4738 coram
1225 4681 1341 4754 Angelis
1353 4679 1468 4748 sanctis,
1482 4679 1506 4736 si
1516 4696 1583 4737 sum
1593 4681 1708 4741 timeret
1721 4701 1817 4744 coram

1000 4817 1009 4851 ¹
1025 4814 1088 4864 bles.
1103 4826 1159 4863 non
1175 4813 1278 4863 addunt
1291 4813 1319 4865 ct
1331 4810 1533 4864 dilucidaverat.
1630 4816 1637 4828 ·

1001 4878 1012 4913 ²
1022 4876 1118 4927 blirum
1128 4880 1258 4939 quautam
1264 4874 1415 4925 hievsrieut
1424 4873 1540 4925 Codices.
1548 4875 1587 4927 Ex
1596 4877 1785 4932 vetustioribus
1791 4885 1821 4933 st

968 4937 1179 5002 castigatioribus
1192 4938 1291 4987 Fossat.
1306 4936 1415 5000 Benign.
1427 4935 1503 4987 Cerb.
1518 4941 1569 4990 etc.
1584 4953 1632 5003 pro
1641 4941 1817 5052 populatam,

968 4996 1446 5063 bobentsptrabataopttlasjomAIii
1470 4998 1636 5063 uinquecum
1663 5004 1818 5055 sd.Am.sr.

969 5060 1458 5127 aemulas,sptratatpoputtastam.
1484 5061 1818 5126 ictorinus,Germsnensit,

969 5124 1146 5188 assumant
1152 5123 1239 5186 popul
1245 5123 1250 5133 '
1268 5122 1524 5194 urjomltounullis
1543 5125 1819 5200 aabmpopattettoat.

969 5185 1244 5259 Lov.,sptfabatpopa
1257 5184 1520 5249 assuescentem
1535 5190 1817 5300 actionemsepuimur,

970 5248 1701 5301 lieetmrormeuobtseonstetGermsnamesse.Porrosd
1720 5251 1819 5304 ldimus

970 5310 1185 5375 conjunctionem
1201 5312 1227 5359 et
1239 5312 1299 5359 aute
1310 5311 1494 5373 amtttaettam,
1509 5311 1571 5374 quis
1582 5311 1609 5361 in
1622 5312 1744 5362 omuibus
1755 5314 1820 5366 tiss.

969 5371 1107 5438 reperitur.
1119 5396 1150 5409 -
1160 5370 1269 5421 Addunt
1281 5371 1329 5421 ΡΡ.
1346 5372 1509 5422 benedictini
1523 5372 1551 5421 in
1560 5372 1744 5424 retractatione
1757 5389 1821 5440 sup·

970 5434 1100 5501 pletoria:
1116 5434 1205 5484 alles.
1216 5433 1292 5498 Angl.
1308 5440 1369 5507 tres.
1381 5432 1481 5508 t'aflata
1495 5433 1641 5497 tusptrabat
1674 5496 1681 5508 ἱ
1704 5435 1747 5510 ute
1758 5437 1822 5502 jam

970 5494 1822 5633 ltslsll'tsitslsillilsss'tlslists,inistis

971 5625 1077 5675 textum
1092 5620 1241 5683 retulimus,
1254 5620 1411 5674 sxltenedrc
1451 5616 1661 5673 orumeousilts.
1693 5622 1730 5675 tt.
