3884 6112
104 263 172 320 roas
740 257 787 310 DE
806 253 948 320 musmo,
968 251 997 310 S.
1017 249 1211 309 AUGUSTlNl
1792 251 1861 303 lltlb

102 380 235 436 eumdem
250 393 353 434 sonum
365 377 458 443 saltet,
474 375 631 430 secundum
647 389 680 428 ea
698 372 805 426 scilicet
817 375 949 442 tempora
1003 368 1082 435 fiant,
1100 369 1188 439 inque
1210 367 1273 438 ipsa
1287 366 1468 422 dimensione
1484 381 1552 438 quae
1566 366 1673 421 decora
1687 371 1741 432 est,
1759 367 1864 422 boram

102 484 219 524 movens
243 465 394 521 membra?
419 465 538 519 noune¹
567 465 616 516 aut
643 461 728 514 elium
755 460 833 515 dicas
854 460 948 530 ipsum
1002 458 1145 512 ueletiam
1161 457 1255 526 majus
1270 460 1383 526 tempus
1399 455 1562 521 obtineant,
1578 470 1641 509 non
1655 460 1782 525 possunt
1795 471 1863 509 con·

102 555 251 611 modulum
261 560 434 626 temporum,
445 552 475 606 id
488 555 530 606 est
542 550 618 621 quod
633 549 768 618 simplum
783 547 818 602 ad
827 547 947 617 duplum
1002 561 1105 617 gruere
1119 545 1224 599 nostris
1236 544 1366 599 sensibus
1377 542 1397 599 ι.
1413 544 1608 609 Quamobrem
1623 559 1691 597 cum
1700 544 1864 615 procedens

102 643 193 714 spatia
207 643 237 696 iu
252 643 379 696 motibus
394 638 615 706 alternent,sive
628 637 658 690 iu
668 637 715 691 illo
725 637 826 707 plausu
838 634 888 706 qui
897 650 947 687 au·
1002 633 1216 704 quodammodo
1227 632 1261 687 de
1274 631 1472 687 secretissimis
1483 630 1686 702 penetralibus
1697 630 1825 699 musica,
1836 632 1866 685 in

102 731 190 799 ditur,
206 729 263 783 sive
278 729 308 782 in
323 729 372 782 illa
384 726 533 781 saltatione
549 741 613 796 quae
623 725 769 790 cernitur3
787 727 836 777 aut
847 723 948 776 saltem
1001 722 1107 776 nostris
1128 722 1214 776 eliam
1239 720 1379 787 sensibus,
1403 720 1449 774 ιιι
1468 721 1513 775 ιιι
1536 720 1625 775 rebus
1649 736 1718 791 quae
1743 736 1761 773 a
1783 720 1867 774 nobis

101 817 248 872 delecteris
274 814 479 869 numerositate
506 830 593 885 quam
619 813 734 880 sentias,
758 810 871 865 tametsi
890 825 948 864 non
1001 809 1174 874 sentiuntur,
1185 809 1305 878 vestigia
1319 809 1451 879 quaedam
1466 807 1617 879 posuerit;
1634 823 1735 862 nonne
1751 811 1866 879 oportet

99 904 191 976 possis
204 918 338 958 numeros
349 904 410 973 ejus
425 900 612 956 dimensionis
627 900 762 954 edicere?
776 902 809 954 D.
825 900 870 952 Ita
881 913 948 951 vero
1002 896 1100 951 eadem
1115 896 1234 967 vestigia
1245 897 1325 967 prius
1340 896 1484 968 persequi,
1501 900 1534 950 ut
1547 895 1736 951 commodius
1751 895 1790 950 ad
1804 896 1865 966 ipsa

100 998 153 1060 est,
176 995 210 1046 ut
229 991 318 1046 dicis:
335 1005 402 1044 nam
417 995 445 1044 ιι
459 989 501 1044 illi
516 989 566 1060 qui
580 989 632 1042 hos
647 1003 781 1043 numeros
796 989 946 1051 noverunt,
1002 985 1025 1038 si
1040 984 1229 1055 potuerimus,
1252 1001 1318 1055 quas
1341 984 1398 1038 dixi
1413 985 1581 1055 penetralia,
1606 984 1670 1038 sine
1685 984 1753 1039 ullo
1768 1000 1863 1040 errore

99 1079 226 1135 sentiunt
244 1095 294 1135 eos
314 1079 345 1133 in
368 1079 473 1150 plausu
487 1081 574 1148 atque
589 1076 753 1146 saltatione,
768 1075 876 1147 quique
891 1073 949 1128 siut
1002 1072 1164 1127 ducamur?
1181 1076 1215 1128 D.
1232 1072 1352 1143 Oportet
1365 1088 1443 1138 vero,
1459 1076 1488 1127 et
1501 1073 1557 1126 boc
1568 1072 1760 1144 jamjamque
1775 1076 1809 1127 ut
1824 1072 1863 1127 ia·

98 1167 181 1222 facile
199 1166 316 1235 dieunt3
338 1172 366 1221 et
387 1167 437 1238 qui
460 1182 508 1221 eos
531 1181 588 1220 uon
603 1169 744 1219 noverunt
763 1180 814 1218 nec
828 1167 949 1234 possunt
1001 1160 1119 1225 ciamus,
1135 1160 1271 1230 efflagito.
1288 1163 1327 1216 Μ.
1342 1161 1513 1216 Omittamus
1529 1177 1599 1231 ergo
1613 1161 1681 1215 illas
1698 1161 1781 1215 ultre
1794 1165 1806 1197 ¹
1819 1178 1863 1216 ca·

98 1254 202 1322 dicere,
224 1271 284 1310 nou
298 1259 405 1325 negant
419 1260 515 1309 tumen
531 1269 565 1308 ex
579 1253 623 1308 bis
644 1270 673 1307 se
694 1253 838 1323 voluptate
853 1251 948 1322 aliqua
1000 1248 1153 1318 pacitatem
1173 1263 1271 1302 sensus
1295 1247 1384 1302 nostri
1403 1253 1548 1317 porrectas
1565 1251 1742 1318 temporum
1754 1246 1861 1319 imatus,

98 1343 218 1414 pertrui.
1002 1340 1030 1390 et
1044 1336 1079 1390 de
1090 1335 1135 1389 his
1150 1335 1282 1390 brevibus
1295 1334 1512 1390 intervallorum
1526 1333 1641 1405 spatiis,
1658 1350 1730 1405 quae
1746 1334 1780 1389 in
1797 1350 1861 1389 can-

133 1433 179 1485 28.
195 1433 233 1486 Μ.
261 1430 332 1484 Cum
351 1428 440 1500 igitur
461 1429 497 1484 ad
516 1429 609 1500 ipsam
626 1428 768 1483 rationem
789 1425 947 1496 disciplina
1001 1423 1088 1478 tando
1111 1424 1298 1492 saltandoque
1322 1438 1374 1478 nos
1392 1423 1529 1488 mulcent,
1545 1426 1697 1501 quantum
1717 1422 1797 1477 ratio
1812 1440 1862 1478 nos

98 1517 195 1589 huJus,
216 1517 359 1588 siquidem
382 1517 502 1572 scientia
522 1522 564 1571 est
590 1517 664 1571 bene
686 1513 864 1581 modulandi,
889 1527 947 1566 uon
1001 1511 1125 1581 duxerit,
1149 1511 1332 1566 disseramus.
1357 1510 1417 1565 Nisi
1439 1513 1471 1564 tu
1494 1510 1567 1564 forte
1596 1509 1684 1564 aliter
1708 1514 1798 1581 putas
1816 1510 1862 1565 illa

98 1606 190 1677 possit
203 1605 303 1676 negari
317 1620 417 1661 omnes
431 1605 574 1675 pertinere
589 1609 684 1659 motus
698 1603 747 1674 qui
762 1604 834 1658 bene
848 1600 948 1655 modu·
1000 1599 1120 1670 uestigia
1133 1598 1264 1670 indagari
1278 1615 1373 1669 posse,
1389 1615 1454 1671 que
1468 1598 1498 1652 in
1512 1597 1620 1652 nostris
1632 1598 1786 1662 sensibus,
1803 1599 1862 1654 his-

98 1693 148 1748 lati
169 1698 245 1760 sunt,
269 1697 298 1748 et
322 1709 370 1747 eos
392 1693 575 1763 potissimum
590 1693 641 1763 qui
659 1708 719 1747 non
733 1692 896 1747 referuntur
911 1688 946 1743 ad
1001 1703 1057 1759 que
1076 1687 1161 1741 robus
1183 1703 1254 1758 quas
1277 1687 1405 1742 valemus
1428 1686 1547 1755 sentire,
1570 1686 1649 1741 hanc
1674 1685 1861 1758 disciplinam

98 1781 177 1836 aliud
186 1781 305 1852 aliquid,
321 1781 370 1836 sed
386 1779 417 1835 in
436 1780 536 1850 seipsis
553 1780 642 1835 linem
656 1780 766 1835 decoris
781 1777 947 1834 delectatio·
999 1775 1128 1847 posuisse
1140 1775 1310 1846 praedictum
1323 1778 1374 1830 est.
1388 1778 1420 1830 D.
1437 1775 1522 1829 Nullo
1536 1774 1625 1829 modo
1639 1774 1732 1829 aliter
1746 1780 1829 1847 puto.

96 1868 176 1924 nisse
189 1871 372 1936 conservant3
389 1868 420 1923 hi
433 1873 529 1923 tamen
548 1872 654 1935 molus,
670 1872 702 1923 ιι
715 1884 792 1923 nunc
806 1883 823 1921 a
836 1882 884 1920 me
898 1882 947 1920 ro·
1034 1882 1042 1915 ι
1054 1879 1135 1929 Addit
1144 1879 1241 1929 Vatia:
1255 1879 1475 1951 Ltceeoltquomo
1485 1879 1554 1930 tuem
1563 1891 1614 1943 pes
1623 1879 1653 1929 ia
1665 1880 1800 1939 eonem,
1810 1892 1861 1932 ser

97 1961 181 2028 gatus
199 1960 274 2012 recte
289 1971 422 2028 vereque,
438 1955 543 2022 dixisti,
560 1956 585 2010 ei
602 1957 689 2027 longo
704 1955 795 2027 spatio
809 1953 946 2025 temporis
999 1940 1860 2068 ggffimfffigmffinf'mwmm’mbmm

128 2067 198 2117 ¹us.
211 2067 233 2117 Α
246 2067 330 2137 addit,
344 2068 484 2121 ιιιιιιιιι.
516 2069 551 2119 Μ.
1032 2064 1154 2126 ⁸vatic,
1168 2067 1256 2116 estro.
1289 2065 1324 2114 Μ.

563 2268 841 2391 LIBER
896 2265 1389 2391 SECUNDUS.

614 2449 644 2498 ln
657 2463 709 2513 quo
721 2447 753 2498 de
768 2448 873 2512 syllabis
887 2455 914 2498 at
927 2448 1037 2514 pedibus
1048 2449 1167 2499 metricis
1179 2449 1336 2515 disputatur.

97 2645 212 2702 CAPUT
224 2645 372 2708 Paluda.
388 2673 423 2686 -·
436 2644 610 2714 Syllabarum
621 2647 713 2716 spotia
727 2644 837 2701 aliunde
850 2661 943 2716 prom·
997 2645 1053 2701 uisi
1063 2650 1096 2701 ut
1107 2644 1279 2716 corripiatur
1290 2645 1332 2700 vel
1344 2645 1520 2716 producatur
1533 2644 1659 2717 syllaba,
1674 2662 1744 2718 quae
1756 2646 1806 2703 illo
1815 2647 1855 2702 ret

256 2736 384 2804 mutiens,
399 2733 510 2789 aliunde
523 2736 641 2789 musicus
657 2734 783 2790 ottusdit.
997 2733 1046 2787 illo
1061 2733 1122 2787 loco
1132 2737 1175 2786 est
1186 2733 1343 2788 secundum
1352 2733 1495 2789 rationem
1503 2749 1719 2791 mensurarum
1729 2751 1853 2791 suarum.

134 2826 158 2881 l.
184 2825 223 2880 dl.
247 2822 368 2878 Attende
392 2821 482 2893 igitur
496 2821 660 2892 diligenter,
676 2826 705 2876 ιι
727 2838 804 2877 nnnc
826 2822 944 2877 demum
997 2821 1070 2876 Nam
1084 2820 1108 2874 si
1130 2836 1165 2876 eu
1187 2821 1249 2875 loco
1265 2821 1314 2876 ubi
1329 2821 1400 2876 duas
1414 2823 1515 2893 longas
1529 2823 1659 2894 syllabas
1673 2824 1748 2895 poni
1767 2824 1852 2891 decet,

96 2911 192 2982 accipe
212 2909 295 2982 quasi
309 2911 433 2965 alterum
448 2913 553 2965 nostras
567 2908 767 2981 disputationis
782 2909 941 2966 exordium.
995 2909 1050 2965 hoc
1064 2909 1184 2964 verbum
1195 2909 1372 2981 posueris,et
1385 2910 1510 2982 primam
1523 2927 1591 2983 quae
1604 2912 1707 2968 brevis
1721 2919 1776 2983 est,
1789 2930 1852 2985 pro·

95 3000 136 3054 Ac
163 2999 290 3071 primum
316 2998 468 3069 responde,
494 3002 590 3052 utrum
622 2998 696 3053 bene
721 2997 853 3053 didiceris
879 3014 943 3053 eam
995 2997 1178 3052 nuntiatione
1193 2998 1428 3068 longamleceris,
1443 2998 1517 3054 uihil
1530 2999 1645 3055 musica
1658 2997 1782 3059 omnin'o
1795 3017 1852 3057 suc-

96 3102 184 3158 quum
196 3086 376 3158 grammatici
391 3085 503 3153 docent,
518 3086 690 3157 syllabamm
699 3086 830 3141 brevium
843 3086 943 3158 longa·
995 3089 1093 3141 censet
1107 3088 1116 3122 ¹
1132 3101 1139 3139 :
1161 3090 1292 3156 tempora
1307 3086 1385 3143 euim
1399 3104 1502 3144 vocum
1519 3105 1555 3144 ea
1573 3106 1739 3161 pervenere
1754 3091 1791 3146 ad
1804 3108 1852 3146 uu·

95 3172 942 3245 rumquedistantiam;anrerosireistanorissireignorcs,
996 3188 1052 3239 res,
1077 3189 1142 3244 quae
1156 3173 1200 3229 illi
1222 3189 1344 3230 numero
1371 3176 1466 3231 debita
1486 3176 1616 3234 fuerunt.
1643 3179 1852 3235 Grammaticus

96 3260 454 3331 malisutitaquaeramus,
466 3260 675 3331 quasiomnino
687 3261 772 3316 rudes
784 3263 942 3317 baromre·
997 3265 1093 3316 autem
1113 3261 1197 3331 jubet
1217 3263 1374 3331 emendari,
1400 3269 1429 3320 et
1450 3264 1522 3320 illud
1542 3270 1572 3321 ta
1597 3267 1727 3324 verbum
1749 3284 1850 3339 ponere

95 3364 162 3406 rum
170 3349 269 3416 simus,
277 3353 311 3403 ut
319 3348 354 3403 ad
361 3347 515 3403 omnianos
522 3348 697 3419 ratiopotius
703 3349 847 3421 perducat,
855 3367 941 3421 quarn
995 3348 1077 3419 cujus
1090 3348 1184 3420 prima
1199 3351 1307 3420 syllaba
1320 3352 1503 3422 producenda
1518 3353 1568 3422 sit,
1583 3356 1750 3411 secuudum
1763 3357 1850 3428 majo-

95 3435 448 3504 iuveterataconsuetudo,
464 3440 513 3491 aut
526 3436 713 3507 prejudicato
726 3437 941 3508 cogataoctori·
995 3452 1071 3503 rum,
1095 3440 1126 3491 ut
1148 3437 1255 3492 dictum
1279 3443 1332 3506 est,
1356 3440 1568 3507 auctoritatem,
1593 3458 1726 3514 quorum
1752 3446 1850 3517 scripta

94 3527 149 3580 tas.
164 3527 196 3581 D.
213 3524 256 3580 lta
268 3525 354 3595 plane
368 3525 455 3579 malle
469 3539 527 3594 me,
541 3540 600 3579 non
613 3525 700 3580 modo
714 3524 776 3596 ipsa
791 3525 875 3592 ratio,
893 3527 942 3582 sed
994 3524 1119 3579 custodit
1133 3527 1154 3580 ¹.

94 3612 215 3668 istarum
228 3612 315 3667 etiam
329 3611 503 3683 syllabarum
516 3612 662 3682 imperitia
676 3612 756 3684 (quid
768 3612 846 3666 enim
859 3611 942 3666 lateri
995 3612 1108 3667 CAPUT
1123 3613 1158 3668 ll.
1174 3641 1209 3653 -
1222 3615 1260 3668 De
1272 3628 1354 3671 uersu
1369 3615 1481 3684 judicat
1493 3621 1698 3684 urummuticus
1712 3635 1749 3676 aa
1762 3626 1848 3677 aare

95 3701 222 3757 dubitem
232 3700 256 3770 ι)
271 3700 404 3770 impellit.
433 3702 471 3755 Μ.
494 3703 555 3770 Age
575 3700 647 3770 jam,
674 3700 774 3754 saltem
793 3698 866 3753 illud
878 3700 941 3753 elo·
1150 3702 1243 3770 rs'tote,
1258 3704 1375 3759 musicas
1392 3718 1426 3757 eu
1440 3706 1546 3759 ratione
1559 3710 1585 3760 et
1599 3721 1696 3764 seusu.

94 3803 193 3859 quere,
209 3791 307 3841 utrum
321 3787 487 3858 tuipseper
501 3791 529 3841 ιι
544 3802 692 3857 nunquam
706 3785 941 3841 animadverteris
1029 3787 1056 3839 ι.
1076 3785 1270 3851 Quamobrem
1283 3805 1347 3859 nos,
1371 3806 1437 3845 cum
1459 3792 1588 3849 rationes
1612 3797 1737 3854 musicae
1757 3813 1848 3870 perse·

94 3873 126 3928 in
140 3872 285 3929 locutione
303 3877 400 3927 nostra
423 3872 494 3926 alias
516 3871 637 3943 syllabas
658 3872 764 3942 raptim
780 3876 809 3926 et
822 3872 940 3926 minime
993 3873 1122 3943 quendas
1145 3877 1364 3948 susceperimus,
1380 3879 1466 3934 ctiam
1490 3880 1515 3934 si
1533 3882 1630 3937 nescis
1654 3901 1724 3956 quae
1746 3885 1849 3958 syllaba

93 3959 154 4025 diu,
173 3959 243 4014 alias
267 3963 362 4014 autem
385 3958 552 4029 productius
574 3963 603 4013 et
618 3958 724 4015 diutim
739 3959 890 4014 enuntiari.
905 3962 938 4015 D.
993 3961 1184 4033 corripienda,
1207 3980 1272 4036 qure
1295 3966 1482 4038 producenda
1503 3968 1559 4039 sit;
1573 3986 1738 4041 possumus
1757 3979 1847 4029 ιιιιιι

94 4048 204 4119 Negare
226 4062 283 4101 nou
308 4061 424 4117 possum
440 4062 499 4101 non
516 4062 562 4101 me
587 4046 621 4101 ad
645 4046 699 4101 ista
723 4047 799 4101 enim
821 4048 940 4103 surdum
993 4062 1051 4102 non
1069 4048 1204 4121 impediri
1227 4053 1280 4107 hac
1299 4053 1462 4125 ignorantia
1488 4060 1547 4122 tua,
1574 4061 1710 4132 satisque
1734 4062 1846 4125 babere,

94 4134 245 4192 ruissoli.
269 4134 357 4205 Atqui
371 4133 442 4188 scias
458 4134 544 4188 velim
565 4138 655 4190 totam
677 4134 756 4190 illam
779 4134 938 4204 scientiam,
991 4135 1071 4206 quod
1084 4139 1112 4191 te
1136 4137 1370 4196 animadvertisse
1390 4141 1489 4198 dixisti
1511 4144 1582 4199 alius
1606 4149 1739 4219 syllabas
1759 4166 1846 4205 corre·

93 4239 159 4295 quas
175 4222 362 4295 grammatica
376 4237 478 4293 graeca,
493 4221 581 4277 latine
600 4226 696 4277 autem
712 4222 871 4278 litteratura
884 4239 939 4277 no·
991 4223 1109 4294 ptiores,
1126 4225 1196 4281 alias
1217 4220 1423 4298 productiores.
1440 4231 1534 4296 Quare
1553 4232 1628 4289 illud
1643 4252 1726 4291 nunc
1742 4254 1846 4310 quara

91 4310 228 4378 minatur,
243 4309 371 4366 historiae
390 4310 548 4364 custodiam
567 4309 707 4380 profiteri,
730 4310 775 4365 vel
789 4311 889 4377 solam,
906 4314 939 4366 ut
991 4315 1088 4367 utrum
1102 4328 1188 4368 sonus
1208 4331 1342 4370 versuum
1362 4316 1515 4389 aliquando
1530 4323 1559 4374 ta
1573 4320 1677 4394 aliqua
1695 4341 1753 4396 per
1770 4342 1847 4380 aures

91 4398 224 4454 subtilior
241 4398 323 4453 docet
345 4396 437 4465 ratio;
454 4397 498 4452 vel
517 4398 650 4465 maxime,
667 4402 700 4452 ut
714 4397 800 4453 etiam
817 4399 938 4470 pinguia
990 4399 1134 4472 uoluptate
1148 4405 1342 4460 commoverit.
1367 4408 1400 4461 D.
1420 4407 1540 4462 Prorsus
1557 4409 1735 4481 sepissima,
1761 4413 1802 4469 ita
1819 4416 1847 4468 ut

91 4487 177 4542 corda
186 4486 354 4541 concedunt.
365 4486 465 4556 ltaque
475 4485 555 4540 verbi
565 4485 656 4556 gratia
666 4502 730 4541 cum
739 4486 937 4555 dixeris,cuuo,
991 4502 1139 4560 nunquam
1151 4489 1210 4545 lere
1225 4491 1286 4546 sine
1297 4493 1482 4550 delectatione
1496 4512 1615 4552 versum
1629 4500 1791 4557 audierim.
1806 4502 1844 4556 Μ.

90 4574 181 4629 rolin
202 4589 286 4629 versu
299 4574 373 4629 forle
388 4572 529 4645 posueris,
543 4573 582 4628 ita
596 4579 630 4629 ut
644 4574 687 4628 vel
701 4578 731 4629 tu
748 4574 937 4646 pronuntians
990 4575 1020 4630 Si
1039 4576 1103 4647 quis
1122 4593 1190 4648 ergo
1210 4577 1240 4632 in
1255 4595 1350 4647 versu,
1367 4597 1424 4652 quo
1439 4583 1538 4638 audito
1553 4583 1722 4658 delectaris,
1739 4606 1775 4645 eo
1789 4590 1844 4645 loco

90 4660 229 4732 producas
248 4659 332 4730 hujus
345 4661 424 4715 verbi
443 4661 580 4733 syllabam
595 4661 730 4731 primam,
745 4663 789 4716 vel
808 4662 837 4716 in
851 4678 937 4716 versu
989 4679 1046 4734 quo
1061 4665 1133 4718 ratio
1147 4665 1275 4736 ejusdem
1295 4683 1394 4722 versus
1410 4685 1469 4724 non
1484 4672 1623 4742 postulat,
1641 4677 1688 4731 vel
1709 4675 1844 4749 producat

89 4763 124 4802 eo
138 4747 201 4802 loco
215 4762 315 4818 ponas,
332 4748 381 4803 ubi
396 4765 457 4803 esse
470 4749 639 4821 productam
655 4749 823 4821 oportebat;
839 4765 936 4821 repre·
990 4751 1124 4821 syllabas,
1139 4754 1184 4807 vel
1205 4754 1352 4826 corripiat,
1375 4773 1446 4811 num
1472 4759 1575 4814 eodem
1600 4764 1691 4820 modo
1714 4765 1844 4822 delectari

89 4833 197 4889 hendet
219 4834 432 4904 grammaticus,
460 4839 554 4891 custos
572 4835 620 4890 ille
643 4835 775 4891 videlicet
796 4836 934 4901 historiae,
988 4843 1069 4910 potes
1079 4839 1093 4892 ι
1105 4843 1138 4895 D.
1149 4842 1209 4896 lmo
1221 4842 1321 4898 audire
1330 4844 1386 4899 boc
1398 4845 1459 4900 siue
1468 4848 1630 4905 offensione
1641 4868 1704 4909 non
1719 4871 1840 4926 possum.

88 4921 162 4977 nihil
182 4919 260 4976 aliud
281 4920 409 4976 assere'ns
430 4938 480 4977 eur
504 4925 581 4978 bunc
598 4922 703 4995 corripi
725 4927 864 4994 oporteat,
879 4925 934 4979 nisi
988 4929 1025 4982 Μ.
1040 4928 1123 4982 Νιιιο
1134 4930 1218 4985 modo
1229 4929 1319 5001 igitur
1330 4933 1449 4989 dubium
1460 4940 1512 5003 est,
1524 4936 1597 5008 quin
1608 4945 1639 4996 ιι
1654 4940 1687 4997 in
1703 4959 1841 5015 sonoque

88 5008 204 5082 quodhi
216 5008 346 5080 quiante
360 5024 413 5062 nos
425 5009 550 5078 luerunt,
566 5016 595 5066 ιι
607 5026 731 5082 quorum
746 5010 810 5065 libri
824 5016 935 5068 exstant
988 5018 1015 5069 te
1029 5015 1162 5071 delectari
1178 5018 1257 5087 dicis,
1275 5019 1416 5077 dimensio
1431 5025 1566 5094 quaedam
1580 5043 1780 5087 numerorum
1796 5033 1840 5087 de·

85 5101 301 5168 tractanturque
316 5113 332 5151 a
348 5097 552 5167 grammaticis,
564 5114 600 5152 aa
611 5104 741 5170 correpta
755 5100 775 5165 ¹,
793 5115 851 5154 non
866 5117 933 5170 pro·
987 5103 1078 5168 lactet,
1096 5121 1153 5177 qua
1167 5107 1332 5176 perturbata
1348 5110 1497 5167 delectatio
1510 5112 1561 5168 illa
1576 5116 1715 5174 exbiberi
1730 5120 1840 5176 auribus

86 5188 172 5244 ducta
185 5187 230 5242 usi
243 5185 359 5241 luerint.
373 5185 465 5250 Quare
475 5186 670 5258 hicquidquid
683 5189 765 5257 valet,
782 5189 933 5244 auctoritas
1018 5225 1295 5294 ,Offenmmr'jum
1310 5232 1385 5282 vatic
1427 5235 1452 5283 Μ

84 5276 221 5332 volatili
238 5290 305 5330 raro
324 5274 441 5328 musicae
456 5274 540 5343 ratio,
556 5275 592 5330 ad
611 5291 698 5347 quam
718 5275 857 5331 dimensio
871 5277 933 5348 ipsa
1016 5289 1027 5322 ι
1042 5289 1072 5337 ιι
1090 5289 1129 5350 ιι,
1150 5292 1343 5344 custodiuntur.
1367 5296 1409 5345 Er.
1426 5297 1511 5360 Lugd.
1525 5299 1605 5359 Van..
1620 5305 1793 5368 custodium
1806 5306 1839 5355 sia

84 5379 186 5419 vocum
200 5361 377 5419 rationabilis
390 5366 418 5417 et
429 5363 619 5418 numerositas
631 5363 764 5435 partinet,
782 5380 840 5421 uon
853 5369 933 5420 curat
985 5349 1063 5398 etiam
1077 5351 1123 5423 ιιι.
1140 5352 1187 5413 Β.;
1203 5357 1230 5403 at
1242 5357 1290 5404 lla.
1302 5357 1333 5411 Α,
1347 5359 1473 5419 custodit,
1487 5363 1518 5409 ut
1529 5362 1700 5438 significatur
1714 5369 1838 5418 ,mim

116 5469 124 5501 ι
138 5469 230 5530 Μὰ,
244 5482 296 5534 pro
310 5471 445 5532 comma·
478 5468 512 5517 M·
984 5418 1353 5538 ggglmffuflffilsaqueffipuulo
1367 5424 1429 5470 ante
1442 5421 1613 5485 Augustinus
1624 5426 1748 5480 ιιιιοιιιι
1759 5434 1838 5480 custo
