<?xml version="1.0" encoding="UTF-8"?>
<!DOCTYPE html PUBLIC "-//W3C//DTD XHTML 1.0 Transitional//EN"
    "http://www.w3.org/TR/xhtml1/DTD/xhtml1-transitional.dtd">
<html xmlns="http://www.w3.org/1999/xhtml" xml:lang="en" lang="en">
 <head>
  <title>
</title>
<meta http-equiv="Content-Type" content="text/html;charset=utf-8" />
  <meta name='ocr-system' content='tesseract 3.04.00' />
  <meta name='ocr-capabilities' content='ocr_page ocr_carea ocr_par ocr_line ocrx_word'/>
</head>
<body>
  <div class='ocr_page' id='page_1' title='image "./patrologiaecurs02migngoog_0583.png"; bbox 0 0 3884 6112; ppageno 0'>
   <div class='ocr_carea' id='block_1_1' title="bbox 72 269 1825 338">
    <p class='ocr_par' dir='ltr' id='par_1_1' title="bbox 72 269 1825 338">
     <span class='ocr_line' id='line_1_1' title="bbox 72 269 1825 338; baseline 0.009 -16"><span class='ocrx_word' id='word_1_1' title='bbox 72 270 137 322; x_wconf 67' lang='lat' dir='ltr'><strong>llil</strong></span> <span class='ocrx_word' id='word_1_2' title='bbox 801 270 908 330; x_wconf 83' lang='lat' dir='ltr'>LIBER</span> <span class='ocrx_word' id='word_1_3' title='bbox 928 269 1094 328; x_wconf 80' lang='lat' dir='ltr'><strong>TERTIUS.</strong></span> <span class='ocrx_word' id='word_1_4' title='bbox 1179 315 1184 319; x_wconf 91' lang='lat'>-</span> <span class='ocrx_word' id='word_1_5' title='bbox 1757 283 1825 338; x_wconf 75' lang='lat' dir='ltr'><strong>ilat</strong></span> 
     </span>
    </p>
   </div>
   <div class='ocr_carea' id='block_1_2' title="bbox 40 390 1832 3994">
    <p class='ocr_par' dir='ltr' id='par_1_2' title="bbox 66 390 1828 1878">
     <span class='ocr_line' id='line_1_2' title="bbox 70 390 1828 470; baseline 0.005 -22"><span class='ocrx_word' id='word_1_6' title='bbox 70 398 234 464; x_wconf 87' lang='lat' dir='ltr'><strong>temporum</strong></span> <span class='ocrx_word' id='word_1_7' title='bbox 251 390 423 463; x_wconf 82' lang='lat' dir='ltr'><strong>posteriores</strong></span> <span class='ocrx_word' id='word_1_8' title='bbox 437 391 564 462; x_wconf 88' lang='lat' dir='ltr'><strong>copulari</strong></span> <span class='ocrx_word' id='word_1_9' title='bbox 577 396 699 464; x_wconf 88' lang='lat' dir='ltr'><strong>queaut;</strong></span> <span class='ocrx_word' id='word_1_10' title='bbox 720 394 854 467; x_wconf 89' lang='lat' dir='ltr'><strong>solusque</strong></span> <span class='ocrx_word' id='word_1_11' title='bbox 869 411 921 449; x_wconf 90' lang='lat' dir='ltr'><strong>an-</strong></span> <span class='ocrx_word' id='word_1_12' title='bbox 976 393 1023 449; x_wconf 90' lang='lat' dir='ltr'><strong>tiri</strong></span> <span class='ocrx_word' id='word_1_13' title='bbox 1033 395 1093 451; x_wconf 78' lang='lat' dir='ltr'><strong>tl).</strong></span> <span class='ocrx_word' id='word_1_14' title='bbox 1108 394 1151 449; x_wconf 89' lang='lat' dir='ltr'><strong>lta</strong></span> <span class='ocrx_word' id='word_1_15' title='bbox 1166 397 1217 449; x_wconf 86' lang='lat' dir='ltr'><strong>cst.</strong></span> <span class='ocrx_word' id='word_1_16' title='bbox 1233 394 1278 450; x_wconf 89' lang='lat' dir='ltr'><strong>M.</strong></span> <span class='ocrx_word' id='word_1_17' title='bbox 1292 393 1378 463; x_wconf 86' lang='lat' dir='ltr'><strong>Quid,</strong></span> <span class='ocrx_word' id='word_1_18' title='bbox 1390 395 1414 451; x_wconf 90' lang='lat' dir='ltr'><strong>si</strong></span> <span class='ocrx_word' id='word_1_19' title='bbox 1429 394 1584 466; x_wconf 80' lang='lat' dir='ltr'><strong>&#39;cujuslibet</strong></span> <span class='ocrx_word' id='word_1_20' title='bbox 1599 397 1707 470; x_wconf 81' lang='lat' dir='ltr'><strong>epitriti</strong></span> <span class='ocrx_word' id='word_1_21' title='bbox 1724 416 1828 457; x_wconf 89' lang='lat' dir='ltr'><strong>omnes</strong></span> 
     </span>
     <span class='ocr_line' id='line_1_3' title="bbox 68 479 1827 560; baseline 0.005 -24"><span class='ocrx_word' id='word_1_22' title='bbox 68 481 206 552; x_wconf 89' lang='lat' dir='ltr'><strong>tispastus</strong></span> <span class='ocrx_word' id='word_1_23' title='bbox 231 479 282 551; x_wconf 93' lang='lat' dir='ltr'><strong>qui</strong></span> <span class='ocrx_word' id='word_1_24' title='bbox 305 480 416 535; x_wconf 89' lang='lat' dir='ltr'><strong>nullum</strong></span> <span class='ocrx_word' id='word_1_25' title='bbox 442 479 496 534; x_wconf 91' lang='lat' dir='ltr'><strong>sibi</strong></span> <span class='ocrx_word' id='word_1_26' title='bbox 524 480 592 536; x_wconf 85' lang='lat' dir='ltr'><strong>relit</strong></span> <span class='ocrx_word' id='word_1_27' title='bbox 614 482 739 552; x_wconf 75' lang='lat' dir='ltr'><strong>misceri,</strong></span> <span class='ocrx_word' id='word_1_28' title='bbox 763 487 920 540; x_wconf 84' lang='lat' dir='ltr'><strong>remaneat.</strong></span> <span class='ocrx_word' id='word_1_29' title='bbox 976 482 1080 554; x_wconf 90' lang='lat' dir='ltr'><strong>longas</strong></span> <span class='ocrx_word' id='word_1_30' title='bbox 1095 483 1186 537; x_wconf 85' lang='lat' dir='ltr'><strong>solvas</strong></span> <span class='ocrx_word' id='word_1_31' title='bbox 1199 481 1229 536; x_wconf 88' lang='lat' dir='ltr'><strong>in</strong></span> <span class='ocrx_word' id='word_1_32' title='bbox 1241 481 1365 538; x_wconf 80' lang='lat' dir='ltr'><strong>breves?</strong></span> <span class='ocrx_word' id='word_1_33' title='bbox 1379 498 1450 539; x_wconf 89' lang='lat' dir='ltr'><strong>unm</strong></span> <span class='ocrx_word' id='word_1_34' title='bbox 1470 482 1557 541; x_wconf 89' lang='lat' dir='ltr'><strong>etiam</strong></span> <span class='ocrx_word' id='word_1_35' title='bbox 1572 485 1607 540; x_wconf 89' lang='lat' dir='ltr'><strong>de</strong></span> <span class='ocrx_word' id='word_1_36' title='bbox 1619 491 1730 558; x_wconf 88' lang='lat' dir='ltr'><strong>septem</strong></span> <span class='ocrx_word' id='word_1_37' title='bbox 1744 489 1827 560; x_wconf 88' lang='lat' dir='ltr'><strong>sylla·</strong></span> 
     </span>
     <span class='ocr_line' id='line_1_4' title="bbox 71 569 1828 647; baseline 0.005 -23"><span class='ocrx_word' id='word_1_38' title='bbox 71 571 129 624; x_wconf 85' lang='lat' dir='ltr'><strong>llos</strong></span> <span class='ocrx_word' id='word_1_39' title='bbox 151 573 366 639; x_wconf 87' lang='lat' dir='ltr'><strong>consequuntur</strong></span> <span class='ocrx_word' id='word_1_40' title='bbox 386 573 509 640; x_wconf 89' lang='lat' dir='ltr'><strong>quatuor</strong></span> <span class='ocrx_word' id='word_1_41' title='bbox 532 570 651 640; x_wconf 73' lang='lat' dir='ltr'><strong>epitriti,</strong></span> <span class='ocrx_word' id='word_1_42' title='bbox 672 588 796 643; x_wconf 88' lang='lat' dir='ltr'><strong>quorum</strong></span> <span class='ocrx_word' id='word_1_43' title='bbox 811 572 922 644; x_wconf 90' lang='lat' dir='ltr'><strong>primus</strong></span> <span class='ocrx_word' id='word_1_44' title='bbox 976 570 1219 626; x_wconf 90' lang='lat' dir='ltr'><strong>bisdubitandum</strong></span> <span class='ocrx_word' id='word_1_45' title='bbox 1227 569 1337 627; x_wconf 86' lang='lat' dir='ltr'><strong>est‘lD.</strong></span> <span class='ocrx_word' id='word_1_46' title='bbox 1351 571 1434 627; x_wconf 86' lang='lat' dir='ltr'><strong>Nullo</strong></span> <span class='ocrx_word' id='word_1_47' title='bbox 1444 572 1540 628; x_wconf 91' lang='lat' dir='ltr'><strong>modo.</strong></span> <span class='ocrx_word' id='word_1_48' title='bbox 1553 575 1596 628; x_wconf 92' lang='lat' dir='ltr'><strong>M.</strong></span> <span class='ocrx_word' id='word_1_49' title='bbox 1612 573 1685 639; x_wconf 84' lang='lat' dir='ltr'><strong>Quid</strong></span> <span class='ocrx_word' id='word_1_50' title='bbox 1694 575 1757 647; x_wconf 92' lang='lat' dir='ltr'><strong>ipse</strong></span> <span class='ocrx_word' id='word_1_51' title='bbox 1767 576 1828 632; x_wconf 89' lang='lat' dir='ltr'><strong>dis·</strong></span> 
     </span>
     <span class='ocr_line' id='line_1_5' title="bbox 68 657 1826 733; baseline 0.004 -21"><span class='ocrx_word' id='word_1_52' title='bbox 68 658 198 714; x_wconf 75' lang='lat' dir='ltr'><strong>admittit</strong></span> <span class='ocrx_word' id='word_1_53' title='bbox 215 657 384 724; x_wconf 90' lang='lat' dir='ltr'><strong>secundum,</strong></span> <span class='ocrx_word' id='word_1_54' title='bbox 410 659 550 713; x_wconf 91' lang='lat' dir='ltr'><strong>sccundus</strong></span> <span class='ocrx_word' id='word_1_55' title='bbox 568 660 691 726; x_wconf 88' lang='lat' dir='ltr'><strong>nullum,</strong></span> <span class='ocrx_word' id='word_1_56' title='bbox 708 662 809 717; x_wconf 84' lang='lat' dir='ltr'><strong>tertius</strong></span> <span class='ocrx_word' id='word_1_57' title='bbox 834 678 921 733; x_wconf 88' lang='lat' dir='ltr'><strong>quar·</strong></span> <span class='ocrx_word' id='word_1_58' title='bbox 975 659 1129 728; x_wconf 85' lang='lat' dir='ltr'><strong>pondeus‘?</strong></span> <span class='ocrx_word' id='word_1_59' title='bbox 1147 675 1243 713; x_wconf 90' lang='lat' dir='ltr'><strong>nonne</strong></span> <span class='ocrx_word' id='word_1_60' title='bbox 1264 662 1326 713; x_wconf 89' lang='lat' dir='ltr'><strong>octo</strong></span> <span class='ocrx_word' id='word_1_61' title='bbox 1341 659 1437 721; x_wconf 85' lang='lat' dir='ltr'><strong>allicit,</strong></span> <span class='ocrx_word' id='word_1_62' title='bbox 1454 675 1520 715; x_wconf 92' lang='lat' dir='ltr'><strong>cum</strong></span> <span class='ocrx_word' id='word_1_63' title='bbox 1542 677 1595 732; x_wconf 93' lang='lat' dir='ltr'><strong>pro</strong></span> <span class='ocrx_word' id='word_1_64' title='bbox 1612 662 1746 718; x_wconf 87' lang='lat' dir='ltr'><strong>omnibus</strong></span> <span class='ocrx_word' id='word_1_65' title='bbox 1760 663 1826 720; x_wconf 92' lang='lat' dir='ltr'><strong>lon·</strong></span> 
     </span>
     <span class='ocr_line' id='line_1_6' title="bbox 69 746 1734 821; baseline 0.002 -19"><span class='ocrx_word' id='word_1_66' title='bbox 69 750 143 814; x_wconf 91' lang='lat' dir='ltr'><strong>tum,</strong></span> <span class='ocrx_word' id='word_1_67' title='bbox 167 750 286 818; x_wconf 87' lang='lat' dir='ltr'><strong>quartus</strong></span> <span class='ocrx_word' id='word_1_68' title='bbox 301 747 424 801; x_wconf 91' lang='lat' dir='ltr'><strong>nullum.</strong></span> <span class='ocrx_word' id='word_1_69' title='bbox 442 747 539 802; x_wconf 80' lang='lat' dir='ltr'><strong>Restat</strong></span> <span class='ocrx_word' id='word_1_70' title='bbox 553 747 737 818; x_wconf 81' lang='lat' dir='ltr'><strong>dispondeus,</strong></span> <span class='ocrx_word' id='word_1_71' title='bbox 753 749 921 821; x_wconf 85' lang='lat' dir='ltr'><strong>rhythmum</strong></span> <span class='ocrx_word' id='word_1_72' title='bbox 975 746 1019 819; x_wconf 90' lang='lat' dir='ltr'><strong>gis</strong></span> <span class='ocrx_word' id='word_1_73' title='bbox 1033 746 1115 802; x_wconf 91' lang='lat' dir='ltr'><strong>binas</strong></span> <span class='ocrx_word' id='word_1_74' title='bbox 1128 746 1229 802; x_wconf 83' lang='lat' dir='ltr'><strong>breves</strong></span> <span class='ocrx_word' id='word_1_75' title='bbox 1244 746 1395 802; x_wconf 78' lang='lat' dir='ltr'><strong>locamus?</strong></span> <span class='ocrx_word' id='word_1_76' title='bbox 1409 748 1446 802; x_wconf 93' lang='lat' dir='ltr'><strong>D.</strong></span> <span class='ocrx_word' id='word_1_77' title='bbox 1463 748 1649 804; x_wconf 83' lang='lat' dir='ltr'><strong>Verissimum</strong></span> <span class='ocrx_word' id='word_1_78' title='bbox 1665 754 1734 820; x_wconf 49' lang='lat' dir='ltr'><strong>cst..</strong></span> 
     </span>
     <span class='ocr_line' id='line_1_7' title="bbox 69 834 1826 908; baseline 0.003 -19"><span class='ocrx_word' id='word_1_79' title='bbox 69 835 148 889; x_wconf 89' lang='lat' dir='ltr'><strong>solus</strong></span> <span class='ocrx_word' id='word_1_80' title='bbox 160 835 246 890; x_wconf 87' lang='lat' dir='ltr'><strong>etiam</strong></span> <span class='ocrx_word' id='word_1_81' title='bbox 260 834 321 905; x_wconf 91' lang='lat' dir='ltr'><strong>ipse</strong></span> <span class='ocrx_word' id='word_1_82' title='bbox 334 834 470 897; x_wconf 84' lang='lat' dir='ltr'><strong>facturus,</strong></span> <span class='ocrx_word' id='word_1_83' title='bbox 482 834 611 905; x_wconf 92' lang='lat' dir='ltr'><strong>quianec</strong></span> <span class='ocrx_word' id='word_1_84' title='bbox 623 835 811 905; x_wconf 83' lang='lat' dir='ltr'><strong>posteriorem</strong></span> <span class='ocrx_word' id='word_1_85' title='bbox 822 852 921 908; x_wconf 89' lang='lat' dir='ltr'><strong>quem·</strong></span> <span class='ocrx_word' id='word_1_86' title='bbox 1013 837 1055 891; x_wconf 77' lang='lat' dir='ltr'><strong>tt.</strong></span> <span class='ocrx_word' id='word_1_87' title='bbox 1071 836 1113 889; x_wconf 93' lang='lat' dir='ltr'><strong>M.</strong></span> <span class='ocrx_word' id='word_1_88' title='bbox 1131 835 1200 900; x_wconf 75' lang='lat' dir='ltr'><strong>Quae</strong></span> <span class='ocrx_word' id='word_1_89' title='bbox 1222 835 1310 906; x_wconf 89' lang='lat' dir='ltr'><strong>igilur</strong></span> <span class='ocrx_word' id='word_1_90' title='bbox 1331 834 1402 890; x_wconf 91' lang='lat' dir='ltr'><strong>ratio</strong></span> <span class='ocrx_word' id='word_1_91' title='bbox 1422 839 1473 899; x_wconf 83' lang='lat' dir='ltr'><strong>est,</strong></span> <span class='ocrx_word' id='word_1_92' title='bbox 1500 852 1557 908; x_wconf 89' lang='lat' dir='ltr'><strong>qua</strong></span> <span class='ocrx_word' id='word_1_93' title='bbox 1575 837 1708 908; x_wconf 88' lang='lat' dir='ltr'><strong>cogimur</strong></span> <span class='ocrx_word' id='word_1_94' title='bbox 1721 843 1750 895; x_wconf 90' lang='lat' dir='ltr'><strong>et</strong></span> <span class='ocrx_word' id='word_1_95' title='bbox 1765 842 1826 896; x_wconf 83' lang='lat' dir='ltr'><strong>tarn</strong></span> 
     </span>
     <span class='ocr_line' id='line_1_8' title="bbox 69 922 1825 1000; baseline 0.003 -24"><span class='ocrx_word' id='word_1_96' title='bbox 69 939 157 995; x_wconf 88' lang='lat' dir='ltr'><strong>quam</strong></span> <span class='ocrx_word' id='word_1_97' title='bbox 176 922 296 988; x_wconf 83' lang='lat' dir='ltr'><strong>invenit,</strong></span> <span class='ocrx_word' id='word_1_98' title='bbox 317 938 369 977; x_wconf 90' lang='lat' dir='ltr'><strong>nec</strong></span> <span class='ocrx_word' id='word_1_99' title='bbox 388 923 540 993; x_wconf 75' lang='lat' dir='ltr'><strong>aequalem.</strong></span> <span class='ocrx_word' id='word_1_100' title='bbox 557 924 656 994; x_wconf 87' lang='lat' dir='ltr'><strong>ltaque</strong></span> <span class='ocrx_word' id='word_1_101' title='bbox 670 923 798 979; x_wconf 88' lang='lat' dir='ltr'><strong>omnium</strong></span> <span class='ocrx_word' id='word_1_102' title='bbox 813 925 920 996; x_wconf 83' lang='lat' dir='ltr'><strong>pedum</strong></span> <span class='ocrx_word' id='word_1_103' title='bbox 975 923 1133 977; x_wconf 90' lang='lat' dir='ltr'><strong>multarum</strong></span> <span class='ocrx_word' id='word_1_104' title='bbox 1155 922 1328 994; x_wconf 81' lang='lat' dir='ltr'><strong>syllabarum</strong></span> <span class='ocrx_word' id='word_1_105' title='bbox 1353 923 1448 978; x_wconf 89' lang='lat' dir='ltr'><strong>metiri</strong></span> <span class='ocrx_word' id='word_1_106' title='bbox 1471 924 1569 994; x_wconf 88' lang='lat' dir='ltr'><strong>pedes,</strong></span> <span class='ocrx_word' id='word_1_107' title='bbox 1598 928 1625 978; x_wconf 91' lang='lat' dir='ltr'><strong>et</strong></span> <span class='ocrx_word' id='word_1_108' title='bbox 1650 926 1754 997; x_wconf 90' lang='lat' dir='ltr'><strong>pedem</strong></span> <span class='ocrx_word' id='word_1_109' title='bbox 1776 927 1825 1000; x_wconf 92' lang='lat' dir='ltr'><strong>qni</strong></span> 
     </span>
     <span class='ocr_line' id='line_1_9' title="bbox 68 1010 1825 1088; baseline 0.004 -23"><span class='ocrx_word' id='word_1_110' title='bbox 68 1016 134 1066; x_wconf 93' lang='lat' dir='ltr'><strong>octo</strong></span> <span class='ocrx_word' id='word_1_111' title='bbox 149 1016 216 1066; x_wconf 87' lang='lat' dir='ltr'><strong>sunt</strong></span> <span class='ocrx_word' id='word_1_112' title='bbox 234 1012 254 1078; x_wconf 87' lang='lat'><strong>¹,</strong></span> <span class='ocrx_word' id='word_1_113' title='bbox 278 1011 330 1082; x_wconf 90' lang='lat' dir='ltr'><strong>qui</strong></span> <span class='ocrx_word' id='word_1_114' title='bbox 343 1011 423 1065; x_wconf 90' lang='lat' dir='ltr'><strong>nullo</strong></span> <span class='ocrx_word' id='word_1_115' title='bbox 438 1011 494 1066; x_wconf 90' lang='lat' dir='ltr'><strong>alio</strong></span> <span class='ocrx_word' id='word_1_116' title='bbox 508 1011 596 1067; x_wconf 87' lang='lat' dir='ltr'><strong>mixto</strong></span> <span class='ocrx_word' id='word_1_117' title='bbox 611 1011 778 1082; x_wconf 82' lang='lat' dir='ltr'><strong>rhythmum</strong></span> <span class='ocrx_word' id='word_1_118' title='bbox 792 1012 917 1067; x_wconf 84' lang='lat' dir='ltr'><strong>faciunt:</strong></span> <span class='ocrx_word' id='word_1_119' title='bbox 975 1010 1130 1066; x_wconf 89' lang='lat' dir='ltr'><strong>adhibetur</strong></span> <span class='ocrx_word' id='word_1_120' title='bbox 1149 1011 1183 1067; x_wconf 88' lang='lat' dir='ltr'><strong>ad</strong></span> <span class='ocrx_word' id='word_1_121' title='bbox 1207 1027 1353 1078; x_wconf 90' lang='lat' dir='ltr'><strong>numeros,</strong></span> <span class='ocrx_word' id='word_1_122' title='bbox 1373 1028 1432 1067; x_wconf 92' lang='lat' dir='ltr'><strong>non</strong></span> <span class='ocrx_word' id='word_1_123' title='bbox 1447 1013 1581 1068; x_wconf 85' lang='lat' dir='ltr'><strong>excedere</strong></span> <span class='ocrx_word' id='word_1_124' title='bbox 1597 1019 1722 1086; x_wconf 90' lang='lat' dir='ltr'><strong>quatuor</strong></span> <span class='ocrx_word' id='word_1_125' title='bbox 1739 1017 1825 1088; x_wconf 88' lang='lat' dir='ltr'><strong>sylla·</strong></span> 
     </span>
     <span class='ocr_line' id='line_1_10' title="bbox 67 1098 1827 1172; baseline 0.004 -19"><span class='ocrx_word' id='word_1_126' title='bbox 67 1098 261 1171; x_wconf 88' lang='lat' dir='ltr'><strong>pyrrhichius,</strong></span> <span class='ocrx_word' id='word_1_127' title='bbox 270 1099 441 1167; x_wconf 85' lang='lat' dir='ltr'><strong>tribrachus,</strong></span> <span class='ocrx_word' id='word_1_128' title='bbox 450 1100 731 1171; x_wconf 81' lang='lat' dir='ltr'><strong>proceleusmaticus,</strong></span> <span class='ocrx_word' id='word_1_129' title='bbox 741 1117 825 1171; x_wconf 84' lang='lat' dir='ltr'><strong>paeon</strong></span> <span class='ocrx_word' id='word_1_130' title='bbox 836 1116 920 1172; x_wconf 89' lang='lat' dir='ltr'><strong>quar·</strong></span> <span class='ocrx_word' id='word_1_131' title='bbox 974 1098 1036 1168; x_wconf 87' lang='lat' dir='ltr'><strong>bas,</strong></span> <span class='ocrx_word' id='word_1_132' title='bbox 1055 1104 1122 1154; x_wconf 89' lang='lat' dir='ltr'><strong>ante</strong></span> <span class='ocrx_word' id='word_1_133' title='bbox 1137 1100 1264 1155; x_wconf 90' lang='lat' dir='ltr'><strong>tractatis</strong></span> <span class='ocrx_word' id='word_1_134' title='bbox 1286 1100 1444 1155; x_wconf 86' lang='lat' dir='ltr'><strong>rationibus</strong></span> <span class='ocrx_word' id='word_1_135' title='bbox 1459 1100 1651 1157; x_wconf 85' lang='lat' dir='ltr'><strong>confitemur?</strong></span> <span class='ocrx_word' id='word_1_136' title='bbox 1664 1120 1760 1160; x_wconf 90' lang='lat' dir='ltr'><strong>noune</strong></span> <span class='ocrx_word' id='word_1_137' title='bbox 1773 1104 1827 1160; x_wconf 91' lang='lat' dir='ltr'><strong>tibi</strong></span> 
     </span>
     <span class='ocr_line' id='line_1_11' title="bbox 66 1183 1827 1260; baseline 0.004 -19"><span class='ocrx_word' id='word_1_138' title='bbox 66 1191 126 1255; x_wconf 88' lang='lat' dir='ltr'><strong>tus,</strong></span> <span class='ocrx_word' id='word_1_139' title='bbox 149 1188 332 1258; x_wconf 82' lang='lat' dir='ltr'><strong>antispastus,</strong></span> <span class='ocrx_word' id='word_1_140' title='bbox 348 1187 480 1259; x_wconf 88' lang='lat' dir='ltr'><strong>epitritus</strong></span> <span class='ocrx_word' id='word_1_141' title='bbox 505 1189 658 1256; x_wconf 86' lang='lat' dir='ltr'><strong>secundus,</strong></span> <span class='ocrx_word' id='word_1_142' title='bbox 686 1193 714 1244; x_wconf 92' lang='lat' dir='ltr'><strong>et</strong></span> <span class='ocrx_word' id='word_1_143' title='bbox 738 1193 867 1260; x_wconf 84' lang='lat' dir='ltr'><strong>quartus,</strong></span> <span class='ocrx_word' id='word_1_144' title='bbox 892 1193 920 1244; x_wconf 87' lang='lat' dir='ltr'><strong>et</strong></span> <span class='ocrx_word' id='word_1_145' title='bbox 973 1185 1109 1240; x_wconf 79' lang='lat' dir='ltr'><strong>ridentur</strong></span> <span class='ocrx_word' id='word_1_146' title='bbox 1124 1186 1201 1241; x_wconf 89' lang='lat' dir='ltr'><strong>inter</strong></span> <span class='ocrx_word' id='word_1_147' title='bbox 1215 1203 1244 1240; x_wconf 91' lang='lat' dir='ltr'><strong>se</strong></span> <span class='ocrx_word' id='word_1_148' title='bbox 1260 1187 1312 1241; x_wconf 90' lang='lat' dir='ltr'><strong>ista</strong></span> <span class='ocrx_word' id='word_1_149' title='bbox 1327 1189 1485 1258; x_wconf 81' lang='lat' dir='ltr'><strong>pugnare?</strong></span> <span class='ocrx_word' id='word_1_150' title='bbox 1507 1190 1547 1244; x_wconf 90' lang='lat' dir='ltr'><strong>D.</strong></span> <span class='ocrx_word' id='word_1_151' title='bbox 1567 1190 1627 1244; x_wconf 89' lang='lat' dir='ltr'><strong>lmo</strong></span> <span class='ocrx_word' id='word_1_152' title='bbox 1644 1183 1778 1259; x_wconf 80' lang='lat' dir='ltr'><strong>marimo,</strong></span> <span class='ocrx_word' id='word_1_153' title='bbox 1798 1195 1827 1248; x_wconf 87' lang='lat' dir='ltr'><strong>et</strong></span> 
     </span>
     <span class='ocr_line' id='line_1_12' title="bbox 66 1275 1827 1350; baseline 0.003 -19"><span class='ocrx_word' id='word_1_154' title='bbox 66 1276 267 1348; x_wconf 86' lang='lat' dir='ltr'><strong>dispondeus:</strong></span> <span class='ocrx_word' id='word_1_155' title='bbox 288 1277 392 1349; x_wconf 86' lang='lat' dir='ltr'><strong>reliqui</strong></span> <span class='ocrx_word' id='word_1_156' title='bbox 409 1294 466 1344; x_wconf 89' lang='lat' dir='ltr'><strong>eos,</strong></span> <span class='ocrx_word' id='word_1_157' title='bbox 483 1279 533 1350; x_wconf 91' lang='lat' dir='ltr'><strong>qui</strong></span> <span class='ocrx_word' id='word_1_158' title='bbox 552 1294 582 1333; x_wconf 89' lang='lat' dir='ltr'><strong>se</strong></span> <span class='ocrx_word' id='word_1_159' title='bbox 596 1278 769 1350; x_wconf 87' lang='lat' dir='ltr'><strong>posteriores</strong></span> <span class='ocrx_word' id='word_1_160' title='bbox 783 1283 859 1341; x_wconf 91' lang='lat' dir='ltr'><strong>sunt,</strong></span> <span class='ocrx_word' id='word_1_161' title='bbox 872 1292 919 1332; x_wconf 91' lang='lat' dir='ltr'><strong>co·</strong></span> <span class='ocrx_word' id='word_1_162' title='bbox 974 1275 1119 1345; x_wconf 91' lang='lat' dir='ltr'><strong>quomodo</strong></span> <span class='ocrx_word' id='word_1_163' title='bbox 1140 1275 1217 1330; x_wconf 90' lang='lat' dir='ltr'><strong>istud</strong></span> <span class='ocrx_word' id='word_1_164' title='bbox 1238 1276 1335 1346; x_wconf 88' lang='lat' dir='ltr'><strong>pacari</strong></span> <span class='ocrx_word' id='word_1_165' title='bbox 1352 1276 1453 1346; x_wconf 88' lang='lat' dir='ltr'><strong>possit,</strong></span> <span class='ocrx_word' id='word_1_166' title='bbox 1472 1276 1583 1348; x_wconf 89' lang='lat' dir='ltr'><strong>ignoro.</strong></span> <span class='ocrx_word' id='word_1_167' title='bbox 1600 1280 1644 1334; x_wconf 89' lang='lat' dir='ltr'><strong>M.</strong></span> <span class='ocrx_word' id='word_1_168' title='bbox 1666 1280 1757 1336; x_wconf 85' lang='lat' dir='ltr'><strong>Etiam</strong></span> <span class='ocrx_word' id='word_1_169' title='bbox 1772 1281 1827 1337; x_wconf 88' lang='lat' dir='ltr'><strong>hoc</strong></span> 
     </span>
     <span class='ocr_line' id='line_1_13' title="bbox 66 1362 1823 1438; baseline 0.002 -18"><span class='ocrx_word' id='word_1_170' title='bbox 66 1365 165 1436; x_wconf 86' lang='lat' dir='ltr'><strong>putari</strong></span> <span class='ocrx_word' id='word_1_171' title='bbox 184 1366 239 1420; x_wconf 92' lang='lat' dir='ltr'><strong>sihi</strong></span> <span class='ocrx_word' id='word_1_172' title='bbox 263 1366 421 1437; x_wconf 88' lang='lat' dir='ltr'><strong>patiuntur,</strong></span> <span class='ocrx_word' id='word_1_173' title='bbox 450 1367 490 1421; x_wconf 89' lang='lat' dir='ltr'><strong>ita</strong></span> <span class='ocrx_word' id='word_1_174' title='bbox 518 1371 552 1422; x_wconf 92' lang='lat' dir='ltr'><strong>ut</strong></span> <span class='ocrx_word' id='word_1_175' title='bbox 573 1366 701 1436; x_wconf 82' lang='lat' dir='ltr'><strong>rhythmi</strong></span> <span class='ocrx_word' id='word_1_176' title='bbox 720 1381 827 1421; x_wconf 90' lang='lat' dir='ltr'><strong>nornen</strong></span> <span class='ocrx_word' id='word_1_177' title='bbox 848 1364 920 1420; x_wconf 90' lang='lat' dir='ltr'><strong>obli·</strong></span> <span class='ocrx_word' id='word_1_178' title='bbox 974 1362 1055 1417; x_wconf 84' lang='lat' dir='ltr'><strong>facile</strong></span> <span class='ocrx_word' id='word_1_179' title='bbox 1071 1366 1122 1430; x_wconf 89' lang='lat' dir='ltr'><strong>est,</strong></span> <span class='ocrx_word' id='word_1_180' title='bbox 1147 1363 1170 1417; x_wconf 91' lang='lat' dir='ltr'><strong>si</strong></span> <span class='ocrx_word' id='word_1_181' title='bbox 1185 1367 1213 1418; x_wconf 89' lang='lat' dir='ltr'><strong>te</strong></span> <span class='ocrx_word' id='word_1_182' title='bbox 1234 1363 1330 1435; x_wconf 92' lang='lat' dir='ltr'><strong>ipsum</strong></span> <span class='ocrx_word' id='word_1_183' title='bbox 1344 1380 1460 1419; x_wconf 88' lang='lat' dir='ltr'><strong>rursum</strong></span> <span class='ocrx_word' id='word_1_184' title='bbox 1474 1364 1644 1438; x_wconf 88' lang='lat' dir='ltr'><strong>interroges,</strong></span> <span class='ocrx_word' id='word_1_185' title='bbox 1661 1371 1759 1424; x_wconf 90' lang='lat' dir='ltr'><strong>ulrum</strong></span> <span class='ocrx_word' id='word_1_186' title='bbox 1775 1387 1823 1424; x_wconf 89' lang='lat' dir='ltr'><strong>ra·</strong></span> 
     </span>
     <span class='ocr_line' id='line_1_14' title="bbox 67 1450 1824 1528; baseline 0.003 -21"><span class='ocrx_word' id='word_1_187' title='bbox 67 1457 168 1520; x_wconf 88' lang='lat' dir='ltr'><strong>neanl,</strong></span> <span class='ocrx_word' id='word_1_188' title='bbox 193 1452 304 1508; x_wconf 91' lang='lat' dir='ltr'><strong>etiamsi</strong></span> <span class='ocrx_word' id='word_1_189' title='bbox 324 1454 474 1520; x_wconf 87' lang='lat' dir='ltr'><strong>pauciores</strong></span> <span class='ocrx_word' id='word_1_190' title='bbox 502 1454 532 1508; x_wconf 91' lang='lat' dir='ltr'><strong>in</strong></span> <span class='ocrx_word' id='word_1_191' title='bbox 561 1470 593 1509; x_wconf 89' lang='lat' dir='ltr'><strong>ea</strong></span> <span class='ocrx_word' id='word_1_192' title='bbox 619 1454 692 1508; x_wconf 90' lang='lat' dir='ltr'><strong>serie</strong></span> <span class='ocrx_word' id='word_1_193' title='bbox 720 1456 917 1508; x_wconf 90' lang='lat' dir='ltr'><strong>numerentur.</strong></span> <span class='ocrx_word' id='word_1_194' title='bbox 974 1450 1147 1505; x_wconf 87' lang='lat' dir='ltr'><strong>tionabiliter</strong></span> <span class='ocrx_word' id='word_1_195' title='bbox 1160 1451 1235 1505; x_wconf 89' lang='lat' dir='ltr'><strong>inter</strong></span> <span class='ocrx_word' id='word_1_196' title='bbox 1249 1467 1301 1506; x_wconf 92' lang='lat' dir='ltr'><strong>nos</strong></span> <span class='ocrx_word' id='word_1_197' title='bbox 1318 1452 1404 1522; x_wconf 89' lang='lat' dir='ltr'><strong>paulo</strong></span> <span class='ocrx_word' id='word_1_198' title='bbox 1417 1455 1482 1506; x_wconf 91' lang='lat' dir='ltr'><strong>ante</strong></span> <span class='ocrx_word' id='word_1_199' title='bbox 1497 1452 1667 1522; x_wconf 88' lang='lat' dir='ltr'><strong>constiterit,</strong></span> <span class='ocrx_word' id='word_1_200' title='bbox 1681 1455 1745 1511; x_wconf 81' lang='lat' dir='ltr'><strong>idco</strong></span> <span class='ocrx_word' id='word_1_201' title='bbox 1759 1473 1824 1528; x_wconf 91' lang='lat' dir='ltr'><strong>pyr-</strong></span> 
     </span>
     <span class='ocr_line' id='line_1_15' title="bbox 69 1538 1823 1615; baseline 0.002 -19"><span class='ocrx_word' id='word_1_202' title='bbox 69 1542 130 1596; x_wconf 85' lang='lat' dir='ltr'><strong>lloc</strong></span> <span class='ocrx_word' id='word_1_203' title='bbox 144 1545 196 1608; x_wconf 89' lang='lat' dir='ltr'><strong>est,</strong></span> <span class='ocrx_word' id='word_1_204' title='bbox 216 1545 249 1597; x_wconf 90' lang='lat' dir='ltr'><strong>ut</strong></span> <span class='ocrx_word' id='word_1_205' title='bbox 271 1541 383 1614; x_wconf 90' lang='lat' dir='ltr'><strong>opinor,</strong></span> <span class='ocrx_word' id='word_1_206' title='bbox 408 1543 476 1597; x_wconf 86' lang='lat' dir='ltr'><strong>satis</strong></span> <span class='ocrx_word' id='word_1_207' title='bbox 492 1559 509 1598; x_wconf 88' lang='lat' dir='ltr'><strong>a</strong></span> <span class='ocrx_word' id='word_1_208' title='bbox 528 1559 574 1598; x_wconf 93' lang='lat' dir='ltr'><strong>me</strong></span> <span class='ocrx_word' id='word_1_209' title='bbox 593 1542 672 1613; x_wconf 89' lang='lat' dir='ltr'><strong>quod</strong></span> <span class='ocrx_word' id='word_1_210' title='bbox 685 1542 811 1610; x_wconf 81' lang='lat' dir='ltr'><strong>voluisti,</strong></span> <span class='ocrx_word' id='word_1_211' title='bbox 828 1541 918 1612; x_wconf 87' lang='lat' dir='ltr'><strong>expli·</strong></span> <span class='ocrx_word' id='word_1_212' title='bbox 974 1538 1128 1606; x_wconf 89' lang='lat' dir='ltr'><strong>rhichium,</strong></span> <span class='ocrx_word' id='word_1_213' title='bbox 1143 1543 1171 1595; x_wconf 91' lang='lat' dir='ltr'><strong>et</strong></span> <span class='ocrx_word' id='word_1_214' title='bbox 1185 1539 1471 1611; x_wconf 85' lang='lat' dir='ltr'><strong>proceleusmaticum</strong></span> <span class='ocrx_word' id='word_1_215' title='bbox 1484 1539 1586 1612; x_wconf 88' lang='lat' dir='ltr'><strong>plausu</strong></span> <span class='ocrx_word' id='word_1_216' title='bbox 1602 1541 1706 1597; x_wconf 88' lang='lat' dir='ltr'><strong>dehere</strong></span> <span class='ocrx_word' id='word_1_217' title='bbox 1718 1543 1823 1615; x_wconf 88' lang='lat' dir='ltr'><strong>dijudi-</strong></span> 
     </span>
     <span class='ocr_line' id='line_1_16' title="bbox 68 1625 1824 1702; baseline 0.003 -19"><span class='ocrx_word' id='word_1_218' title='bbox 68 1633 167 1684; x_wconf 91' lang='lat' dir='ltr'><strong>catum</strong></span> <span class='ocrx_word' id='word_1_219' title='bbox 182 1634 267 1702; x_wconf 89' lang='lat' dir='ltr'><strong>atque</strong></span> <span class='ocrx_word' id='word_1_220' title='bbox 291 1629 451 1701; x_wconf 89' lang='lat' dir='ltr'><strong>digestum:</strong></span> <span class='ocrx_word' id='word_1_221' title='bbox 476 1635 559 1686; x_wconf 91' lang='lat' dir='ltr'><strong>tuum</strong></span> <span class='ocrx_word' id='word_1_222' title='bbox 582 1632 700 1702; x_wconf 88' lang='lat' dir='ltr'><strong>estjam</strong></span> <span class='ocrx_word' id='word_1_223' title='bbox 722 1630 819 1687; x_wconf 88' lang='lat' dir='ltr'><strong>videre</strong></span> <span class='ocrx_word' id='word_1_224' title='bbox 841 1629 919 1702; x_wconf 90' lang='lat' dir='ltr'><strong>quod</strong></span> <span class='ocrx_word' id='word_1_225' title='bbox 974 1625 1033 1681; x_wconf 84' lang='lat' dir='ltr'><strong>cari</strong></span> <span class='ocrx_word' id='word_1_226' title='bbox 1046 1631 1132 1698; x_wconf 88' lang='lat' dir='ltr'><strong>atque</strong></span> <span class='ocrx_word' id='word_1_227' title='bbox 1149 1627 1282 1695; x_wconf 88' lang='lat' dir='ltr'><strong>discerni,</strong></span> <span class='ocrx_word' id='word_1_228' title='bbox 1299 1644 1335 1682; x_wconf 90' lang='lat' dir='ltr'><strong>ne</strong></span> <span class='ocrx_word' id='word_1_229' title='bbox 1352 1628 1389 1682; x_wconf 90' lang='lat' dir='ltr'><strong>sit</strong></span> <span class='ocrx_word' id='word_1_230' title='bbox 1403 1628 1478 1683; x_wconf 91' lang='lat' dir='ltr'><strong>ullus</strong></span> <span class='ocrx_word' id='word_1_231' title='bbox 1491 1644 1542 1700; x_wconf 89' lang='lat' dir='ltr'><strong>pes</strong></span> <span class='ocrx_word' id='word_1_232' title='bbox 1557 1629 1693 1700; x_wconf 73' lang='lat' dir='ltr'><strong>legitimae</strong></span> <span class='ocrx_word' id='word_1_233' title='bbox 1708 1631 1824 1687; x_wconf 86' lang='lat' dir='ltr'><strong>divisio·</strong></span> 
     </span>
     <span class='ocr_line' id='line_1_17' title="bbox 67 1713 1824 1786; baseline 0.002 -14"><span class='ocrx_word' id='word_1_234' title='bbox 67 1723 168 1774; x_wconf 89' lang='lat' dir='ltr'><strong>restat.</strong></span> <span class='ocrx_word' id='word_1_235' title='bbox 974 1713 1029 1780; x_wconf 88' lang='lat' dir='ltr'><strong>nis,</strong></span> <span class='ocrx_word' id='word_1_236' title='bbox 1056 1714 1106 1786; x_wconf 90' lang='lat' dir='ltr'><strong>qui</strong></span> <span class='ocrx_word' id='word_1_237' title='bbox 1129 1715 1297 1786; x_wconf 90' lang='lat' dir='ltr'><strong>rhythmum</strong></span> <span class='ocrx_word' id='word_1_238' title='bbox 1320 1732 1378 1771; x_wconf 90' lang='lat' dir='ltr'><strong>uon</strong></span> <span class='ocrx_word' id='word_1_239' title='bbox 1406 1715 1499 1781; x_wconf 87' lang='lat' dir='ltr'><strong>iaciat,</strong></span> <span class='ocrx_word' id='word_1_240' title='bbox 1530 1716 1560 1771; x_wconf 93' lang='lat' dir='ltr'><strong>id</strong></span> <span class='ocrx_word' id='word_1_241' title='bbox 1587 1722 1640 1784; x_wconf 88' lang='lat' dir='ltr'><strong>est,</strong></span> <span class='ocrx_word' id='word_1_242' title='bbox 1669 1723 1700 1774; x_wconf 89' lang='lat' dir='ltr'><strong>ut</strong></span> <span class='ocrx_word' id='word_1_243' title='bbox 1728 1736 1761 1774; x_wconf 87' lang='lat' dir='ltr'><strong>er</strong></span> <span class='ocrx_word' id='word_1_244' title='bbox 1791 1737 1824 1776; x_wconf 90' lang='lat' dir='ltr'><strong>eo</strong></span> 
     </span>
     <span class='ocr_line' id='line_1_18' title="bbox 69 1803 1824 1878; baseline 0.002 -17"><span class='ocrx_word' id='word_1_245' title='bbox 69 1806 185 1861; x_wconf 74' lang='lat' dir='ltr'>CAPUT</span> <span class='ocrx_word' id='word_1_246' title='bbox 200 1806 230 1860; x_wconf 88' lang='lat' dir='ltr'><strong>V.</strong></span> <span class='ocrx_word' id='word_1_247' title='bbox 246 1835 280 1846; x_wconf 96' lang='lat'>-</span> <span class='ocrx_word' id='word_1_248' title='bbox 298 1807 344 1861; x_wconf 81' lang='lat' dir='ltr'><strong>Aa</strong></span> <span class='ocrx_word' id='word_1_249' title='bbox 358 1808 415 1861; x_wconf 83' lang='lat' dir='ltr'><strong>siut</strong></span> <span class='ocrx_word' id='word_1_250' title='bbox 436 1807 517 1877; x_wconf 82' lang='lat' dir='ltr'><strong>pedes</strong></span> <span class='ocrx_word' id='word_1_251' title='bbox 540 1822 626 1878; x_wconf 84' lang='lat' dir='ltr'><strong>supro</strong></span> <span class='ocrx_word' id='word_1_252' title='bbox 648 1807 769 1876; x_wconf 79' lang='lat' dir='ltr'><strong>syllabus</strong></span> <span class='ocrx_word' id='word_1_253' title='bbox 790 1812 917 1876; x_wconf 83' lang='lat' dir='ltr'><strong>quotuor.</strong></span> <span class='ocrx_word' id='word_1_254' title='bbox 974 1803 1125 1873; x_wconf 91' lang='lat' dir='ltr'><strong>rhythmus</strong></span> <span class='ocrx_word' id='word_1_255' title='bbox 1139 1803 1313 1858; x_wconf 89' lang='lat' dir='ltr'><strong>nominetur.</strong></span> <span class='ocrx_word' id='word_1_256' title='bbox 1337 1804 1375 1858; x_wconf 87' lang='lat' dir='ltr'><strong>D.</strong></span> <span class='ocrx_word' id='word_1_257' title='bbox 1401 1805 1460 1859; x_wconf 85' lang='lat' dir='ltr'><strong>Hoc</strong></span> <span class='ocrx_word' id='word_1_258' title='bbox 1481 1820 1547 1859; x_wconf 82' lang='lat' dir='ltr'><strong>vero</strong></span> <span class='ocrx_word' id='word_1_259' title='bbox 1565 1805 1694 1874; x_wconf 91' lang='lat' dir='ltr'><strong>memini,</strong></span> <span class='ocrx_word' id='word_1_260' title='bbox 1718 1812 1747 1862; x_wconf 93' lang='lat' dir='ltr'><strong>et</strong></span> <span class='ocrx_word' id='word_1_261' title='bbox 1764 1824 1824 1865; x_wconf 90' lang='lat' dir='ltr'><strong>noa</strong></span> 
     </span>
    </p>

    <p class='ocr_par' dir='ltr' id='par_1_3' title="bbox 40 1889 1832 3994">
     <span class='ocr_line' id='line_1_19' title="bbox 107 1889 1822 1966; baseline 0.003 -22"><span class='ocrx_word' id='word_1_262' title='bbox 107 1897 150 1949; x_wconf 80' lang='lat' dir='ltr'><strong>ll.</strong></span> <span class='ocrx_word' id='word_1_263' title='bbox 170 1894 213 1949; x_wconf 88' lang='lat' dir='ltr'><strong>M.</strong></span> <span class='ocrx_word' id='word_1_264' title='bbox 239 1894 299 1947; x_wconf 83' lang='lat' dir='ltr'><strong>imo</strong></span> <span class='ocrx_word' id='word_1_265' title='bbox 327 1910 439 1949; x_wconf 83' lang='lat' dir='ltr'><strong>mecum</strong></span> <span class='ocrx_word' id='word_1_266' title='bbox 465 1895 553 1951; x_wconf 76' lang='lat' dir='ltr'><strong>etiam</strong></span> <span class='ocrx_word' id='word_1_267' title='bbox 579 1899 661 1951; x_wconf 79' lang='lat' dir='ltr'><strong>tuum</strong></span> <span class='ocrx_word' id='word_1_268' title='bbox 677 1899 705 1950; x_wconf 76' lang='lat'><strong>⁸:</strong></span> <span class='ocrx_word' id='word_1_269' title='bbox 734 1896 818 1951; x_wconf 78' lang='lat' dir='ltr'><strong>ambo</strong></span> <span class='ocrx_word' id='word_1_270' title='bbox 841 1895 918 1950; x_wconf 78' lang='lat' dir='ltr'><strong>enim</strong></span> <span class='ocrx_word' id='word_1_271' title='bbox 973 1889 1087 1945; x_wconf 86' lang='lat' dir='ltr'><strong>invenio</strong></span> <span class='ocrx_word' id='word_1_272' title='bbox 1109 1906 1160 1944; x_wconf 89' lang='lat' dir='ltr'><strong>cur</strong></span> <span class='ocrx_word' id='word_1_273' title='bbox 1181 1890 1253 1946; x_wconf 92' lang='lat' dir='ltr'><strong>mibi</strong></span> <span class='ocrx_word' id='word_1_274' title='bbox 1275 1890 1415 1963; x_wconf 86' lang='lat' dir='ltr'><strong>placuisse</strong></span> <span class='ocrx_word' id='word_1_275' title='bbox 1439 1891 1594 1963; x_wconf 87' lang='lat' dir='ltr'><strong>poeniteat:</strong></span> <span class='ocrx_word' id='word_1_276' title='bbox 1615 1893 1664 1948; x_wconf 89' lang='lat' dir='ltr'><strong>sed</strong></span> <span class='ocrx_word' id='word_1_277' title='bbox 1684 1910 1822 1966; x_wconf 86' lang='lat' dir='ltr'><strong>quorsum</strong></span> 
     </span>
     <span class='ocr_line' id='line_1_20' title="bbox 68 1978 1823 2056; baseline 0.003 -20"><span class='ocrx_word' id='word_1_278' title='bbox 68 1981 236 2053; x_wconf 76' lang='lat' dir='ltr'><strong>querimus.</strong></span> <span class='ocrx_word' id='word_1_279' title='bbox 256 1981 309 2036; x_wconf 91' lang='lat' dir='ltr'><strong>Sed</strong></span> <span class='ocrx_word' id='word_1_280' title='bbox 325 1982 393 2053; x_wconf 89' lang='lat' dir='ltr'><strong>quid</strong></span> <span class='ocrx_word' id='word_1_281' title='bbox 409 1984 526 2038; x_wconf 90' lang='lat' dir='ltr'><strong>taudem</strong></span> <span class='ocrx_word' id='word_1_282' title='bbox 540 1988 648 2039; x_wconf 87' lang='lat' dir='ltr'><strong>restare</strong></span> <span class='ocrx_word' id='word_1_283' title='bbox 666 1983 823 2052; x_wconf 87' lang='lat' dir='ltr'><strong>arbitraris,</strong></span> <span class='ocrx_word' id='word_1_284' title='bbox 839 1984 918 2056; x_wconf 91' lang='lat' dir='ltr'><strong>quod</strong></span> <span class='ocrx_word' id='word_1_285' title='bbox 973 1978 1051 2033; x_wconf 70' lang='lat'>1³18?</span> <span class='ocrx_word' id='word_1_286' title='bbox 1066 1980 1108 2033; x_wconf 84' lang='lat' dir='ltr'><strong>M·</strong></span> <span class='ocrx_word' id='word_1_287' title='bbox 1133 1979 1204 2044; x_wconf 66' lang='lat' dir='ltr'><strong>Quia</strong></span> <span class='ocrx_word' id='word_1_288' title='bbox 1219 1978 1326 2033; x_wconf 74' lang='lat' dir='ltr'><strong>scilicet</strong></span> <span class='ocrx_word' id='word_1_289' title='bbox 1346 1978 1377 2033; x_wconf 76' lang='lat' dir='ltr'><strong>hi</strong></span> <span class='ocrx_word' id='word_1_290' title='bbox 1396 1994 1496 2034; x_wconf 84' lang='lat' dir='ltr'><strong>omnes</strong></span> <span class='ocrx_word' id='word_1_291' title='bbox 1510 1980 1597 2051; x_wconf 74' lang='lat' dir='ltr'><strong>pedes</strong></span> <span class='ocrx_word' id='word_1_292' title='bbox 1616 1987 1823 2052; x_wconf 88' lang='lat' dir='ltr'><strong>quaternarum</strong></span> 
     </span>
     <span class='ocr_line' id='line_1_21' title="bbox 68 2066 1822 2139; baseline 0.003 -17"><span class='ocrx_word' id='word_1_293' title='bbox 68 2069 105 2123; x_wconf 90' lang='lat' dir='ltr'><strong>ad</strong></span> <span class='ocrx_word' id='word_1_294' title='bbox 115 2068 415 2139; x_wconf 84' lang='lat' dir='ltr'><strong>rhythmumattinet‘l</strong></span> <span class='ocrx_word' id='word_1_295' title='bbox 429 2070 530 2124; x_wconf 85' lang='lat' dir='ltr'><strong>Nonne</strong></span> <span class='ocrx_word' id='word_1_296' title='bbox 541 2070 612 2125; x_wconf 90' lang='lat' dir='ltr'><strong>illud</strong></span> <span class='ocrx_word' id='word_1_297' title='bbox 622 2069 863 2125; x_wconf 88' lang='lat' dir='ltr'><strong>considerandum</strong></span> <span class='ocrx_word' id='word_1_298' title='bbox 877 2072 921 2125; x_wconf 89' lang='lat' dir='ltr'><strong>est</strong></span> <span class='ocrx_word' id='word_1_299' title='bbox 974 2066 1283 2138; x_wconf 84' lang='lat' dir='ltr'><strong>syllabarum,e1cepto</strong></span> <span class='ocrx_word' id='word_1_300' title='bbox 1298 2067 1513 2138; x_wconf 83' lang='lat' dir='ltr'><strong>amphibracho,</strong></span> <span class='ocrx_word' id='word_1_301' title='bbox 1526 2067 1691 2139; x_wconf 90' lang='lat' dir='ltr'><strong>rhythmum</strong></span> <span class='ocrx_word' id='word_1_302' title='bbox 1702 2071 1822 2139; x_wconf 85' lang='lat' dir='ltr'><strong>iaciunt,</strong></span> 
     </span>
     <span class='ocr_line' id='line_1_22' title="bbox 70 2154 1821 2230; baseline 0.002 -20"><span class='ocrx_word' id='word_1_303' title='bbox 70 2161 168 2211; x_wconf 89' lang='lat' dir='ltr'><strong>utrum</strong></span> <span class='ocrx_word' id='word_1_304' title='bbox 184 2158 280 2228; x_wconf 89' lang='lat' dir='ltr'><strong>aliqua</strong></span> <span class='ocrx_word' id='word_1_305' title='bbox 301 2156 441 2212; x_wconf 89' lang='lat' dir='ltr'><strong>dimensio</strong></span> <span class='ocrx_word' id='word_1_306' title='bbox 460 2158 552 2229; x_wconf 89' lang='lat' dir='ltr'><strong>pedis,</strong></span> <span class='ocrx_word' id='word_1_307' title='bbox 567 2159 697 2230; x_wconf 86' lang='lat' dir='ltr'><strong>quamvis</strong></span> <span class='ocrx_word' id='word_1_308' title='bbox 711 2163 775 2214; x_wconf 87' lang='lat' dir='ltr'><strong>octo</strong></span> <span class='ocrx_word' id='word_1_309' title='bbox 789 2163 920 2230; x_wconf 87' lang='lat' dir='ltr'><strong>ternpore</strong></span> <span class='ocrx_word' id='word_1_310' title='bbox 974 2154 1070 2220; x_wconf 89' lang='lat' dir='ltr'><strong>idest,</strong></span> <span class='ocrx_word' id='word_1_311' title='bbox 1093 2154 1287 2226; x_wconf 88' lang='lat' dir='ltr'><strong>principatum</strong></span> <span class='ocrx_word' id='word_1_312' title='bbox 1305 2154 1335 2209; x_wconf 94' lang='lat' dir='ltr'><strong>in</strong></span> <span class='ocrx_word' id='word_1_313' title='bbox 1356 2154 1488 2225; x_wconf 87' lang='lat' dir='ltr'><strong>rhythmo</strong></span> <span class='ocrx_word' id='word_1_314' title='bbox 1502 2158 1612 2224; x_wconf 91' lang='lat' dir='ltr'><strong>tenent,</strong></span> <span class='ocrx_word' id='word_1_315' title='bbox 1629 2172 1752 2229; x_wconf 89' lang='lat' dir='ltr'><strong>eumque</strong></span> <span class='ocrx_word' id='word_1_316' title='bbox 1767 2175 1821 2214; x_wconf 89' lang='lat' dir='ltr'><strong>usu</strong></span> 
     </span>
     <span class='ocr_line' id='line_1_23' title="bbox 70 2242 1822 2319; baseline 0.002 -20"><span class='ocrx_word' id='word_1_317' title='bbox 70 2260 130 2299; x_wconf 94' lang='lat' dir='ltr'><strong>non</strong></span> <span class='ocrx_word' id='word_1_318' title='bbox 145 2244 270 2319; x_wconf 85' lang='lat' dir='ltr'><strong>excedat,</strong></span> <span class='ocrx_word' id='word_1_319' title='bbox 286 2261 350 2316; x_wconf 79' lang='lat' dir='ltr'><strong>quse</strong></span> <span class='ocrx_word' id='word_1_320' title='bbox 365 2245 540 2316; x_wconf 87' lang='lat' dir='ltr'><strong>dispondeus</strong></span> <span class='ocrx_word' id='word_1_321' title='bbox 555 2247 674 2313; x_wconf 89' lang='lat' dir='ltr'><strong>obtinet,</strong></span> <span class='ocrx_word' id='word_1_322' title='bbox 690 2248 808 2302; x_wconf 82' lang='lat' dir='ltr'><strong>excedat</strong></span> <span class='ocrx_word' id='word_1_323' title='bbox 823 2251 920 2302; x_wconf 89' lang='lat' dir='ltr'><strong>lamen</strong></span> <span class='ocrx_word' id='word_1_324' title='bbox 975 2246 1002 2297; x_wconf 88' lang='lat' dir='ltr'><strong>et</strong></span> <span class='ocrx_word' id='word_1_325' title='bbox 1021 2242 1138 2297; x_wconf 90' lang='lat' dir='ltr'><strong>nomine</strong></span> <span class='ocrx_word' id='word_1_326' title='bbox 1152 2242 1298 2302; x_wconf 82' lang='lat' dir='ltr'><strong>afliciunt:</strong></span> <span class='ocrx_word' id='word_1_327' title='bbox 1321 2242 1364 2297; x_wconf 91' lang='lat' dir='ltr'><strong>illi</strong></span> <span class='ocrx_word' id='word_1_328' title='bbox 1385 2258 1451 2297; x_wconf 83' lang='lat' dir='ltr'><strong>vero</strong></span> <span class='ocrx_word' id='word_1_329' title='bbox 1474 2243 1524 2314; x_wconf 92' lang='lat' dir='ltr'><strong>qui</strong></span> <span class='ocrx_word' id='word_1_330' title='bbox 1537 2243 1635 2314; x_wconf 89' lang='lat' dir='ltr'><strong>plures</strong></span> <span class='ocrx_word' id='word_1_331' title='bbox 1650 2261 1737 2316; x_wconf 90' lang='lat' dir='ltr'><strong>quam</strong></span> <span class='ocrx_word' id='word_1_332' title='bbox 1751 2263 1822 2319; x_wconf 88' lang='lat' dir='ltr'><strong>qna-</strong></span> 
     </span>
     <span class='ocr_line' id='line_1_24' title="bbox 71 2329 1825 2407; baseline 0.002 -19"><span class='ocrx_word' id='word_1_333' title='bbox 71 2348 226 2388; x_wconf 91' lang='lat' dir='ltr'><strong>nnmerum</strong></span> <span class='ocrx_word' id='word_1_334' title='bbox 248 2337 372 2404; x_wconf 89' lang='lat' dir='ltr'><strong>quatuor</strong></span> <span class='ocrx_word' id='word_1_335' title='bbox 394 2334 589 2404; x_wconf 79' lang='lat' dir='ltr'><strong>syllabarum?</strong></span> <span class='ocrx_word' id='word_1_336' title='bbox 612 2335 650 2388; x_wconf 88' lang='lat' dir='ltr'><strong>D.</strong></span> <span class='ocrx_word' id='word_1_337' title='bbox 674 2335 776 2402; x_wconf 84' lang='lat' dir='ltr'><strong>Quare,</strong></span> <span class='ocrx_word' id='word_1_338' title='bbox 798 2335 920 2407; x_wconf 80' lang='lat' dir='ltr'><strong>quaesol</strong></span> <span class='ocrx_word' id='word_1_339' title='bbox 974 2334 1039 2386; x_wconf 92' lang='lat' dir='ltr'><strong>tuor</strong></span> <span class='ocrx_word' id='word_1_340' title='bbox 1053 2330 1173 2401; x_wconf 89' lang='lat' dir='ltr'><strong>syllabas</strong></span> <span class='ocrx_word' id='word_1_341' title='bbox 1197 2330 1311 2397; x_wconf 89' lang='lat' dir='ltr'><strong>habent,</strong></span> <span class='ocrx_word' id='word_1_342' title='bbox 1325 2329 1408 2384; x_wconf 88' lang='lat' dir='ltr'><strong>multi</strong></span> <span class='ocrx_word' id='word_1_343' title='bbox 1427 2329 1544 2401; x_wconf 89' lang='lat' dir='ltr'><strong>quidem</strong></span> <span class='ocrx_word' id='word_1_344' title='bbox 1556 2347 1609 2401; x_wconf 93' lang='lat' dir='ltr'><strong>pro</strong></span> <span class='ocrx_word' id='word_1_345' title='bbox 1622 2332 1666 2387; x_wconf 89' lang='lat' dir='ltr'><strong>his</strong></span> <span class='ocrx_word' id='word_1_346' title='bbox 1681 2334 1825 2406; x_wconf 89' lang='lat' dir='ltr'><strong>ponipos·</strong></span> 
     </span>
     <span class='ocr_line' id='line_1_25' title="bbox 40 2418 1822 2500; baseline 0.001 -25"><span class='ocrx_word' id='word_1_347' title='bbox 40 2492 44 2500; x_wconf 32' lang='grc' dir='ltr'>Ι</span> <span class='ocrx_word' id='word_1_348' title='bbox 70 2422 115 2475; x_wconf 88' lang='grc' dir='ltr'><strong>Μ.</strong></span> <span class='ocrx_word' id='word_1_349' title='bbox 135 2423 195 2476; x_wconf 91' lang='lat' dir='ltr'><strong>lmo</strong></span> <span class='ocrx_word' id='word_1_350' title='bbox 215 2425 255 2483; x_wconf 88' lang='lat' dir='ltr'><strong>tu,</strong></span> <span class='ocrx_word' id='word_1_351' title='bbox 278 2437 367 2492; x_wconf 89' lang='lat' dir='ltr'><strong>quare</strong></span> <span class='ocrx_word' id='word_1_352' title='bbox 387 2436 433 2476; x_wconf 90' lang='lat' dir='ltr'><strong>me</strong></span> <span class='ocrx_word' id='word_1_353' title='bbox 447 2421 544 2492; x_wconf 90' lang='lat' dir='ltr'><strong>potius</strong></span> <span class='ocrx_word' id='word_1_354' title='bbox 558 2438 646 2493; x_wconf 89' lang='lat' dir='ltr'><strong>quarn</strong></span> <span class='ocrx_word' id='word_1_355' title='bbox 665 2422 789 2494; x_wconf 90' lang='lat' dir='ltr'><strong>teipsum</strong></span> <span class='ocrx_word' id='word_1_356' title='bbox 813 2422 918 2493; x_wconf 82' lang='lat' dir='ltr'><strong>rogas?</strong></span> <span class='ocrx_word' id='word_1_357' title='bbox 974 2419 1059 2473; x_wconf 89' lang='lat' dir='ltr'><strong>sunt¹</strong></span> <span class='ocrx_word' id='word_1_358' title='bbox 1073 2434 1079 2485; x_wconf 93' lang='lat'>;</span> <span class='ocrx_word' id='word_1_359' title='bbox 1091 2419 1140 2473; x_wconf 92' lang='lat' dir='ltr'><strong>sed</strong></span> <span class='ocrx_word' id='word_1_360' title='bbox 1160 2418 1215 2491; x_wconf 91' lang='lat' dir='ltr'><strong>ipsi</strong></span> <span class='ocrx_word' id='word_1_361' title='bbox 1228 2434 1281 2489; x_wconf 90' lang='lat' dir='ltr'><strong>per</strong></span> <span class='ocrx_word' id='word_1_362' title='bbox 1299 2434 1328 2473; x_wconf 91' lang='lat' dir='ltr'><strong>se</strong></span> <span class='ocrx_word' id='word_1_363' title='bbox 1342 2419 1509 2490; x_wconf 88' lang='lat' dir='ltr'><strong>rhythmum</strong></span> <span class='ocrx_word' id='word_1_364' title='bbox 1525 2419 1628 2488; x_wconf 87' lang='lat' dir='ltr'><strong>lacere,</strong></span> <span class='ocrx_word' id='word_1_365' title='bbox 1644 2437 1677 2475; x_wconf 92' lang='lat' dir='ltr'><strong>ac</strong></span> <span class='ocrx_word' id='word_1_366' title='bbox 1692 2421 1822 2494; x_wconf 91' lang='lat' dir='ltr'><strong>rhythmi</strong></span> 
     </span>
     <span class='ocr_line' id='line_1_26' title="bbox 70 2505 1824 2582; baseline 0.003 -20"><span class='ocrx_word' id='word_1_367' title='bbox 70 2512 115 2562; x_wconf 81' lang='lat' dir='ltr'><strong>An</strong></span> <span class='ocrx_word' id='word_1_368' title='bbox 125 2509 179 2563; x_wconf 89' lang='lat' dir='ltr'><strong>tibi</strong></span> <span class='ocrx_word' id='word_1_369' title='bbox 193 2524 251 2563; x_wconf 89' lang='lat' dir='ltr'><strong>non</strong></span> <span class='ocrx_word' id='word_1_370' title='bbox 265 2509 377 2564; x_wconf 84' lang='lat' dir='ltr'><strong>videtur</strong></span> <span class='ocrx_word' id='word_1_371' title='bbox 386 2509 448 2564; x_wconf 89' lang='lat' dir='ltr'><strong>sine</strong></span> <span class='ocrx_word' id='word_1_372' title='bbox 457 2511 517 2565; x_wconf 89' lang='lat' dir='ltr'><strong>ulla</strong></span> <span class='ocrx_word' id='word_1_373' title='bbox 531 2510 630 2566; x_wconf 82' lang='lat' dir='ltr'><strong>fraude</strong></span> <span class='ocrx_word' id='word_1_374' title='bbox 642 2512 687 2565; x_wconf 88' lang='lat' dir='ltr'><strong>vel</strong></span> <span class='ocrx_word' id='word_1_375' title='bbox 698 2509 856 2567; x_wconf 83' lang='lat' dir='ltr'><strong>offensione</strong></span> <span class='ocrx_word' id='word_1_376' title='bbox 866 2527 919 2566; x_wconf 91' lang='lat' dir='ltr'><strong>au·</strong></span> <span class='ocrx_word' id='word_1_377' title='bbox 975 2522 1080 2561; x_wconf 79' lang='lat' dir='ltr'><strong>nomen</strong></span> <span class='ocrx_word' id='word_1_378' title='bbox 1093 2505 1223 2561; x_wconf 75' lang='lat' dir='ltr'><strong>obtinere</strong></span> <span class='ocrx_word' id='word_1_379' title='bbox 1242 2523 1298 2562; x_wconf 85' lang='lat'>11011</span> <span class='ocrx_word' id='word_1_380' title='bbox 1318 2511 1438 2579; x_wconf 79' lang='lat' dir='ltr'><strong>possunt</strong></span> <span class='ocrx_word' id='word_1_381' title='bbox 1451 2523 1457 2562; x_wconf 94' lang='lat'><strong>:</strong></span> <span class='ocrx_word' id='word_1_382' title='bbox 1474 2511 1502 2562; x_wconf 78' lang='lat' dir='ltr'><strong>et</strong></span> <span class='ocrx_word' id='word_1_383' title='bbox 1516 2507 1581 2563; x_wconf 78' lang='lat' dir='ltr'><strong>ideo</strong></span> <span class='ocrx_word' id='word_1_384' title='bbox 1596 2524 1633 2562; x_wconf 81' lang='lat' dir='ltr'><strong>ne</strong></span> <span class='ocrx_word' id='word_1_385' title='bbox 1653 2509 1742 2580; x_wconf 82' lang='lat' dir='ltr'><strong>pedes</strong></span> <span class='ocrx_word' id='word_1_386' title='bbox 1756 2510 1824 2582; x_wconf 89' lang='lat' dir='ltr'><strong>qui·</strong></span> 
     </span>
     <span class='ocr_line' id='line_1_27' title="bbox 69 2594 1822 2670; baseline 0.005 -19"><span class='ocrx_word' id='word_1_387' title='bbox 69 2596 159 2664; x_wconf 91' lang='lat' dir='ltr'><strong>rium,</strong></span> <span class='ocrx_word' id='word_1_388' title='bbox 175 2597 232 2651; x_wconf 84' lang='lat' dir='ltr'><strong>sive</strong></span> <span class='ocrx_word' id='word_1_389' title='bbox 248 2598 325 2669; x_wconf 90' lang='lat' dir='ltr'><strong>quod</strong></span> <span class='ocrx_word' id='word_1_390' title='bbox 339 2595 351 2632; x_wconf 77' lang='lat'>⁵</span> <span class='ocrx_word' id='word_1_391' title='bbox 371 2598 407 2652; x_wconf 89' lang='lat' dir='ltr'><strong>ad</strong></span> <span class='ocrx_word' id='word_1_392' title='bbox 421 2599 555 2669; x_wconf 88' lang='lat' dir='ltr'><strong>plausum</strong></span> <span class='ocrx_word' id='word_1_393' title='bbox 568 2614 600 2653; x_wconf 87' lang='lat' dir='ltr'><strong>ac</strong></span> <span class='ocrx_word' id='word_1_394' title='bbox 618 2598 788 2654; x_wconf 85' lang='lat' dir='ltr'><strong>divisionem</strong></span> <span class='ocrx_word' id='word_1_395' title='bbox 802 2599 919 2670; x_wconf 90' lang='lat' dir='ltr'><strong>pedum,</strong></span> <span class='ocrx_word' id='word_1_396' title='bbox 974 2594 1039 2649; x_wconf 87' lang='lat' dir='ltr'><strong>dem</strong></span> <span class='ocrx_word' id='word_1_397' title='bbox 1054 2594 1124 2649; x_wconf 89' lang='lat' dir='ltr'><strong>istos</strong></span> <span class='ocrx_word' id='word_1_398' title='bbox 1137 2594 1322 2666; x_wconf 87' lang='lat' dir='ltr'><strong>appellandos</strong></span> <span class='ocrx_word' id='word_1_399' title='bbox 1337 2595 1507 2666; x_wconf 81' lang='lat' dir='ltr'><strong>putaverim·</strong></span> <span class='ocrx_word' id='word_1_400' title='bbox 1523 2595 1715 2660; x_wconf 68' lang='lat' dir='ltr'><strong>Quamobrem</strong></span> <span class='ocrx_word' id='word_1_401' title='bbox 1734 2614 1822 2670; x_wconf 71' lang='lat' dir='ltr'><strong>repu-</strong></span> 
     </span>
     <span class='ocr_line' id='line_1_28' title="bbox 69 2682 1824 2758; baseline 0.002 -20"><span class='ocrx_word' id='word_1_402' title='bbox 69 2684 129 2739; x_wconf 82' lang='lat' dir='ltr'><strong>sive</strong></span> <span class='ocrx_word' id='word_1_403' title='bbox 153 2686 230 2756; x_wconf 92' lang='lat' dir='ltr'><strong>qnod</strong></span> <span class='ocrx_word' id='word_1_404' title='bbox 256 2685 292 2740; x_wconf 88' lang='lat' dir='ltr'><strong>ad</strong></span> <span class='ocrx_word' id='word_1_405' title='bbox 318 2685 443 2757; x_wconf 89' lang='lat' dir='ltr'><strong>spatium</strong></span> <span class='ocrx_word' id='word_1_406' title='bbox 468 2687 604 2756; x_wconf 88' lang='lat' dir='ltr'><strong>temporis</strong></span> <span class='ocrx_word' id='word_1_407' title='bbox 624 2687 758 2758; x_wconf 88' lang='lat' dir='ltr'><strong>pertinet,</strong></span> <span class='ocrx_word' id='word_1_408' title='bbox 783 2702 835 2757; x_wconf 92' lang='lat' dir='ltr'><strong>pro</strong></span> <span class='ocrx_word' id='word_1_409' title='bbox 863 2703 920 2742; x_wconf 83' lang='lat' dir='ltr'><strong>una</strong></span> <span class='ocrx_word' id='word_1_410' title='bbox 974 2682 1230 2754; x_wconf 80' lang='lat' dir='ltr'><strong>gnenuaillaque</strong></span> <span class='ocrx_word' id='word_1_411' title='bbox 1244 2683 1693 2755; x_wconf 82' lang='lat' dir='ltr'><strong>uosmovebal,jam,utopinor,</strong></span> <span class='ocrx_word' id='word_1_412' title='bbox 1707 2702 1824 2758; x_wconf 88' lang='lat' dir='ltr'><strong>compo·</strong></span> 
     </span>
     <span class='ocr_line' id='line_1_29' title="bbox 69 2769 1824 2846; baseline 0 -18"><span class='ocrx_word' id='word_1_413' title='bbox 69 2775 157 2844; x_wconf 89' lang='lat' dir='ltr'><strong>longa</strong></span> <span class='ocrx_word' id='word_1_414' title='bbox 170 2773 277 2845; x_wconf 85' lang='lat' dir='ltr'><strong>syllaba</strong></span> <span class='ocrx_word' id='word_1_415' title='bbox 300 2775 370 2828; x_wconf 89' lang='lat' dir='ltr'><strong>duas</strong></span> <span class='ocrx_word' id='word_1_416' title='bbox 392 2790 476 2846; x_wconf 91' lang='lat' dir='ltr'><strong>posse</strong></span> <span class='ocrx_word' id='word_1_417' title='bbox 492 2774 563 2846; x_wconf 90' lang='lat' dir='ltr'><strong>poni</strong></span> <span class='ocrx_word' id='word_1_418' title='bbox 578 2774 700 2830; x_wconf 72' lang='lat' dir='ltr'><strong>brevest</strong></span> <span class='ocrx_word' id='word_1_419' title='bbox 722 2776 760 2830; x_wconf 93' lang='lat' dir='ltr'><strong>D.</strong></span> <span class='ocrx_word' id='word_1_420' title='bbox 782 2775 851 2841; x_wconf 81' lang='lat' dir='ltr'><strong>Quis</strong></span> <span class='ocrx_word' id='word_1_421' title='bbox 866 2776 920 2831; x_wconf 82' lang='lat' dir='ltr'><strong>hoc</strong></span> <span class='ocrx_word' id='word_1_422' title='bbox 974 2769 1029 2824; x_wconf 88' lang='lat' dir='ltr'><strong>sita</strong></span> <span class='ocrx_word' id='word_1_423' title='bbox 1061 2775 1104 2825; x_wconf 90' lang='lat' dir='ltr'><strong>cst</strong></span> <span class='ocrx_word' id='word_1_424' title='bbox 1132 2774 1160 2826; x_wconf 91' lang='lat' dir='ltr'><strong>et</strong></span> <span class='ocrx_word' id='word_1_425' title='bbox 1188 2771 1291 2842; x_wconf 90' lang='lat' dir='ltr'><strong>sopita,</strong></span> <span class='ocrx_word' id='word_1_426' title='bbox 1320 2771 1555 2842; x_wconf 88' lang='lat' dir='ltr'><strong>quandoquidem</strong></span> <span class='ocrx_word' id='word_1_427' title='bbox 1579 2771 1646 2826; x_wconf 88' lang='lat' dir='ltr'><strong>licet</strong></span> <span class='ocrx_word' id='word_1_428' title='bbox 1673 2776 1701 2826; x_wconf 96' lang='lat' dir='ltr'><strong>et</strong></span> <span class='ocrx_word' id='word_1_429' title='bbox 1726 2773 1824 2843; x_wconf 87' lang='lat' dir='ltr'><strong>plures</strong></span> 
     </span>
     <span class='ocr_line' id='line_1_30' title="bbox 68 2857 1822 2935; baseline -0.001 -18"><span class='ocrx_word' id='word_1_430' title='bbox 68 2862 242 2934; x_wconf 73' lang='lat' dir='ltr'><strong>negaverit?</strong></span> <span class='ocrx_word' id='word_1_431' title='bbox 254 2863 297 2917; x_wconf 90' lang='lat' dir='ltr'><strong>M.</strong></span> <span class='ocrx_word' id='word_1_432' title='bbox 311 2863 460 2934; x_wconf 85' lang='lat' dir='ltr'><strong>llincergo</strong></span> <span class='ocrx_word' id='word_1_433' title='bbox 472 2866 514 2917; x_wconf 90' lang='lat' dir='ltr'><strong>est</strong></span> <span class='ocrx_word' id='word_1_434' title='bbox 526 2863 602 2934; x_wconf 91' lang='lat' dir='ltr'><strong>quod</strong></span> <span class='ocrx_word' id='word_1_435' title='bbox 618 2880 670 2935; x_wconf 90' lang='lat' dir='ltr'><strong>pro</strong></span> <span class='ocrx_word' id='word_1_436' title='bbox 683 2863 779 2919; x_wconf 86' lang='lat' dir='ltr'><strong>iambo</strong></span> <span class='ocrx_word' id='word_1_437' title='bbox 794 2865 838 2919; x_wconf 83' lang='lat' dir='ltr'><strong>vel</strong></span> <span class='ocrx_word' id='word_1_438' title='bbox 852 2865 919 2919; x_wconf 91' lang='lat' dir='ltr'><strong>cho·</strong></span> <span class='ocrx_word' id='word_1_439' title='bbox 974 2857 1097 2928; x_wconf 79' lang='lat' dir='ltr'><strong>syllabas</strong></span> <span class='ocrx_word' id='word_1_440' title='bbox 1111 2874 1199 2930; x_wconf 60' lang='lat' dir='ltr'><strong>wem</strong></span> <span class='ocrx_word' id='word_1_441' title='bbox 1221 2863 1346 2929; x_wconf 85' lang='lat' dir='ltr'><strong>quatuor</strong></span> <span class='ocrx_word' id='word_1_442' title='bbox 1364 2875 1416 2930; x_wconf 93' lang='lat' dir='ltr'><strong>pro</strong></span> <span class='ocrx_word' id='word_1_443' title='bbox 1437 2858 1535 2929; x_wconf 85' lang='lat' dir='ltr'><strong>aliquo</strong></span> <span class='ocrx_word' id='word_1_444' title='bbox 1559 2859 1632 2929; x_wconf 89' lang='lat' dir='ltr'><strong>pede</strong></span> <span class='ocrx_word' id='word_1_445' title='bbox 1654 2876 1775 2931; x_wconf 87' lang='lat' dir='ltr'><strong>ponere,</strong></span> <span class='ocrx_word' id='word_1_446' title='bbox 1793 2864 1822 2916; x_wconf 90' lang='lat' dir='ltr'><strong>et</strong></span> 
     </span>
     <span class='ocr_line' id='line_1_31' title="bbox 69 2946 1824 3025; baseline -0.003 -19"><span class='ocrx_word' id='word_1_447' title='bbox 69 2951 114 3006; x_wconf 91' lang='lat' dir='ltr'><strong>rio</strong></span> <span class='ocrx_word' id='word_1_448' title='bbox 128 2951 305 3006; x_wconf 88' lang='lat' dir='ltr'><strong>tribrachum</strong></span> <span class='ocrx_word' id='word_1_449' title='bbox 320 2952 467 3022; x_wconf 91' lang='lat' dir='ltr'><strong>ponimus,</strong></span> <span class='ocrx_word' id='word_1_450' title='bbox 477 2956 505 3007; x_wconf 90' lang='lat' dir='ltr'><strong>et</strong></span> <span class='ocrx_word' id='word_1_451' title='bbox 516 2968 569 3024; x_wconf 90' lang='lat' dir='ltr'><strong>pro</strong></span> <span class='ocrx_word' id='word_1_452' title='bbox 580 2952 706 3023; x_wconf 90' lang='lat' dir='ltr'><strong>spondeo</strong></span> <span class='ocrx_word' id='word_1_453' title='bbox 721 2953 864 3025; x_wconf 88' lang='lat' dir='ltr'><strong>dactylum</strong></span> <span class='ocrx_word' id='word_1_454' title='bbox 874 2953 918 3008; x_wconf 86' lang='lat' dir='ltr'><strong>rel</strong></span> <span class='ocrx_word' id='word_1_455' title='bbox 974 2946 1077 3017; x_wconf 73' lang='lat' dir='ltr'><strong>pedem</strong></span> <span class='ocrx_word' id='word_1_456' title='bbox 1093 2950 1190 3001; x_wconf 76' lang='lat' dir='ltr'><strong>tamen</strong></span> <span class='ocrx_word' id='word_1_457' title='bbox 1207 2963 1265 3002; x_wconf 89' lang='lat' dir='ltr'><strong>non</strong></span> <span class='ocrx_word' id='word_1_458' title='bbox 1281 2947 1434 3018; x_wconf 86' lang='lat' dir='ltr'><strong>appellare,</strong></span> <span class='ocrx_word' id='word_1_459' title='bbox 1450 2946 1507 3002; x_wconf 91' lang='lat' dir='ltr'><strong>nisi</strong></span> <span class='ocrx_word' id='word_1_460' title='bbox 1518 2962 1585 3001; x_wconf 89' lang='lat' dir='ltr'><strong>eum</strong></span> <span class='ocrx_word' id='word_1_461' title='bbox 1600 2963 1657 3019; x_wconf 90' lang='lat' dir='ltr'><strong>quo</strong></span> <span class='ocrx_word' id='word_1_462' title='bbox 1672 2946 1824 3019; x_wconf 90' lang='lat' dir='ltr'><strong>rhythmus</strong></span> 
     </span>
     <span class='ocr_line' id='line_1_32' title="bbox 67 3035 1825 3112; baseline -0.001 -19"><span class='ocrx_word' id='word_1_463' title='bbox 67 3043 247 3109; x_wconf 80' lang='lat' dir='ltr'><strong>anapestum</strong></span> <span class='ocrx_word' id='word_1_464' title='bbox 266 3039 310 3093; x_wconf 90' lang='lat' dir='ltr'><strong>vel</strong></span> <span class='ocrx_word' id='word_1_465' title='bbox 332 3039 631 3111; x_wconf 87' lang='lat' dir='ltr'><strong>proceleusmaticum,</strong></span> <span class='ocrx_word' id='word_1_466' title='bbox 652 3056 718 3096; x_wconf 89' lang='lat' dir='ltr'><strong>cum</strong></span> <span class='ocrx_word' id='word_1_467' title='bbox 737 3040 782 3095; x_wconf 81' lang='lat' dir='ltr'><strong>rel</strong></span> <span class='ocrx_word' id='word_1_468' title='bbox 805 3057 858 3112; x_wconf 91' lang='lat' dir='ltr'><strong>pro</strong></span> <span class='ocrx_word' id='word_1_469' title='bbox 879 3056 920 3095; x_wconf 87' lang='lat' dir='ltr'><strong>se-</strong></span> <span class='ocrx_word' id='word_1_470' title='bbox 974 3035 1123 3090; x_wconf 85' lang='lat' dir='ltr'><strong>elliciatur.</strong></span> <span class='ocrx_word' id='word_1_471' title='bbox 1140 3035 1296 3106; x_wconf 87' lang='lat' dir='ltr'><strong>Oportebat</strong></span> <span class='ocrx_word' id='word_1_472' title='bbox 1307 3036 1386 3092; x_wconf 87' lang='lat' dir='ltr'><strong>enim</strong></span> <span class='ocrx_word' id='word_1_473' title='bbox 1397 3035 1467 3107; x_wconf 90' lang='lat' dir='ltr'><strong>pedi</strong></span> <span class='ocrx_word' id='word_1_474' title='bbox 1475 3035 1611 3091; x_wconf 87' lang='lat' dir='ltr'><strong>constitui</strong></span> <span class='ocrx_word' id='word_1_475' title='bbox 1620 3036 1746 3107; x_wconf 88' lang='lat' dir='ltr'><strong>aliquem</strong></span> <span class='ocrx_word' id='word_1_476' title='bbox 1760 3052 1825 3091; x_wconf 92' lang='lat' dir='ltr'><strong>mo-</strong></span> 
     </span>
     <span class='ocr_line' id='line_1_33' title="bbox 68 3119 1832 3199; baseline 0 -19"><span class='ocrx_word' id='word_1_477' title='bbox 68 3126 163 3181; x_wconf 89' lang='lat' dir='ltr'><strong>cunda</strong></span> <span class='ocrx_word' id='word_1_478' title='bbox 177 3128 249 3198; x_wconf 87' lang='lat' dir='ltr'><strong>ejus,</strong></span> <span class='ocrx_word' id='word_1_479' title='bbox 269 3128 312 3181; x_wconf 85' lang='lat' dir='ltr'><strong>rel</strong></span> <span class='ocrx_word' id='word_1_480' title='bbox 327 3142 381 3198; x_wconf 91' lang='lat' dir='ltr'><strong>pro</strong></span> <span class='ocrx_word' id='word_1_481' title='bbox 402 3126 496 3199; x_wconf 88' lang='lat' dir='ltr'><strong>prima</strong></span> <span class='ocrx_word' id='word_1_482' title='bbox 515 3128 586 3182; x_wconf 88' lang='lat' dir='ltr'><strong>duas</strong></span> <span class='ocrx_word' id='word_1_483' title='bbox 600 3129 699 3183; x_wconf 86' lang='lat' dir='ltr'><strong>breves</strong></span> <span class='ocrx_word' id='word_1_484' title='bbox 711 3128 857 3199; x_wconf 87' lang='lat' dir='ltr'><strong>ponimus,</strong></span> <span class='ocrx_word' id='word_1_485' title='bbox 874 3130 920 3184; x_wconf 84' lang='lat' dir='ltr'><strong>rel</strong></span> <span class='ocrx_word' id='word_1_486' title='bbox 975 3124 1045 3179; x_wconf 90' lang='lat' dir='ltr'><strong>dum</strong></span> <span class='ocrx_word' id='word_1_487' title='bbox 1060 3123 1268 3196; x_wconf 79' lang='lat' dir='ltr'><strong>progressionis</strong></span> <span class='ocrx_word' id='word_1_488' title='bbox 1288 3124 1319 3179; x_wconf 92' lang='lat' dir='ltr'><strong>in</strong></span> <span class='ocrx_word' id='word_1_489' title='bbox 1341 3123 1464 3196; x_wconf 87' lang='lat' dir='ltr'><strong>syllabis.</strong></span> <span class='ocrx_word' id='word_1_490' title='bbox 1484 3125 1511 3179; x_wconf 87' lang='lat' dir='ltr'><strong>ls</strong></span> <span class='ocrx_word' id='word_1_491' title='bbox 1525 3127 1621 3179; x_wconf 88' lang='lat' dir='ltr'><strong>autem</strong></span> <span class='ocrx_word' id='word_1_492' title='bbox 1635 3124 1738 3179; x_wconf 91' lang='lat' dir='ltr'><strong>modus</strong></span> <span class='ocrx_word' id='word_1_493' title='bbox 1756 3119 1832 3181; x_wconf 81' lang='lat' dir='ltr'><strong>con·&#39;</strong></span> 
     </span>
     <span class='ocr_line' id='line_1_34' title="bbox 67 3211 1821 3286; baseline -0.001 -17"><span class='ocrx_word' id='word_1_494' title='bbox 67 3219 194 3284; x_wconf 86' lang='lat' dir='ltr'><strong>quatuor</strong></span> <span class='ocrx_word' id='word_1_495' title='bbox 203 3230 256 3286; x_wconf 92' lang='lat' dir='ltr'><strong>pro</strong></span> <span class='ocrx_word' id='word_1_496' title='bbox 269 3217 401 3286; x_wconf 88' lang='lat' dir='ltr'><strong>utroque.</strong></span> <span class='ocrx_word' id='word_1_497' title='bbox 416 3216 454 3270; x_wconf 87' lang='lat' dir='ltr'><strong>D.</strong></span> <span class='ocrx_word' id='word_1_498' title='bbox 470 3215 626 3271; x_wconf 81' lang='lat' dir='ltr'><strong>Assentior.</strong></span> <span class='ocrx_word' id='word_1_499' title='bbox 642 3217 684 3271; x_wconf 92' lang='lat' dir='ltr'><strong>M.</strong></span> <span class='ocrx_word' id='word_1_500' title='bbox 700 3217 754 3271; x_wconf 90' lang='lat' dir='ltr'><strong>Fac</strong></span> <span class='ocrx_word' id='word_1_501' title='bbox 764 3216 851 3286; x_wconf 85' lang='lat' dir='ltr'><strong>igitur</strong></span> <span class='ocrx_word' id='word_1_502' title='bbox 866 3218 920 3273; x_wconf 82' lang='lat' dir='ltr'><strong>hoe</strong></span> <span class='ocrx_word' id='word_1_503' title='bbox 975 3211 1055 3267; x_wconf 89' lang='lat' dir='ltr'><strong>stitui</strong></span> <span class='ocrx_word' id='word_1_504' title='bbox 1070 3212 1177 3283; x_wconf 90' lang='lat' dir='ltr'><strong>optime</strong></span> <span class='ocrx_word' id='word_1_505' title='bbox 1192 3211 1294 3285; x_wconf 91' lang='lat' dir='ltr'><strong>potuit,</strong></span> <span class='ocrx_word' id='word_1_506' title='bbox 1314 3211 1364 3284; x_wconf 91' lang='lat' dir='ltr'><strong>qui</strong></span> <span class='ocrx_word' id='word_1_507' title='bbox 1380 3211 1415 3267; x_wconf 90' lang='lat' dir='ltr'><strong>de</strong></span> <span class='ocrx_word' id='word_1_508' title='bbox 1429 3211 1492 3282; x_wconf 94' lang='lat' dir='ltr'><strong>ipso</strong></span> <span class='ocrx_word' id='word_1_509' title='bbox 1507 3228 1694 3268; x_wconf 89' lang='lat' dir='ltr'><strong>numerorum</strong></span> <span class='ocrx_word' id='word_1_510' title='bbox 1710 3212 1821 3268; x_wconf 88' lang='lat' dir='ltr'><strong>ratione</strong></span> 
     </span>
     <span class='ocr_line' id='line_1_35' title="bbox 66 3300 1825 3376; baseline 0 -19"><span class='ocrx_word' id='word_1_511' title='bbox 66 3303 147 3358; x_wconf 90' lang='lat' dir='ltr'><strong>idem</strong></span> <span class='ocrx_word' id='word_1_512' title='bbox 165 3302 195 3356; x_wconf 94' lang='lat' dir='ltr'><strong>in</strong></span> <span class='ocrx_word' id='word_1_513' title='bbox 210 3301 304 3358; x_wconf 90' lang='lat' dir='ltr'><strong>ionico</strong></span> <span class='ocrx_word' id='word_1_514' title='bbox 319 3303 458 3375; x_wconf 90' lang='lat' dir='ltr'><strong>quolibet,</strong></span> <span class='ocrx_word' id='word_1_515' title='bbox 473 3304 517 3358; x_wconf 79' lang='lat' dir='ltr'><strong>vel</strong></span> <span class='ocrx_word' id='word_1_516' title='bbox 533 3304 589 3359; x_wconf 90' lang='lat' dir='ltr'><strong>alio</strong></span> <span class='ocrx_word' id='word_1_517' title='bbox 606 3304 743 3376; x_wconf 89' lang='lat' dir='ltr'><strong>quopiam</strong></span> <span class='ocrx_word' id='word_1_518' title='bbox 759 3304 920 3376; x_wconf 91' lang='lat' dir='ltr'><strong>quadrisyl-</strong></span> <span class='ocrx_word' id='word_1_519' title='bbox 974 3301 1129 3355; x_wconf 86' lang='lat' dir='ltr'><strong>translatus</strong></span> <span class='ocrx_word' id='word_1_520' title='bbox 1148 3301 1179 3356; x_wconf 89' lang='lat' dir='ltr'><strong>in</strong></span> <span class='ocrx_word' id='word_1_521' title='bbox 1199 3300 1383 3372; x_wconf 85' lang='lat' dir='ltr'><strong>quaternario</strong></span> <span class='ocrx_word' id='word_1_522' title='bbox 1403 3300 1540 3356; x_wconf 86' lang='lat' dir='ltr'><strong>constitit.</strong></span> <span class='ocrx_word' id='word_1_523' title='bbox 1560 3302 1659 3373; x_wconf 85' lang='lat' dir='ltr'><strong>ltaque</strong></span> <span class='ocrx_word' id='word_1_524' title='bbox 1673 3302 1825 3374; x_wconf 88' lang='lat' dir='ltr'><strong>longarum</strong></span> 
     </span>
     <span class='ocr_line' id='line_1_36' title="bbox 67 3388 1822 3463; baseline -0.001 -17"><span class='ocrx_word' id='word_1_525' title='bbox 67 3389 136 3446; x_wconf 91' lang='lat' dir='ltr'><strong>labo</strong></span> <span class='ocrx_word' id='word_1_526' title='bbox 146 3404 195 3443; x_wconf 84' lang='lat' dir='ltr'><strong>sax</strong></span> <span class='ocrx_word' id='word_1_527' title='bbox 205 3393 370 3459; x_wconf 89' lang='lat' dir='ltr'><strong>temporum</strong></span> <span class='ocrx_word' id='word_1_528' title='bbox 385 3390 469 3460; x_wconf 91' lang='lat' dir='ltr'><strong>pede,</strong></span> <span class='ocrx_word' id='word_1_529' title='bbox 485 3394 513 3444; x_wconf 89' lang='lat' dir='ltr'><strong>et</strong></span> <span class='ocrx_word' id='word_1_530' title='bbox 527 3406 580 3461; x_wconf 91' lang='lat' dir='ltr'><strong>pro</strong></span> <span class='ocrx_word' id='word_1_531' title='bbox 593 3406 653 3446; x_wconf 88' lang='lat' dir='ltr'><strong>una</strong></span> <span class='ocrx_word' id='word_1_532' title='bbox 663 3392 723 3462; x_wconf 87' lang='lat' dir='ltr'><strong>ejus</strong></span> <span class='ocrx_word' id='word_1_533' title='bbox 738 3406 920 3463; x_wconf 88' lang='lat' dir='ltr'><strong>quacumque</strong></span> <span class='ocrx_word' id='word_1_534' title='bbox 974 3388 1148 3459; x_wconf 87' lang='lat' dir='ltr'><strong>syllabarum</strong></span> <span class='ocrx_word' id='word_1_535' title='bbox 1170 3393 1294 3462; x_wconf 85' lang='lat' dir='ltr'><strong>quatuor</strong></span> <span class='ocrx_word' id='word_1_536' title='bbox 1307 3405 1357 3461; x_wconf 90' lang='lat' dir='ltr'><strong>pes</strong></span> <span class='ocrx_word' id='word_1_537' title='bbox 1372 3404 1432 3444; x_wconf 90' lang='lat' dir='ltr'><strong>esse</strong></span> <span class='ocrx_word' id='word_1_538' title='bbox 1447 3388 1552 3460; x_wconf 86' lang='lat' dir='ltr'><strong>potuit.</strong></span> <span class='ocrx_word' id='word_1_539' title='bbox 1570 3390 1641 3445; x_wconf 84' lang='lat' dir='ltr'><strong>Cum</strong></span> <span class='ocrx_word' id='word_1_540' title='bbox 1656 3394 1753 3445; x_wconf 86' lang='lat' dir='ltr'><strong>antem</strong></span> <span class='ocrx_word' id='word_1_541' title='bbox 1768 3405 1822 3460; x_wconf 91' lang='lat' dir='ltr'><strong>pro</strong></span> 
     </span>
     <span class='ocr_line' id='line_1_37' title="bbox 68 3475 1825 3557; baseline -0.001 -25"><span class='ocrx_word' id='word_1_542' title='bbox 68 3478 158 3557; x_wconf 81' lang='lat' dir='ltr'><strong>longa</strong></span> <span class='ocrx_word' id='word_1_543' title='bbox 174 3477 244 3532; x_wconf 89' lang='lat' dir='ltr'><strong>duas</strong></span> <span class='ocrx_word' id='word_1_544' title='bbox 258 3478 359 3533; x_wconf 83' lang='lat' dir='ltr'><strong>breves</strong></span> <span class='ocrx_word' id='word_1_545' title='bbox 379 3477 551 3534; x_wconf 67' lang='lat' dir='ltr'><strong>constituet.</strong></span> <span class='ocrx_word' id='word_1_546' title='bbox 565 3480 640 3533; x_wconf 87' lang='lat' dir='ltr'><strong>Num</strong></span> <span class='ocrx_word' id='word_1_547' title='bbox 658 3479 816 3550; x_wconf 88' lang='lat' dir='ltr'><strong>quidquam</strong></span> <span class='ocrx_word' id='word_1_548' title='bbox 837 3495 919 3534; x_wconf 89' lang='lat' dir='ltr'><strong>men·</strong></span> <span class='ocrx_word' id='word_1_549' title='bbox 975 3492 1009 3531; x_wconf 89' lang='lat' dir='ltr'><strong>eo</strong></span> <span class='ocrx_word' id='word_1_550' title='bbox 1023 3477 1124 3533; x_wconf 85' lang='lat' dir='ltr'><strong>breves</strong></span> <span class='ocrx_word' id='word_1_551' title='bbox 1139 3484 1201 3532; x_wconf 89' lang='lat' dir='ltr'><strong>octo</strong></span> <span class='ocrx_word' id='word_1_552' title='bbox 1222 3477 1432 3544; x_wconf 83' lang='lat' dir='ltr'><strong>constituimus,</strong></span> <span class='ocrx_word' id='word_1_553' title='bbox 1453 3476 1590 3548; x_wconf 86' lang='lat' dir='ltr'><strong>quonism</strong></span> <span class='ocrx_word' id='word_1_554' title='bbox 1610 3480 1723 3531; x_wconf 86' lang='lat' dir='ltr'><strong>tanturn</strong></span> <span class='ocrx_word' id='word_1_555' title='bbox 1740 3475 1825 3548; x_wconf 86' lang='lat' dir='ltr'><strong>spatii</strong></span> 
     </span>
     <span class='ocr_line' id='line_1_38' title="bbox 68 3561 1825 3637; baseline -0.001 -17"><span class='ocrx_word' id='word_1_556' title='bbox 68 3580 146 3620; x_wconf 74' lang='lat' dir='ltr'><strong>surse</strong></span> <span class='ocrx_word' id='word_1_557' title='bbox 162 3565 282 3636; x_wconf 88' lang='lat' dir='ltr'><strong>deperit,</strong></span> <span class='ocrx_word' id='word_1_558' title='bbox 298 3570 349 3621; x_wconf 89' lang='lat' dir='ltr'><strong>aut</strong></span> <span class='ocrx_word' id='word_1_559' title='bbox 367 3566 481 3637; x_wconf 90' lang='lat' dir='ltr'><strong>plausui</strong></span> <span class='ocrx_word' id='word_1_560' title='bbox 494 3566 600 3621; x_wconf 89' lang='lat' dir='ltr'><strong>resistit</strong></span> <span class='ocrx_word' id='word_1_561' title='bbox 611 3567 681 3621; x_wconf 87' lang='lat' dir='ltr'><strong>l&#39;D.</strong></span> <span class='ocrx_word' id='word_1_562' title='bbox 697 3566 774 3621; x_wconf 90' lang='lat' dir='ltr'><strong>Nihil</strong></span> <span class='ocrx_word' id='word_1_563' title='bbox 788 3566 917 3622; x_wconf 88' lang='lat' dir='ltr'><strong>omuino.</strong></span> <span class='ocrx_word' id='word_1_564' title='bbox 974 3561 1082 3617; x_wconf 90' lang='lat' dir='ltr'><strong>habent</strong></span> <span class='ocrx_word' id='word_1_565' title='bbox 1100 3563 1130 3618; x_wconf 91' lang='lat' dir='ltr'><strong>in</strong></span> <span class='ocrx_word' id='word_1_566' title='bbox 1151 3568 1292 3635; x_wconf 89' lang='lat' dir='ltr'><strong>tempore,</strong></span> <span class='ocrx_word' id='word_1_567' title='bbox 1314 3581 1368 3636; x_wconf 93' lang='lat' dir='ltr'><strong>pro</strong></span> <span class='ocrx_word' id='word_1_568' title='bbox 1392 3564 1481 3620; x_wconf 87' lang='lat' dir='ltr'><strong>altero</strong></span> <span class='ocrx_word' id='word_1_569' title='bbox 1503 3563 1573 3635; x_wconf 93' lang='lat' dir='ltr'><strong>poni</strong></span> <span class='ocrx_word' id='word_1_570' title='bbox 1596 3567 1724 3635; x_wconf 88' lang='lat' dir='ltr'><strong>possunt.</strong></span> <span class='ocrx_word' id='word_1_571' title='bbox 1752 3563 1825 3628; x_wconf 83' lang='lat' dir='ltr'><strong>Quia</strong></span> 
     </span>
     <span class='ocr_line' id='line_1_39' title="bbox 68 3651 1824 3727; baseline -0.002 -16"><span class='ocrx_word' id='word_1_572' title='bbox 68 3655 114 3709; x_wconf 88' lang='lat' dir='ltr'><strong>M.</strong></span> <span class='ocrx_word' id='word_1_573' title='bbox 139 3654 294 3710; x_wconf 83' lang='lat' dir='ltr'><strong>Considera</strong></span> <span class='ocrx_word' id='word_1_574' title='bbox 315 3671 384 3727; x_wconf 90' lang='lat' dir='ltr'><strong>ergo</strong></span> <span class='ocrx_word' id='word_1_575' title='bbox 409 3661 478 3726; x_wconf 89' lang='lat' dir='ltr'><strong>quot</strong></span> <span class='ocrx_word' id='word_1_576' title='bbox 495 3655 611 3726; x_wconf 79' lang='lat' dir='ltr'><strong>syllabae</strong></span> <span class='ocrx_word' id='word_1_577' title='bbox 631 3655 714 3711; x_wconf 90' lang='lat' dir='ltr'><strong>liunt.</strong></span> <span class='ocrx_word' id='word_1_578' title='bbox 734 3659 766 3711; x_wconf 89' lang='lat' dir='ltr'><strong>D.</strong></span> <span class='ocrx_word' id='word_1_579' title='bbox 788 3655 920 3726; x_wconf 84' lang='lat' dir='ltr'><strong>Quinque</strong></span> <span class='ocrx_word' id='word_1_580' title='bbox 974 3665 1042 3705; x_wconf 82' lang='lat' dir='ltr'><strong>vero</strong></span> <span class='ocrx_word' id='word_1_581' title='bbox 1065 3652 1224 3723; x_wconf 89' lang='lat' dir='ltr'><strong>legitimam</strong></span> <span class='ocrx_word' id='word_1_582' title='bbox 1243 3651 1486 3725; x_wconf 77' lang='lat' dir='ltr'><strong>progressionem,</strong></span> <span class='ocrx_word' id='word_1_583' title='bbox 1502 3651 1588 3706; x_wconf 85' lang='lat' dir='ltr'><strong>idest</strong></span> <span class='ocrx_word' id='word_1_584' title='bbox 1607 3653 1824 3723; x_wconf 86' lang='lat' dir='ltr'><strong>quaternarium</strong></span> 
     </span>
     <span class='ocr_line' id='line_1_40' title="bbox 68 3737 1825 3817; baseline -0.003 -18"><span class='ocrx_word' id='word_1_585' title='bbox 68 3743 135 3799; x_wconf 88' lang='lat' dir='ltr'><strong>lieri</strong></span> <span class='ocrx_word' id='word_1_586' title='bbox 149 3743 242 3800; x_wconf 85' lang='lat' dir='ltr'><strong>video.</strong></span> <span class='ocrx_word' id='word_1_587' title='bbox 256 3746 299 3799; x_wconf 92' lang='lat' dir='ltr'><strong>M.</strong></span> <span class='ocrx_word' id='word_1_588' title='bbox 320 3745 403 3800; x_wconf 83' lang='lat' dir='ltr'><strong>Vides</strong></span> <span class='ocrx_word' id='word_1_589' title='bbox 420 3749 495 3800; x_wconf 88' lang='lat' dir='ltr'><strong>certe</strong></span> <span class='ocrx_word' id='word_1_590' title='bbox 509 3761 592 3816; x_wconf 91' lang='lat' dir='ltr'><strong>possa</strong></span> <span class='ocrx_word' id='word_1_591' title='bbox 608 3749 731 3817; x_wconf 88' lang='lat' dir='ltr'><strong>quatuor</strong></span> <span class='ocrx_word' id='word_1_592' title='bbox 745 3744 920 3815; x_wconf 88' lang='lat' dir='ltr'><strong>syllabarum</strong></span> <span class='ocrx_word' id='word_1_593' title='bbox 975 3752 1129 3793; x_wconf 81' lang='lat' dir='ltr'><strong>numerum</strong></span> <span class='ocrx_word' id='word_1_594' title='bbox 1144 3739 1292 3804; x_wconf 82' lang='lat' dir='ltr'><strong>excedunt,</strong></span> <span class='ocrx_word' id='word_1_595' title='bbox 1309 3755 1362 3810; x_wconf 86' lang='lat' dir='ltr'><strong>pro</strong></span> <span class='ocrx_word' id='word_1_596' title='bbox 1387 3753 1417 3794; x_wconf 86' lang='lat' dir='ltr'><strong>sa</strong></span> <span class='ocrx_word' id='word_1_597' title='bbox 1438 3737 1493 3810; x_wconf 88' lang='lat' dir='ltr'><strong>ipsi</strong></span> <span class='ocrx_word' id='word_1_598' title='bbox 1507 3738 1589 3810; x_wconf 93' lang='lat' dir='ltr'><strong>poni,</strong></span> <span class='ocrx_word' id='word_1_599' title='bbox 1605 3755 1638 3794; x_wconf 88' lang='lat' dir='ltr'><strong>ac</strong></span> <span class='ocrx_word' id='word_1_600' title='bbox 1655 3738 1825 3812; x_wconf 90' lang='lat' dir='ltr'><strong>rhythmum</strong></span> 
     </span>
     <span class='ocr_line' id='line_1_41' title="bbox 68 3824 1825 3905; baseline -0.001 -23"><span class='ocrx_word' id='word_1_601' title='bbox 68 3846 225 3887; x_wconf 82' lang='lat' dir='ltr'><strong>numerum</strong></span> <span class='ocrx_word' id='word_1_602' title='bbox 249 3833 355 3888; x_wconf 80' lang='lat' dir='ltr'><strong>excedi.</strong></span> <span class='ocrx_word' id='word_1_603' title='bbox 382 3832 420 3889; x_wconf 81' lang='lat' dir='ltr'><strong>D,</strong></span> <span class='ocrx_word' id='word_1_604' title='bbox 446 3832 533 3887; x_wconf 74' lang='lat' dir='ltr'><strong>video</strong></span> <span class='ocrx_word' id='word_1_605' title='bbox 556 3849 634 3888; x_wconf 79' lang='lat' dir='ltr'><strong>sane.</strong></span> <span class='ocrx_word' id='word_1_606' title='bbox 656 3834 699 3888; x_wconf 83' lang='lat' dir='ltr'><strong>M.</strong></span> <span class='ocrx_word' id='word_1_607' title='bbox 718 3832 803 3900; x_wconf 82' lang='lat' dir='ltr'><strong>Quid,</strong></span> <span class='ocrx_word' id='word_1_608' title='bbox 823 3832 847 3887; x_wconf 82' lang='lat' dir='ltr'><strong>si</strong></span> <span class='ocrx_word' id='word_1_609' title='bbox 866 3849 919 3905; x_wconf 79' lang='lat' dir='ltr'><strong>pro</strong></span> <span class='ocrx_word' id='word_1_610' title='bbox 975 3824 1093 3897; x_wconf 88' lang='lat' dir='ltr'><strong>gignere</strong></span> <span class='ocrx_word' id='word_1_611' title='bbox 1106 3841 1166 3880; x_wconf 91' lang='lat' dir='ltr'><strong>non</strong></span> <span class='ocrx_word' id='word_1_612' title='bbox 1181 3841 1266 3881; x_wconf 86' lang='lat' dir='ltr'><strong>sensu</strong></span> <span class='ocrx_word' id='word_1_613' title='bbox 1279 3826 1464 3894; x_wconf 89' lang='lat' dir='ltr'><strong>aurium,sed</strong></span> <span class='ocrx_word' id='word_1_614' title='bbox 1480 3825 1638 3897; x_wconf 77' lang='lat' dir='ltr'><strong>disciplina</strong></span> <span class='ocrx_word' id='word_1_615' title='bbox 1654 3826 1825 3899; x_wconf 89' lang='lat' dir='ltr'><strong>legeprohi·</strong></span> 
     </span>
     <span class='ocr_line' id='line_1_42' title="bbox 66 3913 1606 3994; baseline -0.002 -18"><span class='ocrx_word' id='word_1_616' title='bbox 66 3920 190 3987; x_wconf 90' lang='lat' dir='ltr'><strong>duabus,</strong></span> <span class='ocrx_word' id='word_1_617' title='bbox 207 3937 271 3992; x_wconf 79' lang='lat' dir='ltr'><strong>quse</strong></span> <span class='ocrx_word' id='word_1_618' title='bbox 293 3920 333 3976; x_wconf 92' lang='lat' dir='ltr'><strong>ibi</strong></span> <span class='ocrx_word' id='word_1_619' title='bbox 355 3924 421 3976; x_wconf 89' lang='lat' dir='ltr'><strong>sunt</strong></span> <span class='ocrx_word' id='word_1_620' title='bbox 441 3921 545 3991; x_wconf 70' lang='lat' dir='ltr'><strong>longae,</strong></span> <span class='ocrx_word' id='word_1_621' title='bbox 565 3925 688 3994; x_wconf 87' lang='lat' dir='ltr'><strong>quatuor</strong></span> <span class='ocrx_word' id='word_1_622' title='bbox 700 3921 800 3976; x_wconf 79' lang='lat' dir='ltr'><strong>breves</strong></span> <span class='ocrx_word' id='word_1_623' title='bbox 815 3920 919 3992; x_wconf 85' lang='lat' dir='ltr'><strong>posue·</strong></span> <span class='ocrx_word' id='word_1_624' title='bbox 975 3914 1087 3970; x_wconf 73' lang='lat' dir='ltr'><strong>bantur·</strong></span> <span class='ocrx_word' id='word_1_625' title='bbox 1101 3914 1164 3970; x_wconf 70' lang='lat' dir='ltr'><strong>Nisi</strong></span> <span class='ocrx_word' id='word_1_626' title='bbox 1179 3914 1374 3971; x_wconf 79' lang='lat' dir='ltr'><strong>contradicere</strong></span> <span class='ocrx_word' id='word_1_627' title='bbox 1389 3913 1499 3987; x_wconf 77' lang='lat' dir='ltr'><strong>aliquid</strong></span> <span class='ocrx_word' id='word_1_628' title='bbox 1512 3930 1606 3987; x_wconf 80' lang='lat' dir='ltr'><strong>parus.</strong></span> 
     </span>
    </p>
   </div>
   <div class='ocr_carea' id='block_1_3' title="bbox 65 4003 1825 4081">
    <p class='ocr_par' dir='ltr' id='par_1_4' title="bbox 65 4003 1825 4081">
     <span class='ocr_line' id='line_1_43' title="bbox 65 4003 1825 4081; baseline -0.003 -18"><span class='ocrx_word' id='word_1_629' title='bbox 65 4007 133 4063; x_wconf 83' lang='lat' dir='ltr'><strong>ris?</strong></span> <span class='ocrx_word' id='word_1_630' title='bbox 147 4025 242 4063; x_wconf 91' lang='lat' dir='ltr'><strong>nonne</strong></span> <span class='ocrx_word' id='word_1_631' title='bbox 259 4009 290 4063; x_wconf 91' lang='lat' dir='ltr'><strong>in</strong></span> <span class='ocrx_word' id='word_1_632' title='bbox 304 4024 362 4065; x_wconf 92' lang='lat' dir='ltr'><strong>uno</strong></span> <span class='ocrx_word' id='word_1_633' title='bbox 377 4009 450 4080; x_wconf 90' lang='lat' dir='ltr'><strong>pede</strong></span> <span class='ocrx_word' id='word_1_634' title='bbox 470 4025 518 4064; x_wconf 85' lang='lat' dir='ltr'><strong>sex</strong></span> <span class='ocrx_word' id='word_1_635' title='bbox 532 4010 654 4081; x_wconf 89' lang='lat' dir='ltr'><strong>syllabas</strong></span> <span class='ocrx_word' id='word_1_636' title='bbox 664 4025 778 4077; x_wconf 81' lang='lat' dir='ltr'><strong>necesse</strong></span> <span class='ocrx_word' id='word_1_637' title='bbox 797 4012 840 4064; x_wconf 91' lang='lat' dir='ltr'><strong>est</strong></span> <span class='ocrx_word' id='word_1_638' title='bbox 856 4025 919 4064; x_wconf 90' lang='lat' dir='ltr'><strong>me·</strong></span> <span class='ocrx_word' id='word_1_639' title='bbox 1012 4005 1054 4059; x_wconf 73' lang='lat'><strong>¹3·</strong></span> <span class='ocrx_word' id='word_1_640' title='bbox 1072 4003 1107 4058; x_wconf 87' lang='lat' dir='ltr'><strong>D.</strong></span> <span class='ocrx_word' id='word_1_641' title='bbox 1123 4004 1195 4058; x_wconf 82' lang='lat' dir='ltr'><strong>Paro</strong></span> <span class='ocrx_word' id='word_1_642' title='bbox 1210 4019 1289 4074; x_wconf 77' lang='lat' dir='ltr'><strong>sane,</strong></span> <span class='ocrx_word' id='word_1_643' title='bbox 1312 4003 1413 4074; x_wconf 78' lang='lat' dir='ltr'><strong>etjam</strong></span> <span class='ocrx_word' id='word_1_644' title='bbox 1428 4003 1541 4059; x_wconf 82' lang='lat' dir='ltr'><strong>faciam.</strong></span> <span class='ocrx_word' id='word_1_645' title='bbox 1557 4005 1630 4059; x_wconf 85' lang='lat' dir='ltr'><strong>Nam</strong></span> <span class='ocrx_word' id='word_1_646' title='bbox 1647 4003 1718 4076; x_wconf 91' lang='lat' dir='ltr'><strong>quid</strong></span> <span class='ocrx_word' id='word_1_647' title='bbox 1734 4003 1825 4074; x_wconf 89' lang='lat' dir='ltr'><strong>impe·</strong></span> 
     </span>
    </p>
   </div>
   <div class='ocr_carea' id='block_1_4' title="bbox 66 4090 1826 4344">
    <p class='ocr_par' dir='ltr' id='par_1_5' title="bbox 66 4090 1826 4344">
     <span class='ocr_line' id='line_1_44' title="bbox 103 4090 1826 4170; baseline 0.002 -28"><span class='ocrx_word' id='word_1_648' title='bbox 103 4095 109 4128; x_wconf 86' lang='lat'><strong>¹</strong></span> <span class='ocrx_word' id='word_1_649' title='bbox 127 4093 157 4142; x_wconf 92' lang='lat' dir='ltr'><strong>lu</strong></span> <span class='ocrx_word' id='word_1_650' title='bbox 171 4095 199 4166; x_wconf 75' lang='lat'><strong>¹³:</strong></span> <span class='ocrx_word' id='word_1_651' title='bbox 211 4094 270 4144; x_wconf 82' lang='lat' dir='ltr'><strong>hm.</strong></span> <span class='ocrx_word' id='word_1_652' title='bbox 283 4094 326 4166; x_wconf 55' lang='lat' dir='ltr'><strong>Er,</strong></span> <span class='ocrx_word' id='word_1_653' title='bbox 341 4098 367 4145; x_wconf 90' lang='lat' dir='ltr'><strong>et</strong></span> <span class='ocrx_word' id='word_1_654' title='bbox 383 4095 445 4144; x_wconf 72' lang='grc' dir='ltr'><strong>ιον.</strong></span> <span class='ocrx_word' id='word_1_655' title='bbox 463 4108 469 4141; x_wconf 91' lang='lat'>:</span> <span class='ocrx_word' id='word_1_656' title='bbox 486 4098 580 4158; x_wconf 78' lang='lat' dir='ltr'><strong>ltaque</strong></span> <span class='ocrx_word' id='word_1_657' title='bbox 589 4097 710 4167; x_wconf 67' lang='lat' dir='ltr'><strong>omnium</strong></span> <span class='ocrx_word' id='word_1_658' title='bbox 718 4095 815 4158; x_wconf 83' lang='lat' dir='ltr'><strong>pedum</strong></span> <span class='ocrx_word' id='word_1_659' title='bbox 824 4108 920 4170; x_wconf 72' lang='lat' dir='ltr'><strong>uocem</strong></span> <span class='ocrx_word' id='word_1_660' title='bbox 975 4090 1073 4146; x_wconf 89' lang='lat' dir='ltr'><strong>diobat</strong></span> <span class='ocrx_word' id='word_1_661' title='bbox 1093 4107 1184 4163; x_wconf 89' lang='lat' dir='ltr'><strong>usque</strong></span> <span class='ocrx_word' id='word_1_662' title='bbox 1206 4091 1242 4146; x_wconf 87' lang='lat' dir='ltr'><strong>ad</strong></span> <span class='ocrx_word' id='word_1_663' title='bbox 1266 4091 1445 4147; x_wconf 86' lang='lat' dir='ltr'><strong>octonarium</strong></span> <span class='ocrx_word' id='word_1_664' title='bbox 1471 4107 1625 4147; x_wconf 89' lang='lat' dir='ltr'><strong>numerum</strong></span> <span class='ocrx_word' id='word_1_665' title='bbox 1651 4092 1826 4162; x_wconf 88' lang='lat' dir='ltr'><strong>syllabarum</strong></span> 
     </span>
     <span class='ocr_line' id='line_1_45' title="bbox 66 4155 1826 4270; baseline -0.003 -33"><span class='ocrx_word' id='word_1_666' title='bbox 66 4155 921 4270; x_wconf 43' lang='lat' dir='ltr'><strong>{ssfbssmssuufflffeffifffflmwsssffissspuznh&#39;wg</strong></span> <span class='ocrx_word' id='word_1_667' title='bbox 974 4179 1110 4251; x_wconf 90' lang='lat' dir='ltr'><strong>progredi</strong></span> <span class='ocrx_word' id='word_1_668' title='bbox 1126 4179 1241 4251; x_wconf 90' lang='lat' dir='ltr'><strong>pedem,</strong></span> <span class='ocrx_word' id='word_1_669' title='bbox 1264 4195 1330 4235; x_wconf 91' lang='lat' dir='ltr'><strong>cum</strong></span> <span class='ocrx_word' id='word_1_670' title='bbox 1358 4180 1491 4237; x_wconf 90' lang='lat' dir='ltr'><strong>eumdem</strong></span> <span class='ocrx_word' id='word_1_671' title='bbox 1516 4195 1670 4235; x_wconf 88' lang='lat' dir='ltr'><strong>numerum</strong></span> <span class='ocrx_word' id='word_1_672' title='bbox 1697 4179 1734 4234; x_wconf 92' lang='lat' dir='ltr'><strong>ad</strong></span> <span class='ocrx_word' id='word_1_673' title='bbox 1759 4178 1826 4249; x_wconf 91' lang='lat' dir='ltr'><strong>rby·</strong></span> 
     </span>
     <span class='ocr_line' id='line_1_46' title="bbox 70 4230 1823 4344; baseline -0.004 -17"><span class='ocrx_word' id='word_1_674' title='bbox 70 4281 125 4339; x_wconf 79' lang='lat' dir='ltr'><strong>tas,</strong></span> <span class='ocrx_word' id='word_1_675' title='bbox 137 4286 186 4328; x_wconf 77' lang='lat' dir='ltr'><strong>ete,</strong></span> <span class='ocrx_word' id='word_1_676' title='bbox 201 4230 265 4329; x_wconf 54' lang='lat' dir='ltr'><strong>flag</strong></span> <span class='ocrx_word' id='word_1_677' title='bbox 273 4280 417 4330; x_wconf 81' lang='lat' dir='ltr'><strong>audirnora</strong></span> <span class='ocrx_word' id='word_1_678' title='bbox 425 4233 612 4330; x_wconf 64' lang='lat' dir='ltr'><strong>edit.&#39;13pen0d.:</strong></span> <span class='ocrx_word' id='word_1_679' title='bbox 624 4283 687 4330; x_wconf 61' lang='lat' dir='ltr'><strong>eres,</strong></span> <span class='ocrx_word' id='word_1_680' title='bbox 698 4234 785 4330; x_wconf 49' lang='lat' dir='ltr'><strong>caing,</strong></span> <span class='ocrx_word' id='word_1_681' title='bbox 793 4232 857 4344; x_wconf 47' lang='lat' dir='ltr'><strong>quoi</strong></span> <span class='ocrx_word' id='word_1_682' title='bbox 868 4293 921 4344; x_wconf 61' lang='lat' dir='ltr'><strong>per</strong></span> <span class='ocrx_word' id='word_1_683' title='bbox 974 4268 1088 4322; x_wconf 88' lang='lat' dir='ltr'><strong>thmnm</strong></span> <span class='ocrx_word' id='word_1_684' title='bbox 1099 4266 1210 4322; x_wconf 90' lang='lat' dir='ltr'><strong>admitti</strong></span> <span class='ocrx_word' id='word_1_685' title='bbox 1225 4283 1308 4337; x_wconf 88' lang='lat' dir='ltr'><strong>posse</strong></span> <span class='ocrx_word' id='word_1_686' title='bbox 1320 4267 1467 4324; x_wconf 79' lang='lat' dir='ltr'><strong>videamus</strong></span> <span class='ocrx_word' id='word_1_687' title='bbox 1476 4271 1491 4324; x_wconf 86' lang='lat' dir='ltr'><strong>‘l</strong></span> <span class='ocrx_word' id='word_1_688' title='bbox 1499 4270 1596 4340; x_wconf 91' lang='lat' dir='ltr'><strong>Neque</strong></span> <span class='ocrx_word' id='word_1_689' title='bbox 1610 4267 1688 4322; x_wconf 88' lang='lat' dir='ltr'><strong>enirn</strong></span> <span class='ocrx_word' id='word_1_690' title='bbox 1700 4283 1747 4321; x_wconf 87' lang='lat' dir='ltr'><strong>me</strong></span> <span class='ocrx_word' id='word_1_691' title='bbox 1758 4282 1823 4322; x_wconf 90' lang='lat' dir='ltr'><strong>mo·</strong></span> 
     </span>
    </p>
   </div>
   <div class='ocr_carea' id='block_1_5' title="bbox 66 4340 1824 4516">
    <p class='ocr_par' dir='ltr' id='par_1_6' title="bbox 66 4340 1824 4516">
     <span class='ocr_line' id='line_1_47' title="bbox 68 4340 1824 4426; baseline 0.001 -35"><span class='ocrx_word' id='word_1_692' title='bbox 68 4354 117 4391; x_wconf 85' lang='lat' dir='ltr'><strong>uos</strong></span> <span class='ocrx_word' id='word_1_693' title='bbox 131 4341 256 4406; x_wconf 74' lang='lat' dir='ltr'><strong>inspicere</strong></span> <span class='ocrx_word' id='word_1_694' title='bbox 272 4341 361 4415; x_wconf 76' lang='lat' dir='ltr'><strong>ticutt,</strong></span> <span class='ocrx_word' id='word_1_695' title='bbox 381 4340 486 4403; x_wconf 82' lang='lat' dir='ltr'><strong>hubent,</strong></span> <span class='ocrx_word' id='word_1_696' title='bbox 505 4346 564 4392; x_wconf 91' lang='lat' dir='ltr'><strong>octo</strong></span> <span class='ocrx_word' id='word_1_697' title='bbox 577 4347 648 4402; x_wconf 89' lang='lat' dir='ltr'><strong>eunt,</strong></span> <span class='ocrx_word' id='word_1_698' title='bbox 667 4345 690 4393; x_wconf 80' lang='lat' dir='ltr'><strong>et</strong></span> <span class='ocrx_word' id='word_1_699' title='bbox 703 4355 768 4413; x_wconf 66' lang='lat' dir='ltr'><strong>moa</strong></span> <span class='ocrx_word' id='word_1_700' title='bbox 778 4344 807 4392; x_wconf 79' lang='lat' dir='ltr'><strong>trs</strong></span> <span class='ocrx_word' id='word_1_701' title='bbox 826 4340 921 4392; x_wconf 83' lang='lat' dir='ltr'><strong>horum</strong></span> <span class='ocrx_word' id='word_1_702' title='bbox 974 4358 1029 4422; x_wconf 56' lang='lat' dir='ltr'><strong>,gg</strong></span> <span class='ocrx_word' id='word_1_703' title='bbox 1046 4354 1123 4426; x_wconf 70' lang='lat' dir='ltr'><strong>quod</strong></span> <span class='ocrx_word' id='word_1_704' title='bbox 1137 4370 1190 4425; x_wconf 68' lang='lat' dir='ltr'><strong>pm</strong></span> <span class='ocrx_word' id='word_1_705' title='bbox 1205 4355 1262 4410; x_wconf 62' lang='lat'><strong>3110</strong></span> <span class='ocrx_word' id='word_1_706' title='bbox 1277 4355 1347 4410; x_wconf 61' lang='lat' dir='ltr'><strong>digis</strong></span> <span class='ocrx_word' id='word_1_707' title='bbox 1362 4356 1472 4412; x_wconf 55' lang='lat' dir='ltr'>admisti</span> <span class='ocrx_word' id='word_1_708' title='bbox 1488 4377 1496 4425; x_wconf 77' lang='lat'><em>3</em></span> <span class='ocrx_word' id='word_1_709' title='bbox 1510 4357 1568 4411; x_wconf 70' lang='lat' dir='ltr'><strong>imo</strong></span> <span class='ocrx_word' id='word_1_710' title='bbox 1592 4357 1645 4411; x_wconf 92' lang='lat' dir='ltr'><strong>hoc</strong></span> <span class='ocrx_word' id='word_1_711' title='bbox 1659 4370 1712 4421; x_wconf 53' lang='lat' dir='ltr'><strong>¹mg</strong></span> <span class='ocrx_word' id='word_1_712' title='bbox 1730 4353 1824 4424; x_wconf 61' lang='lat' dir='ltr'><strong>magi,</strong></span> 
     </span>
     <span class='ocr_line' id='line_1_48' title="bbox 66 4401 920 4516; baseline 0.004 -65"><span class='ocrx_word' id='word_1_713' title='bbox 66 4401 169 4468; x_wconf 83' lang='lat' dir='ltr'><strong>pedum</strong></span> <span class='ocrx_word' id='word_1_714' title='bbox 179 4414 329 4454; x_wconf 76' lang='lat' dir='ltr'><strong>recensione</strong></span> <span class='ocrx_word' id='word_1_715' title='bbox 335 4407 466 4464; x_wconf 75' lang='lat' dir='ltr'><strong>omittunt,</strong></span> <span class='ocrx_word' id='word_1_716' title='bbox 472 4417 557 4516; x_wconf 74' lang='lat' dir='ltr'><strong>paon</strong></span> <span class='ocrx_word' id='word_1_717' title='bbox 565 4403 696 4454; x_wconf 88' lang='lat' dir='ltr'><strong>secundus</strong></span> <span class='ocrx_word' id='word_1_718' title='bbox 704 4420 711 4465; x_wconf 86' lang='lat'>;</span> <span class='ocrx_word' id='word_1_719' title='bbox 720 4417 769 4468; x_wconf 84' lang='lat' dir='ltr'><strong>qus</strong></span> <span class='ocrx_word' id='word_1_720' title='bbox 778 4407 865 4455; x_wconf 80' lang='lat' dir='ltr'><strong>tumen</strong></span> <span class='ocrx_word' id='word_1_721' title='bbox 872 4415 920 4468; x_wconf 86' lang='lat' dir='ltr'><strong>pes</strong></span> 
     </span>
    </p>
   </div>
   <div class='ocr_carea' id='block_1_6' title="bbox 68 4442 1826 4640">
    <p class='ocr_par' dir='ltr' id='par_1_7' title="bbox 68 4442 1826 4640">
     <span class='ocr_line' id='line_1_49' title="bbox 68 4442 1826 4538; baseline 0.001 -22"><span class='ocrx_word' id='word_1_722' title='bbox 68 4463 175 4536; x_wconf 79' lang='lat' dir='ltr'><strong>videtur</strong></span> <span class='ocrx_word' id='word_1_723' title='bbox 190 4465 395 4527; x_wconf 78' lang='lat' dir='ltr'><strong>huudposseeoe</strong></span> <span class='ocrx_word' id='word_1_724' title='bbox 406 4465 462 4538; x_wconf 70' lang='lat' dir='ltr'><strong>lege</strong></span> <span class='ocrx_word' id='word_1_725' title='bbox 490 4465 846 4538; x_wconf 70' lang='lat' dir='ltr'><strong>uprascrtptqutytbmam</strong></span> <span class='ocrx_word' id='word_1_726' title='bbox 862 4465 920 4516; x_wconf 83' lang='lat' dir='ltr'><strong>utto</strong></span> <span class='ocrx_word' id='word_1_727' title='bbox 976 4443 1110 4499; x_wconf 60' lang='lat' dir='ltr'>adm⁰¹¹0t</span> <span class='ocrx_word' id='word_1_728' title='bbox 1124 4458 1265 4515; x_wconf 59' lang='lat' dir='ltr'><strong>‘tumre’</strong></span> <span class='ocrx_word' id='word_1_729' title='bbox 1279 4445 1323 4500; x_wconf 71' lang='lat' dir='ltr'><strong>V0¹</strong></span> <span class='ocrx_word' id='word_1_730' title='bbox 1338 4445 1433 4517; x_wconf 67' lang='lat' dir='ltr'><strong>P⁰fi¹¹⁵</strong></span> <span class='ocrx_word' id='word_1_731' title='bbox 1447 4444 1548 4516; x_wconf 57' lang='lat' dir='ltr'><strong>qumis</strong></span> <span class='ocrx_word' id='word_1_732' title='bbox 1569 4442 1645 4516; x_wconf 72' lang='lat' dir='ltr'>qu⁰d</span> <span class='ocrx_word' id='word_1_733' title='bbox 1665 4458 1723 4498; x_wconf 75' lang='lat'>⁰⁰¹¹</span> <span class='ocrx_word' id='word_1_734' title='bbox 1737 4442 1826 4498; x_wconf 54' lang='lat' dir='ltr'><strong>‘stiam</strong></span> 
     </span>
     <span class='ocr_line' id='line_1_50' title="bbox 69 4525 1825 4640; baseline 0.006 -65"><span class='ocrx_word' id='word_1_735' title='bbox 69 4525 193 4577; x_wconf 77' lang='lat' dir='ltr'><strong>aduecto</strong></span> <span class='ocrx_word' id='word_1_736' title='bbox 200 4526 267 4589; x_wconf 83' lang='lat' dir='ltr'><strong>pede</strong></span> <span class='ocrx_word' id='word_1_737' title='bbox 274 4525 377 4591; x_wconf 77' lang='lat' dir='ltr'><strong>facea:</strong></span> <span class='ocrx_word' id='word_1_738' title='bbox 389 4540 488 4640; x_wconf 74' lang='lat' dir='ltr'><strong>quippe</strong></span> <span class='ocrx_word' id='word_1_739' title='bbox 498 4542 561 4578; x_wconf 86' lang='lat' dir='ltr'><strong>cum</strong></span> <span class='ocrx_word' id='word_1_740' title='bbox 568 4535 728 4592; x_wconf 71' lang='lat' dir='ltr'><strong>postauam</strong></span> <span class='ocrx_word' id='word_1_741' title='bbox 739 4530 848 4579; x_wconf 73' lang='lat' dir='ltr'><strong>totidem</strong></span> <span class='ocrx_word' id='word_1_742' title='bbox 859 4530 921 4578; x_wconf 71' lang='lat' dir='ltr'><strong>teu</strong></span> <span class='ocrx_word' id='word_1_743' title='bbox 975 4547 1026 4586; x_wconf 90' lang='lat' dir='ltr'><strong>suo</strong></span> <span class='ocrx_word' id='word_1_744' title='bbox 1040 4531 1159 4587; x_wconf 85' lang='lat' dir='ltr'><strong>nornine</strong></span> <span class='ocrx_word' id='word_1_745' title='bbox 1178 4532 1339 4588; x_wconf 85' lang='lat' dir='ltr'><strong>admittitur</strong></span> <span class='ocrx_word' id='word_1_746' title='bbox 1356 4533 1407 4605; x_wconf 89' lang='lat' dir='ltr'><strong>qui</strong></span> <span class='ocrx_word' id='word_1_747' title='bbox 1421 4548 1473 4604; x_wconf 90' lang='lat' dir='ltr'><strong>pro</strong></span> <span class='ocrx_word' id='word_1_748' title='bbox 1490 4532 1546 4587; x_wconf 92' lang='lat' dir='ltr'><strong>alio</strong></span> <span class='ocrx_word' id='word_1_749' title='bbox 1567 4535 1669 4603; x_wconf 90' lang='lat' dir='ltr'><strong>potest.</strong></span> <span class='ocrx_word' id='word_1_750' title='bbox 1693 4531 1736 4585; x_wconf 87' lang='lat' dir='ltr'><strong>M.</strong></span> <span class='ocrx_word' id='word_1_751' title='bbox 1760 4531 1825 4586; x_wconf 87' lang='lat' dir='ltr'><strong>Non</strong></span> 
     </span>
    </p>
   </div>
   <div class='ocr_carea' id='block_1_7' title="bbox 65 4588 1824 4716">
    <p class='ocr_par' dir='ltr' id='par_1_8' title="bbox 65 4588 1824 4716">
     <span class='ocr_line' id='line_1_51' title="bbox 65 4588 1824 4716; baseline 0 -42"><span class='ocrx_word' id='word_1_752' title='bbox 65 4600 175 4714; x_wconf 39' lang='grc' dir='ltr'><strong>ἔξω</strong></span> <span class='ocrx_word' id='word_1_753' title='bbox 187 4588 921 4716; x_wconf 41' lang='lat' dir='ltr'><strong>fflssnffy&#39;fffxssicless,,ffl‘rffissss&#39;g&#39;aemdssffl‘ffiz</strong></span> <span class='ocrx_word' id='word_1_754' title='bbox 975 4619 1081 4675; x_wconf 88' lang='lat' dir='ltr'><strong>mirum</strong></span> <span class='ocrx_word' id='word_1_755' title='bbox 1101 4625 1154 4691; x_wconf 89' lang='lat' dir='ltr'><strong>est,</strong></span> <span class='ocrx_word' id='word_1_756' title='bbox 1176 4622 1253 4693; x_wconf 91' lang='lat' dir='ltr'><strong>quod</strong></span> <span class='ocrx_word' id='word_1_757' title='bbox 1274 4621 1321 4676; x_wconf 94' lang='lat' dir='ltr'><strong>hic</strong></span> <span class='ocrx_word' id='word_1_758' title='bbox 1341 4619 1467 4690; x_wconf 81' lang='lat' dir='ltr'><strong>falleris;</strong></span> <span class='ocrx_word' id='word_1_759' title='bbox 1491 4620 1541 4675; x_wconf 87' lang='lat' dir='ltr'><strong>sed</strong></span> <span class='ocrx_word' id='word_1_760' title='bbox 1564 4620 1654 4675; x_wconf 80' lang='lat' dir='ltr'><strong>facilis</strong></span> <span class='ocrx_word' id='word_1_761' title='bbox 1672 4619 1824 4692; x_wconf 89' lang='lat' dir='ltr'><strong>explicatio</strong></span> 
     </span>
    </p>
   </div>
   <div class='ocr_carea' id='block_1_8' title="bbox 68 4706 1824 4963">
    <p class='ocr_par' dir='ltr' id='par_1_9' title="bbox 68 4706 1824 4963">
     <span class='ocr_line' id='line_1_52' title="bbox 68 4706 1824 4786; baseline 0.001 -25"><span class='ocrx_word' id='word_1_762' title='bbox 68 4723 205 4783; x_wconf 62' lang='lat' dir='ltr'><strong>mumque</strong></span> <span class='ocrx_word' id='word_1_763' title='bbox 218 4712 538 4784; x_wconf 79' lang='lat' dir='ltr'><strong>ipstaomentupouuut.</strong></span> <span class='ocrx_word' id='word_1_764' title='bbox 550 4717 721 4780; x_wconf 81' lang='lat' dir='ltr'><strong>Quapropter</strong></span> <span class='ocrx_word' id='word_1_765' title='bbox 730 4713 865 4786; x_wconf 60' lang='lat' dir='ltr'><strong>tectionem</strong></span> <span class='ocrx_word' id='word_1_766' title='bbox 874 4725 920 4764; x_wconf 83' lang='lat' dir='ltr'><strong>rc·</strong></span> <span class='ocrx_word' id='word_1_767' title='bbox 975 4707 1035 4763; x_wconf 84' lang='lat' dir='ltr'><strong>veri</strong></span> <span class='ocrx_word' id='word_1_768' title='bbox 1055 4711 1106 4763; x_wconf 89' lang='lat' dir='ltr'><strong>est.</strong></span> <span class='ocrx_word' id='word_1_769' title='bbox 1119 4709 1189 4763; x_wconf 87' lang='lat' dir='ltr'><strong>Nam</strong></span> <span class='ocrx_word' id='word_1_770' title='bbox 1209 4714 1240 4764; x_wconf 91' lang='lat' dir='ltr'><strong>ut</strong></span> <span class='ocrx_word' id='word_1_771' title='bbox 1260 4709 1391 4764; x_wconf 88' lang='lat' dir='ltr'><strong>omittam</strong></span> <span class='ocrx_word' id='word_1_772' title='bbox 1403 4711 1484 4762; x_wconf 87' lang='lat' dir='ltr'><strong>tanta</strong></span> <span class='ocrx_word' id='word_1_773' title='bbox 1497 4724 1561 4779; x_wconf 85' lang='lat' dir='ltr'><strong>quae</strong></span> <span class='ocrx_word' id='word_1_774' title='bbox 1574 4723 1627 4780; x_wconf 91' lang='lat' dir='ltr'><strong>pro</strong></span> <span class='ocrx_word' id='word_1_775' title='bbox 1639 4706 1824 4779; x_wconf 87' lang='lat' dir='ltr'><strong>quaternario</strong></span> 
     </span>
     <span class='ocr_line' id='line_1_53' title="bbox 69 4773 1824 4902; baseline 0.002 -19"><span class='ocrx_word' id='word_1_776' title='bbox 69 4773 438 4901; x_wconf 61' lang='lat' dir='ltr'><strong>ilttlhllt‘dllhth</strong></span> <span class='ocrx_word' id='word_1_777' title='bbox 456 4777 921 4902; x_wconf 63' lang='lat' dir='ltr'><strong>ititltt&#39;hlilltllltlllth</strong></span> <span class='ocrx_word' id='word_1_778' title='bbox 976 4810 1097 4850; x_wconf 53' lang='grc' dir='ltr'><strong>ΝΜΟ</strong></span> <span class='ocrx_word' id='word_1_779' title='bbox 1110 4795 1170 4867; x_wconf 70' lang='lat'><strong>1⁸⁰¹</strong></span> <span class='ocrx_word' id='word_1_780' title='bbox 1183 4798 1249 4850; x_wconf 56' lang='lat'>“¹¹³³</span> <span class='ocrx_word' id='word_1_781' title='bbox 1266 4795 1410 4865; x_wconf 53' lang='lat' dir='ltr'><strong>ditum</strong></span> <span class='ocrx_word' id='word_1_782' title='bbox 1426 4799 1502 4859; x_wconf 65' lang='lat'><strong>⁵⁰⁰¹»</strong></span> <span class='ocrx_word' id='word_1_783' title='bbox 1518 4811 1569 4850; x_wconf 66' lang='lat'><strong>⁰¹¹¹*</strong></span> <span class='ocrx_word' id='word_1_784' title='bbox 1583 4811 1674 4867; x_wconf 53' lang='grc' dir='ltr'><strong>ΜΨ</strong></span> <span class='ocrx_word' id='word_1_785' title='bbox 1690 4795 1725 4850; x_wconf 69' lang='lat'><strong>⁸⁶</strong></span> <span class='ocrx_word' id='word_1_786' title='bbox 1740 4794 1824 4850; x_wconf 63' lang='lat'><strong>”¹⁰³¹</strong></span> 
     </span>
     <span class='ocr_line' id='line_1_54' title="bbox 69 4874 1823 4963; baseline 0.006 -18"><span class='ocrx_word' id='word_1_787' title='bbox 69 4895 148 4945; x_wconf 91' lang='lat' dir='ltr'><strong>nullo</strong></span> <span class='ocrx_word' id='word_1_788' title='bbox 160 4896 212 4946; x_wconf 87' lang='lat' dir='ltr'><strong>ulio</strong></span> <span class='ocrx_word' id='word_1_789' title='bbox 223 4898 289 4961; x_wconf 88' lang='lat' dir='ltr'><strong>pede</strong></span> <span class='ocrx_word' id='word_1_790' title='bbox 301 4912 378 4962; x_wconf 88' lang='lat' dir='ltr'><strong>posse</strong></span> <span class='ocrx_word' id='word_1_791' title='bbox 388 4874 501 4948; x_wconf 71' lang='lat' dir='ltr'><strong>misceri.</strong></span> <span class='ocrx_word' id='word_1_792' title='bbox 510 4900 576 4949; x_wconf 89' lang='lat' dir='ltr'><strong>Nam</strong></span> <span class='ocrx_word' id='word_1_793' title='bbox 586 4913 662 4963; x_wconf 76' lang='lat' dir='ltr'><strong>paon</strong></span> <span class='ocrx_word' id='word_1_794' title='bbox 673 4904 791 4963; x_wconf 87' lang='lat' dir='ltr'><strong>quartus,</strong></span> <span class='ocrx_word' id='word_1_795' title='bbox 801 4902 832 4949; x_wconf 90' lang='lat' dir='ltr'><strong>ut</strong></span> <span class='ocrx_word' id='word_1_796' title='bbox 843 4903 921 4949; x_wconf 73' lang='lat' dir='ltr'><strong>testu¹</strong></span> <span class='ocrx_word' id='word_1_797' title='bbox 975 4880 1037 4937; x_wconf 83' lang='lat' dir='ltr'><strong>fieri</strong></span> <span class='ocrx_word' id='word_1_798' title='bbox 1050 4882 1153 4939; x_wconf 63' lang='lat' dir='ltr'><strong>d⁰h0³t</strong></span> <span class='ocrx_word' id='word_1_799' title='bbox 1170 4882 1332 4955; x_wconf 65' lang='lat' dir='ltr'><strong>Pr⁰8f⁰⁸⁸i⁰</strong></span> <span class='ocrx_word' id='word_1_800' title='bbox 1354 4883 1544 4953; x_wconf 69' lang='lat' dir='ltr'><strong>³5¹¹⁰h⁸f⁰m3</strong></span> <span class='ocrx_word' id='word_1_801' title='bbox 1560 4884 1604 4939; x_wconf 62' lang='lat' dir='ltr'><strong>fac</strong></span> <span class='ocrx_word' id='word_1_802' title='bbox 1617 4899 1664 4939; x_wconf 72' lang='lat'>¹¹¹0</span> <span class='ocrx_word' id='word_1_803' title='bbox 1680 4883 1742 4955; x_wconf 64' lang='lat' dir='ltr'><strong>jam</strong></span> <span class='ocrx_word' id='word_1_804' title='bbox 1762 4898 1823 4938; x_wconf 65' lang='lat'><strong>⁰⁰⁵·</strong></span> 
     </span>
    </p>
   </div>
   <div class='ocr_carea' id='block_1_9' title="bbox 70 4957 1823 5043">
    <p class='ocr_par' dir='ltr' id='par_1_10' title="bbox 70 4957 1823 5043">
     <span class='ocr_line' id='line_1_55' title="bbox 70 4957 1823 5043; baseline 0 -19"><span class='ocrx_word' id='word_1_805' title='bbox 70 4957 182 5008; x_wconf 57' lang='lat' dir='ltr'><strong>mimir·</strong></span> <span class='ocrx_word' id='word_1_806' title='bbox 192 4961 217 5016; x_wconf 79' lang='lat'><strong>2.</strong></span> <span class='ocrx_word' id='word_1_807' title='bbox 230 4972 256 5008; x_wconf 88' lang='lat'><strong>¹1·</strong></span> <span class='ocrx_word' id='word_1_808' title='bbox 267 4962 306 5019; x_wconf 75' lang='lat'><strong>¹⁰,</strong></span> <span class='ocrx_word' id='word_1_809' title='bbox 317 4959 399 5009; x_wconf 84' lang='lat' dir='ltr'><strong>dividi</strong></span> <span class='ocrx_word' id='word_1_810' title='bbox 410 4966 495 5024; x_wconf 59' lang='lat' dir='ltr'><strong>9⁰20ss</strong></span> <span class='ocrx_word' id='word_1_811' title='bbox 505 4962 684 5012; x_wconf 63' lang='lat' dir='ltr'><strong>ssulltdwssl</strong></span> <span class='ocrx_word' id='word_1_812' title='bbox 693 4960 812 5022; x_wconf 59' lang='lat' dir='ltr'><strong>‘timul</strong></span> <span class='ocrx_word' id='word_1_813' title='bbox 821 4959 852 5011; x_wconf 53' lang='lat'><strong>¹³⁸</strong></span> <span class='ocrx_word' id='word_1_814' title='bbox 863 4962 921 5011; x_wconf 62' lang='grc' dir='ltr'>Μ</span> <span class='ocrx_word' id='word_1_815' title='bbox 975 4970 1043 5026; x_wconf 91' lang='lat' dir='ltr'><strong>sisse</strong></span> <span class='ocrx_word' id='word_1_816' title='bbox 1057 4971 1109 5027; x_wconf 89' lang='lat' dir='ltr'><strong>tibi</strong></span> <span class='ocrx_word' id='word_1_817' title='bbox 1129 4976 1159 5027; x_wconf 91' lang='lat' dir='ltr'><strong>et</strong></span> <span class='ocrx_word' id='word_1_818' title='bbox 1178 4970 1355 5027; x_wconf 88' lang='lat' dir='ltr'><strong>consensisse</strong></span> <span class='ocrx_word' id='word_1_819' title='bbox 1371 4987 1460 5043; x_wconf 91' lang='lat' dir='ltr'><strong>usque</strong></span> <span class='ocrx_word' id='word_1_820' title='bbox 1475 4971 1505 5026; x_wconf 93' lang='lat' dir='ltr'><strong>in</strong></span> <span class='ocrx_word' id='word_1_821' title='bbox 1522 4976 1585 5027; x_wconf 88' lang='lat' dir='ltr'><strong>octo</strong></span> <span class='ocrx_word' id='word_1_822' title='bbox 1605 4971 1726 5043; x_wconf 85' lang='lat' dir='ltr'><strong>syllabas</strong></span> <span class='ocrx_word' id='word_1_823' title='bbox 1740 4969 1823 5041; x_wconf 91' lang='lat' dir='ltr'><strong>pedis</strong></span> 
     </span>
    </p>
   </div>
   <div class='ocr_carea' id='block_1_10' title="bbox 69 5019 1825 5147">
    <p class='ocr_par' dir='ltr' id='par_1_11' title="bbox 69 5019 1825 5147">
     <span class='ocr_line' id='line_1_56' title="bbox 70 5019 1808 5087; baseline -0.001 -17"><span class='ocrx_word' id='word_1_824' title='bbox 70 5022 98 5070; x_wconf 79' lang='lat' dir='ltr'><strong>et</strong></span> <span class='ocrx_word' id='word_1_825' title='bbox 112 5019 168 5071; x_wconf 83' lang='lat' dir='ltr'><strong>duo</strong></span> <span class='ocrx_word' id='word_1_826' title='bbox 185 5023 326 5085; x_wconf 79' lang='lat' dir='ltr'><strong>temporo.-</strong></span> <span class='ocrx_word' id='word_1_827' title='bbox 344 5035 404 5085; x_wconf 79' lang='lat' dir='ltr'><strong>quse</strong></span> <span class='ocrx_word' id='word_1_828' title='bbox 422 5022 516 5072; x_wconf 84' lang='lat' dir='ltr'><strong>divisio</strong></span> <span class='ocrx_word' id='word_1_829' title='bbox 533 5036 593 5073; x_wconf 89' lang='lat' dir='ltr'><strong>enm</strong></span> <span class='ocrx_word' id='word_1_830' title='bbox 608 5022 694 5087; x_wconf 73' lang='lat' dir='ltr'><strong>paconi</strong></span> <span class='ocrx_word' id='word_1_831' title='bbox 709 5022 825 5072; x_wconf 89' lang='lat' dir='ltr'><strong>secundo</strong></span> <span class='ocrx_word' id='word_1_832' title='bbox 840 5021 920 5071; x_wconf 89' lang='lat' dir='ltr'><strong>mari·</strong></span> <span class='ocrx_word' id='word_1_833' title='bbox 1164 5059 1170 5071; x_wconf 94' lang='lat'><strong><em>.</em></strong></span> <span class='ocrx_word' id='word_1_834' title='bbox 1228 5060 1234 5071; x_wconf 87' lang='lat'><strong><em>.</em></strong></span> <span class='ocrx_word' id='word_1_835' title='bbox 1389 5059 1395 5071; x_wconf 89' lang='lat'><strong><em>.</em></strong></span> <span class='ocrx_word' id='word_1_836' title='bbox 1420 5059 1425 5071; x_wconf 93' lang='lat'><strong><em>.</em></strong></span> <span class='ocrx_word' id='word_1_837' title='bbox 1611 5060 1616 5071; x_wconf 92' lang='lat'><strong><em>.</em></strong></span> <span class='ocrx_word' id='word_1_838' title='bbox 1802 5056 1808 5069; x_wconf 89' lang='lat'><strong><em>.</em></strong></span> 
     </span>
     <span class='ocr_line' id='line_1_57' title="bbox 69 5058 1825 5147; baseline -0.002 -33"><span class='ocrx_word' id='word_1_839' title='bbox 69 5082 177 5132; x_wconf 60' lang='lat' dir='ltr'><strong>mm„</strong></span> <span class='ocrx_word' id='word_1_840' title='bbox 188 5083 297 5147; x_wconf 85' lang='lat' dir='ltr'><strong>plausus</strong></span> <span class='ocrx_word' id='word_1_841' title='bbox 310 5083 470 5146; x_wconf 48' lang='lat' dir='ltr'><strong>mmmm„</strong></span> <span class='ocrx_word' id='word_1_842' title='bbox 503 5086 538 5134; x_wconf 58' lang='lat' dir='ltr'><strong>M,</strong></span> <span class='ocrx_word' id='word_1_843' title='bbox 975 5058 1080 5115; x_wconf 90' lang='lat' dir='ltr'><strong>debere</strong></span> <span class='ocrx_word' id='word_1_844' title='bbox 1094 5060 1304 5130; x_wconf 76' lang='lat' dir='ltr'><strong>longitudinem</strong></span> <span class='ocrx_word' id='word_1_845' title='bbox 1319 5076 1446 5132; x_wconf 79' lang='lat' dir='ltr'><strong>porrigi:</strong></span> <span class='ocrx_word' id='word_1_846' title='bbox 1467 5076 1537 5116; x_wconf 89' lang='lat' dir='ltr'><strong>num</strong></span> <span class='ocrx_word' id='word_1_847' title='bbox 1561 5064 1695 5116; x_wconf 78' lang='lat' dir='ltr'><strong>resistere</strong></span> <span class='ocrx_word' id='word_1_848' title='bbox 1715 5063 1825 5129; x_wconf 85' lang='lat' dir='ltr'><strong>potens</strong></span> 
     </span>
    </p>
   </div>
   <div class='ocr_carea' id='block_1_11' title="bbox 101 5136 1846 5221">
    <p class='ocr_par' dir='ltr' id='par_1_12' title="bbox 101 5136 1846 5221">
     <span class='ocr_line' id='line_1_58' title="bbox 101 5136 1846 5221; baseline 0.004 -27"><span class='ocrx_word' id='word_1_849' title='bbox 101 5143 181 5194; x_wconf 69' lang='lat' dir='ltr'><strong>‘imo</strong></span> <span class='ocrx_word' id='word_1_850' title='bbox 193 5157 282 5195; x_wconf 83' lang='lat' dir='ltr'><strong>meum</strong></span> <span class='ocrx_word' id='word_1_851' title='bbox 294 5149 375 5195; x_wconf 80' lang='lat' dir='ltr'><strong>ettam</strong></span> <span class='ocrx_word' id='word_1_852' title='bbox 388 5148 427 5207; x_wconf 86' lang='lat' dir='ltr'><strong>tu,</strong></span> <span class='ocrx_word' id='word_1_853' title='bbox 437 5146 514 5210; x_wconf 78' lang='lat' dir='ltr'><strong>juxte</strong></span> <span class='ocrx_word' id='word_1_854' title='bbox 523 5146 564 5196; x_wconf 84' lang='lat' dir='ltr'><strong>Er.</strong></span> <span class='ocrx_word' id='word_1_855' title='bbox 579 5145 662 5210; x_wconf 87' lang='lat' dir='ltr'><strong>Lugd.</strong></span> <span class='ocrx_word' id='word_1_856' title='bbox 675 5145 919 5207; x_wconf 78' lang='lat' dir='ltr'><strong>Venlmomeum,</strong></span> <span class='ocrx_word' id='word_1_857' title='bbox 976 5163 1036 5203; x_wconf 89' lang='lat' dir='ltr'><strong>esse</strong></span> <span class='ocrx_word' id='word_1_858' title='bbox 1053 5148 1115 5220; x_wconf 90' lang='lat' dir='ltr'><strong>jam</strong></span> <span class='ocrx_word' id='word_1_859' title='bbox 1138 5164 1219 5220; x_wconf 90' lang='lat' dir='ltr'><strong>posse</strong></span> <span class='ocrx_word' id='word_1_860' title='bbox 1243 5152 1307 5203; x_wconf 91' lang='lat' dir='ltr'><strong>octo</strong></span> <span class='ocrx_word' id='word_1_861' title='bbox 1330 5148 1483 5220; x_wconf 88' lang='lat' dir='ltr'><strong>longarum</strong></span> <span class='ocrx_word' id='word_1_862' title='bbox 1504 5148 1678 5221; x_wconf 83' lang='lat' dir='ltr'><strong>syllabarum</strong></span> <span class='ocrx_word' id='word_1_863' title='bbox 1697 5136 1846 5218; x_wconf 74' lang='lat' dir='ltr'><strong>pedem?¹</strong></span> 
     </span>
    </p>
   </div>
   <div class='ocr_carea' id='block_1_12' title="bbox 67 5207 1824 5330">
    <p class='ocr_par' dir='ltr' id='par_1_13' title="bbox 67 5207 1824 5330">
     <span class='ocr_line' id='line_1_59' title="bbox 67 5207 1824 5330; baseline -0.009 -25"><span class='ocrx_word' id='word_1_864' title='bbox 67 5207 455 5330; x_wconf 48' lang='lat' dir='ltr'><strong>{¹Jxffaffl,uss¹fmssu¹t⁸m⁸⁸&#39;</strong></span> <span class='ocrx_word' id='word_1_865' title='bbox 468 5207 497 5257; x_wconf 62' lang='grc' dir='ltr'><strong>Α·</strong></span> <span class='ocrx_word' id='word_1_866' title='bbox 514 5211 570 5259; x_wconf 69' lang='lat' dir='ltr'><strong>¹m⁰</strong></span> <span class='ocrx_word' id='word_1_867' title='bbox 583 5220 672 5260; x_wconf 60' lang='lat' dir='ltr'><strong>&#39;mmm</strong></span> <span class='ocrx_word' id='word_1_868' title='bbox 683 5211 815 5271; x_wconf 58' lang='lat' dir='ltr'><strong>mmm</strong></span> <span class='ocrx_word' id='word_1_869' title='bbox 829 5211 920 5270; x_wconf 56' lang='lat' dir='ltr'><strong>‘m’</strong></span> <span class='ocrx_word' id='word_1_870' title='bbox 976 5235 1057 5291; x_wconf 84' lang='lat' dir='ltr'><strong>Certe</strong></span> <span class='ocrx_word' id='word_1_871' title='bbox 1070 5235 1147 5291; x_wconf 91' lang='lat' dir='ltr'><strong>enim</strong></span> <span class='ocrx_word' id='word_1_872' title='bbox 1170 5236 1205 5291; x_wconf 90' lang='lat' dir='ltr'><strong>ad</strong></span> <span class='ocrx_word' id='word_1_873' title='bbox 1228 5253 1315 5309; x_wconf 89' lang='lat' dir='ltr'><strong>quem</strong></span> <span class='ocrx_word' id='word_1_874' title='bbox 1337 5253 1490 5292; x_wconf 91' lang='lat' dir='ltr'><strong>numerum</strong></span> <span class='ocrx_word' id='word_1_875' title='bbox 1505 5237 1678 5311; x_wconf 89' lang='lat' dir='ltr'><strong>syllabarum</strong></span> <span class='ocrx_word' id='word_1_876' title='bbox 1693 5232 1824 5306; x_wconf 79' lang='lat' dir='ltr'><strong>pervenit</strong></span> 
     </span>
    </p>
   </div>
   <div class='ocr_carea' id='block_1_13' title="bbox 69 5320 1854 5585">
    <p class='ocr_par' dir='ltr' id='par_1_14' title="bbox 69 5320 1854 5585">
     <span class='ocr_line' id='line_1_60' title="bbox 103 5320 1822 5397; baseline -0.001 -19"><span class='ocrx_word' id='word_1_877' title='bbox 103 5330 176 5378; x_wconf 83' lang='lat' dir='ltr'><strong>³llie</strong></span> <span class='ocrx_word' id='word_1_878' title='bbox 190 5333 217 5380; x_wconf 90' lang='lat' dir='ltr'><strong>et</strong></span> <span class='ocrx_word' id='word_1_879' title='bbox 229 5331 310 5394; x_wconf 85' lang='lat' dir='ltr'><strong>paulo</strong></span> <span class='ocrx_word' id='word_1_880' title='bbox 324 5335 394 5395; x_wconf 85' lang='lat' dir='ltr'><strong>post,</strong></span> <span class='ocrx_word' id='word_1_881' title='bbox 409 5329 488 5395; x_wconf 79' lang='lat' dir='ltr'><strong>quod,</strong></span> <span class='ocrx_word' id='word_1_882' title='bbox 500 5331 577 5395; x_wconf 84' lang='lat' dir='ltr'><strong>juxte</strong></span> <span class='ocrx_word' id='word_1_883' title='bbox 591 5333 674 5383; x_wconf 82' lang='lat' dir='ltr'><strong>vatic.</strong></span> <span class='ocrx_word' id='word_1_884' title='bbox 707 5332 741 5382; x_wconf 81' lang='lat' dir='ltr'><strong>ll.</strong></span> <span class='ocrx_word' id='word_1_885' title='bbox 975 5339 1037 5396; x_wconf 85' lang='lat' dir='ltr'><strong>pes,</strong></span> <span class='ocrx_word' id='word_1_886' title='bbox 1051 5339 1111 5379; x_wconf 90' lang='lat' dir='ltr'><strong>non</strong></span> <span class='ocrx_word' id='word_1_887' title='bbox 1133 5324 1210 5379; x_wconf 90' lang='lat' dir='ltr'><strong>solus</strong></span> <span class='ocrx_word' id='word_1_888' title='bbox 1235 5325 1271 5381; x_wconf 91' lang='lat' dir='ltr'><strong>ad</strong></span> <span class='ocrx_word' id='word_1_889' title='bbox 1293 5341 1360 5382; x_wconf 90' lang='lat' dir='ltr'><strong>eum</strong></span> <span class='ocrx_word' id='word_1_890' title='bbox 1383 5327 1513 5397; x_wconf 87' lang='lat' dir='ltr'><strong>pervenit</strong></span> <span class='ocrx_word' id='word_1_891' title='bbox 1532 5325 1582 5397; x_wconf 92' lang='lat' dir='ltr'><strong>qui</strong></span> <span class='ocrx_word' id='word_1_892' title='bbox 1604 5322 1751 5391; x_wconf 85' lang='lat' dir='ltr'><strong>brevibus,</strong></span> <span class='ocrx_word' id='word_1_893' title='bbox 1772 5320 1822 5377; x_wconf 89' lang='lat' dir='ltr'><strong>sed</strong></span> 
     </span>
     <span class='ocr_line' id='line_1_61' title="bbox 103 5391 919 5457; baseline 0.004 -16"><span class='ocrx_word' id='word_1_894' title='bbox 103 5391 113 5427; x_wconf 72' lang='lat' dir='ltr'><strong>t</strong></span> <span class='ocrx_word' id='word_1_895' title='bbox 125 5391 168 5441; x_wconf 84' lang='lat' dir='ltr'><strong>Er.</strong></span> <span class='ocrx_word' id='word_1_896' title='bbox 183 5392 267 5455; x_wconf 78' lang='lat' dir='ltr'><strong>bugd.</strong></span> <span class='ocrx_word' id='word_1_897' title='bbox 282 5393 347 5444; x_wconf 81' lang='lat' dir='ltr'><strong>Ven.</strong></span> <span class='ocrx_word' id='word_1_898' title='bbox 361 5398 387 5443; x_wconf 88' lang='lat' dir='ltr'><strong>ct</strong></span> <span class='ocrx_word' id='word_1_899' title='bbox 399 5395 472 5452; x_wconf 72' lang='lat' dir='ltr'><strong>Lon,</strong></span> <span class='ocrx_word' id='word_1_900' title='bbox 488 5397 514 5444; x_wconf 90' lang='lat' dir='ltr'><strong>ct</strong></span> <span class='ocrx_word' id='word_1_901' title='bbox 525 5406 577 5457; x_wconf 86' lang='lat' dir='ltr'><strong>pro</strong></span> <span class='ocrx_word' id='word_1_902' title='bbox 590 5407 646 5446; x_wconf 84' lang='lat' dir='ltr'><strong>uua</strong></span> <span class='ocrx_word' id='word_1_903' title='bbox 658 5393 746 5456; x_wconf 73' lang='lat' dir='ltr'><strong>cius...</strong></span> <span class='ocrx_word' id='word_1_904' title='bbox 760 5394 919 5445; x_wconf 76' lang='lat' dir='ltr'><strong>constituos.</strong></span> 
     </span>
     <span class='ocr_line' id='line_1_62' title="bbox 69 5451 1826 5523; baseline 0.003 -22"><span class='ocrx_word' id='word_1_905' title='bbox 69 5452 133 5502; x_wconf 79' lang='lat' dir='ltr'><strong>Mas.</strong></span> <span class='ocrx_word' id='word_1_906' title='bbox 153 5454 175 5503; x_wconf 87' lang='lat' dir='ltr'><strong>h</strong></span> <span class='ocrx_word' id='word_1_907' title='bbox 191 5458 217 5504; x_wconf 86' lang='lat' dir='ltr'><strong>et</strong></span> <span class='ocrx_word' id='word_1_908' title='bbox 241 5455 279 5513; x_wconf 71' lang='lat' dir='ltr'><strong>B„</strong></span> <span class='ocrx_word' id='word_1_909' title='bbox 298 5459 329 5507; x_wconf 83' lang='lat' dir='ltr'><strong>ut</strong></span> <span class='ocrx_word' id='word_1_910' title='bbox 349 5468 401 5520; x_wconf 80' lang='lat' dir='ltr'><strong>pro</strong></span> <span class='ocrx_word' id='word_1_911' title='bbox 420 5467 476 5508; x_wconf 84' lang='lat' dir='ltr'><strong>auo</strong></span> <span class='ocrx_word' id='word_1_912' title='bbox 497 5456 557 5519; x_wconf 78' lang='lat' dir='ltr'><strong>ejus</strong></span> <span class='ocrx_word' id='word_1_913' title='bbox 570 5469 742 5521; x_wconf 81' lang='lat' dir='ltr'><strong>quocumque</strong></span> <span class='ocrx_word' id='word_1_914' title='bbox 763 5455 842 5520; x_wconf 72' lang='lat' dir='ltr'><strong>longo</strong></span> <span class='ocrx_word' id='word_1_915' title='bbox 854 5456 922 5508; x_wconf 82' lang='lat' dir='ltr'><strong>duas</strong></span> <span class='ocrx_word' id='word_1_916' title='bbox 1009 5456 1125 5506; x_wconf 69' lang='lat' dir='ltr'><strong>tvuic:</strong></span> <span class='ocrx_word' id='word_1_917' title='bbox 1139 5457 1187 5510; x_wconf 84' lang='lat' dir='ltr'><strong>uu</strong></span> <span class='ocrx_word' id='word_1_918' title='bbox 1198 5457 1416 5523; x_wconf 68' lang='lat' dir='ltr'><strong>concerptam</strong></span> <span class='ocrx_word' id='word_1_919' title='bbox 1429 5471 1509 5522; x_wconf 84' lang='lat' dir='ltr'><strong>quom</strong></span> <span class='ocrx_word' id='word_1_920' title='bbox 1519 5459 1636 5522; x_wconf 81' lang='lat' dir='ltr'><strong>quotuor</strong></span> <span class='ocrx_word' id='word_1_921' title='bbox 1644 5451 1826 5520; x_wconf 71' lang='lat' dir='ltr'><strong>ustulato</strong></span> 
     </span>
     <span class='ocr_line' id='line_1_63' title="bbox 71 5513 1854 5585; baseline 0.002 -20"><span class='ocrx_word' id='word_1_922' title='bbox 71 5513 168 5567; x_wconf 81' lang='lat' dir='ltr'><strong>breues</strong></span> <span class='ocrx_word' id='word_1_923' title='bbox 181 5517 337 5568; x_wconf 81' lang='lat' dir='ltr'><strong>constituas.</strong></span> <span class='ocrx_word' id='word_1_924' title='bbox 370 5518 404 5567; x_wconf 87' lang='grc' dir='ltr'><strong>Μ.</strong></span> <span class='ocrx_word' id='word_1_925' title='bbox 978 5518 1049 5579; x_wconf 81' lang='lat' dir='ltr'><strong>deal,</strong></span> <span class='ocrx_word' id='word_1_926' title='bbox 1062 5530 1114 5582; x_wconf 76' lang='lat' dir='ltr'><strong>pro</strong></span> <span class='ocrx_word' id='word_1_927' title='bbox 1126 5519 1187 5573; x_wconf 79' lang='lat' dir='ltr'><strong>attis</strong></span> <span class='ocrx_word' id='word_1_928' title='bbox 1194 5519 1263 5584; x_wconf 82' lang='lat' dir='ltr'><strong>pout</strong></span> <span class='ocrx_word' id='word_1_929' title='bbox 1274 5522 1396 5584; x_wconf 78' lang='lat' dir='ltr'><strong>possunt,</strong></span> <span class='ocrx_word' id='word_1_930' title='bbox 1408 5520 1454 5572; x_wconf 84' lang='lat' dir='ltr'><strong>sed</strong></span> <span class='ocrx_word' id='word_1_931' title='bbox 1466 5521 1523 5585; x_wconf 83' lang='lat' dir='ltr'><strong>ipsi.</strong></span> <span class='ocrx_word' id='word_1_932' title='bbox 1557 5519 1590 5567; x_wconf 84' lang='grc' dir='ltr'><strong>Μ.</strong></span> <span class='ocrx_word' id='word_1_933' title='bbox 1689 5528 1697 5541; x_wconf 87' lang='grc'>’</span> <span class='ocrx_word' id='word_1_934' title='bbox 1848 5520 1854 5529; x_wconf 90' lang='grc'><em>“</em></span> 
     </span>
    </p>
   </div>
   <div class='ocr_carea' id='block_1_14' title="bbox 0 0 1946 6112">
    <p class='ocr_par' dir='ltr' id='par_1_15' title="bbox 0 0 1946 6112">
     <span class='ocr_line' id='line_1_64' title="bbox 0 0 1946 6112; baseline 0 0"><span class='ocrx_word' id='word_1_935' title='bbox 0 0 1946 6112; x_wconf 95' lang='lat' dir='ltr'><strong> </strong></span> 
     </span>
    </p>
   </div>
  </div>
 </body>
</html>
