<?xml version="1.0" encoding="UTF-8"?>
<!DOCTYPE html PUBLIC "-//W3C//DTD XHTML 1.0 Transitional//EN"
    "http://www.w3.org/TR/xhtml1/DTD/xhtml1-transitional.dtd">
<html xmlns="http://www.w3.org/1999/xhtml" xml:lang="en" lang="en">
 <head>
  <title>
</title>
<meta http-equiv="Content-Type" content="text/html;charset=utf-8" />
  <meta name='ocr-system' content='tesseract 3.04.00' />
  <meta name='ocr-capabilities' content='ocr_page ocr_carea ocr_par ocr_line ocrx_word'/>
</head>
<body>
  <div class='ocr_page' id='page_1' title='image "./patrologiaecurs02migngoog_0668.png"; bbox 0 0 3884 6112; ppageno 0'>
   <div class='ocr_carea' id='block_1_1' title="bbox 115 281 182 334">
    <p class='ocr_par' dir='ltr' id='par_1_1' title="bbox 115 281 182 334">
     <span class='ocr_line' id='line_1_1' title="bbox 115 281 182 334; baseline 0 -1"><span class='ocrx_word' id='word_1_1' title='bbox 115 281 182 334; x_wconf 67' lang='lat'>{287</span> 
     </span>
    </p>
   </div>
   <div class='ocr_carea' id='block_1_2' title="bbox 111 396 960 1094">
    <p class='ocr_par' dir='ltr' id='par_1_2' title="bbox 111 396 960 1094">
     <span class='ocr_line' id='line_1_2' title="bbox 111 396 960 470; baseline -0.007 -13"><span class='ocrx_word' id='word_1_2' title='bbox 111 399 290 458; x_wconf 85' lang='lat' dir='ltr'>infidelitatis</span> <span class='ocrx_word' id='word_1_3' title='bbox 304 397 545 470; x_wconf 86' lang='lat' dir='ltr'>perseverantiam</span> <span class='ocrx_word' id='word_1_4' title='bbox 560 396 755 468; x_wconf 80' lang='lat' dir='ltr'>persuasisset,</span> <span class='ocrx_word' id='word_1_5' title='bbox 772 397 849 467; x_wconf 86' lang='lat' dir='ltr'>juste</span> <span class='ocrx_word' id='word_1_6' title='bbox 864 412 960 451; x_wconf 85' lang='lat' dir='ltr'>secum</span> 
     </span>
     <span class='ocr_line' id='line_1_3' title="bbox 111 484 956 560; baseline -0.007 -14"><span class='ocrx_word' id='word_1_7' title='bbox 111 492 232 546; x_wconf 88' lang='lat' dir='ltr'>haberet</span> <span class='ocrx_word' id='word_1_8' title='bbox 245 489 276 544; x_wconf 93' lang='lat' dir='ltr'>in</span> <span class='ocrx_word' id='word_1_9' title='bbox 285 491 424 560; x_wconf 88' lang='lat' dir='ltr'>perpetua</span> <span class='ocrx_word' id='word_1_10' title='bbox 434 485 618 541; x_wconf 81' lang='lat' dir='ltr'>damnatione</span> <span class='ocrx_word' id='word_1_11' title='bbox 632 488 786 540; x_wconf 88' lang='lat' dir='ltr'>consortes.</span> <span class='ocrx_word' id='word_1_12' title='bbox 801 484 956 540; x_wconf 83' lang='lat' dir='ltr'>ltelactum</span> 
     </span>
     <span class='ocr_line' id='line_1_4' title="bbox 112 574 957 649; baseline -0.007 -15"><span class='ocrx_word' id='word_1_13' title='bbox 112 583 155 635; x_wconf 88' lang='lat' dir='ltr'>est</span> <span class='ocrx_word' id='word_1_14' title='bbox 168 583 202 632; x_wconf 91' lang='lat' dir='ltr'>ut</span> <span class='ocrx_word' id='word_1_15' title='bbox 215 593 309 649; x_wconf 88' lang='lat' dir='ltr'>neque</span> <span class='ocrx_word' id='word_1_16' title='bbox 325 575 437 631; x_wconf 89' lang='lat' dir='ltr'>diabolo</span> <span class='ocrx_word' id='word_1_17' title='bbox 451 592 502 647; x_wconf 90' lang='lat' dir='ltr'>per</span> <span class='ocrx_word' id='word_1_18' title='bbox 521 574 578 629; x_wconf 90' lang='lat' dir='ltr'>vim</span> <span class='ocrx_word' id='word_1_19' title='bbox 602 574 761 647; x_wconf 81' lang='lat' dir='ltr'>eriperetur</span> <span class='ocrx_word' id='word_1_20' title='bbox 773 575 860 629; x_wconf 94' lang='lat' dir='ltr'>homo</span> <span class='ocrx_word' id='word_1_21' title='bbox 872 590 957 646; x_wconf 87' lang='lat' dir='ltr'>quem</span> 
     </span>
     <span class='ocr_line' id='line_1_5' title="bbox 112 663 955 738; baseline -0.006 -16"><span class='ocrx_word' id='word_1_22' title='bbox 112 683 164 722; x_wconf 90' lang='lat' dir='ltr'>nec</span> <span class='ocrx_word' id='word_1_23' title='bbox 175 667 235 738; x_wconf 87' lang='lat' dir='ltr'>ipse</span> <span class='ocrx_word' id='word_1_24' title='bbox 250 666 288 734; x_wconf 88' lang='lat' dir='ltr'>vi,</span> <span class='ocrx_word' id='word_1_25' title='bbox 300 664 350 720; x_wconf 90' lang='lat' dir='ltr'>sed</span> <span class='ocrx_word' id='word_1_26' title='bbox 360 664 545 736; x_wconf 83' lang='lat' dir='ltr'>persuasione</span> <span class='ocrx_word' id='word_1_27' title='bbox 555 668 667 736; x_wconf 78' lang='lat' dir='ltr'>ceperat</span> <span class='ocrx_word' id='word_1_28' title='bbox 680 663 781 736; x_wconf 86' lang='lat' dir='ltr'>:etqui</span> <span class='ocrx_word' id='word_1_29' title='bbox 789 663 955 735; x_wconf 87' lang='lat' dir='ltr'>justeplus¹</span> 
     </span>
     <span class='ocr_line' id='line_1_6' title="bbox 112 753 957 821; baseline -0.004 -12"><span class='ocrx_word' id='word_1_30' title='bbox 112 754 280 810; x_wconf 88' lang='lat' dir='ltr'>humiliatus</span> <span class='ocrx_word' id='word_1_31' title='bbox 298 758 349 821; x_wconf 89' lang='lat' dir='ltr'>est,</span> <span class='ocrx_word' id='word_1_32' title='bbox 373 757 406 808; x_wconf 88' lang='lat' dir='ltr'>ut</span> <span class='ocrx_word' id='word_1_33' title='bbox 431 753 549 808; x_wconf 86' lang='lat' dir='ltr'>serviret</span> <span class='ocrx_word' id='word_1_34' title='bbox 566 753 611 808; x_wconf 92' lang='lat' dir='ltr'>cui</span> <span class='ocrx_word' id='word_1_35' title='bbox 632 753 667 808; x_wconf 88' lang='lat' dir='ltr'>ad</span> <span class='ocrx_word' id='word_1_36' title='bbox 682 753 792 808; x_wconf 93' lang='lat' dir='ltr'>malum</span> <span class='ocrx_word' id='word_1_37' title='bbox 807 769 957 807; x_wconf 79' lang='lat' dir='ltr'>consenso·</span> 
     </span>
     <span class='ocr_line' id='line_1_7' title="bbox 112 841 956 916; baseline -0.005 -16"><span class='ocrx_word' id='word_1_38' title='bbox 112 848 167 910; x_wconf 88' lang='lat' dir='ltr'>rat,</span> <span class='ocrx_word' id='word_1_39' title='bbox 178 845 253 916; x_wconf 73' lang='lat' dir='ltr'>Juste</span> <span class='ocrx_word' id='word_1_40' title='bbox 264 858 392 915; x_wconf 92' lang='lat' dir='ltr'>pereum</span> <span class='ocrx_word' id='word_1_41' title='bbox 403 842 449 896; x_wconf 91' lang='lat' dir='ltr'>cui</span> <span class='ocrx_word' id='word_1_42' title='bbox 459 842 493 897; x_wconf 91' lang='lat' dir='ltr'>ad</span> <span class='ocrx_word' id='word_1_43' title='bbox 504 843 613 897; x_wconf 92' lang='lat' dir='ltr'>bonum</span> <span class='ocrx_word' id='word_1_44' title='bbox 622 841 956 909; x_wconf 87' lang='lat' dir='ltr'>consensitliberaretur;</span> 
     </span>
     <span class='ocr_line' id='line_1_8' title="bbox 114 921 958 1006; baseline -0.004 -18"><span class='ocrx_word' id='word_1_45' title='bbox 114 934 181 1006; x_wconf 90' lang='lat' dir='ltr'>quia</span> <span class='ocrx_word' id='word_1_46' title='bbox 194 933 291 988; x_wconf 90' lang='lat' dir='ltr'>minus</span> <span class='ocrx_word' id='word_1_47' title='bbox 305 932 359 988; x_wconf 92' lang='lat' dir='ltr'>iste</span> <span class='ocrx_word' id='word_1_48' title='bbox 374 932 405 986; x_wconf 91' lang='lat' dir='ltr'>in</span> <span class='ocrx_word' id='word_1_49' title='bbox 420 931 634 999; x_wconf 88' lang='lat' dir='ltr'>consentiendo,</span> <span class='ocrx_word' id='word_1_50' title='bbox 654 921 741 1003; x_wconf 82' lang='lat' dir='ltr'>quam</span> <span class='ocrx_word' id='word_1_51' title='bbox 765 930 812 986; x_wconf 93' lang='lat' dir='ltr'>ille</span> <span class='ocrx_word' id='word_1_52' title='bbox 839 931 869 985; x_wconf 92' lang='lat' dir='ltr'>in</span> <span class='ocrx_word' id='word_1_53' title='bbox 883 931 958 986; x_wconf 88' lang='lat' dir='ltr'>male</span> 
     </span>
     <span class='ocr_line' id='line_1_9' title="bbox 112 1022 443 1094; baseline -0.009 -16"><span class='ocrx_word' id='word_1_54' title='bbox 112 1022 258 1078; x_wconf 88' lang='lat' dir='ltr'>suadendo</span> <span class='ocrx_word' id='word_1_55' title='bbox 271 1024 443 1094; x_wconf 90' lang='lat' dir='ltr'>peccaverat.</span> 
     </span>
    </p>
   </div>
   <div class='ocr_carea' id='block_1_3' title="bbox 112 1163 957 1325">
    <p class='ocr_par' dir='ltr' id='par_1_3' title="bbox 112 1163 957 1325">
     <span class='ocr_line' id='line_1_10' title="bbox 112 1163 957 1233; baseline -0.006 -10"><span class='ocrx_word' id='word_1_56' title='bbox 112 1167 224 1223; x_wconf 72' lang='lat' dir='ltr'>CAPUT</span> <span class='ocrx_word' id='word_1_57' title='bbox 236 1167 280 1221; x_wconf 89' lang='lat' dir='ltr'>lll.</span> <span class='ocrx_word' id='word_1_58' title='bbox 296 1195 332 1205; x_wconf 91' lang='lat'>—</span> <span class='ocrx_word' id='word_1_59' title='bbox 346 1166 478 1222; x_wconf 76' lang='lat' dir='ltr'>creatura</span> <span class='ocrx_word' id='word_1_60' title='bbox 502 1165 560 1219; x_wconf 86' lang='lat' dir='ltr'>sive</span> <span class='ocrx_word' id='word_1_61' title='bbox 579 1166 609 1219; x_wconf 84' lang='lat' dir='ltr'>tn</span> <span class='ocrx_word' id='word_1_62' title='bbox 628 1163 740 1233; x_wconf 78' lang='lat' dir='ltr'>justitia</span> <span class='ocrx_word' id='word_1_63' title='bbox 763 1178 957 1233; x_wconf 81' lang='lat' dir='ltr'>permansura,</span> 
     </span>
     <span class='ocr_line' id='line_1_11' title="bbox 180 1253 884 1325; baseline -0.007 -14"><span class='ocrx_word' id='word_1_64' title='bbox 180 1257 237 1311; x_wconf 85' lang='lat' dir='ltr'>siue</span> <span class='ocrx_word' id='word_1_65' title='bbox 248 1256 370 1325; x_wconf 84' lang='lat' dir='ltr'>lapsuro,</span> <span class='ocrx_word' id='word_1_66' title='bbox 386 1253 423 1307; x_wconf 87' lang='lat' dir='ltr'>od</span> <span class='ocrx_word' id='word_1_67' title='bbox 433 1257 622 1325; x_wconf 82' lang='lat' dir='ltr'>¹ornamentum</span> <span class='ocrx_word' id='word_1_68' title='bbox 636 1254 758 1307; x_wconf 84' lang='lat' dir='ltr'>uniuersi</span> <span class='ocrx_word' id='word_1_69' title='bbox 771 1254 884 1319; x_wconf 75' lang='lat' dir='ltr'>confert.</span> 
     </span>
    </p>
   </div>
   <div class='ocr_carea' id='block_1_4' title="bbox 109 1391 955 1558">
    <p class='ocr_par' dir='ltr' id='par_1_4' title="bbox 109 1391 955 1558">
     <span class='ocr_line' id='line_1_12' title="bbox 144 1391 955 1467; baseline -0.012 -13"><span class='ocrx_word' id='word_1_70' title='bbox 144 1401 188 1455; x_wconf 77' lang='lat'>32.</span> <span class='ocrx_word' id='word_1_71' title='bbox 201 1399 321 1454; x_wconf 83' lang='lat' dir='ltr'>Natvuas</span> <span class='ocrx_word' id='word_1_72' title='bbox 335 1395 425 1467; x_wconf 91' lang='lat' dir='ltr'>igitur</span> <span class='ocrx_word' id='word_1_73' title='bbox 440 1410 539 1451; x_wconf 91' lang='lat' dir='ltr'>omnes</span> <span class='ocrx_word' id='word_1_74' title='bbox 553 1395 627 1448; x_wconf 87' lang='lat' dir='ltr'>Deus</span> <span class='ocrx_word' id='word_1_75' title='bbox 642 1392 716 1456; x_wconf 86' lang='lat' dir='ltr'>iecit,</span> <span class='ocrx_word' id='word_1_76' title='bbox 742 1408 800 1446; x_wconf 92' lang='lat' dir='ltr'>non</span> <span class='ocrx_word' id='word_1_77' title='bbox 813 1392 906 1446; x_wconf 91' lang='lat' dir='ltr'>solum</span> <span class='ocrx_word' id='word_1_78' title='bbox 926 1391 955 1445; x_wconf 92' lang='lat' dir='ltr'>in</span> 
     </span>
     <span class='ocr_line' id='line_1_13' title="bbox 109 1480 955 1558; baseline -0.008 -18"><span class='ocrx_word' id='word_1_79' title='bbox 109 1489 214 1543; x_wconf 82' lang='lat' dir='ltr'>virtute</span> <span class='ocrx_word' id='word_1_80' title='bbox 229 1491 314 1558; x_wconf 90' lang='lat' dir='ltr'>atque</span> <span class='ocrx_word' id='word_1_81' title='bbox 326 1484 439 1556; x_wconf 74' lang='lat' dir='ltr'>Justitia</span> <span class='ocrx_word' id='word_1_82' title='bbox 459 1498 671 1554; x_wconf 83' lang='lat' dir='ltr'>permansuras,</span> <span class='ocrx_word' id='word_1_83' title='bbox 688 1481 737 1537; x_wconf 90' lang='lat' dir='ltr'>sed</span> <span class='ocrx_word' id='word_1_84' title='bbox 756 1480 842 1535; x_wconf 89' lang='lat' dir='ltr'>etiam</span> <span class='ocrx_word' id='word_1_85' title='bbox 856 1496 955 1550; x_wconf 89' lang='lat' dir='ltr'>pecca-</span> 
     </span>
    </p>
   </div>
   <div class='ocr_carea' id='block_1_5' title="bbox 24 1568 956 5376">
    <p class='ocr_par' dir='ltr' id='par_1_5' title="bbox 102 1568 956 3150">
     <span class='ocr_line' id='line_1_14' title="bbox 110 1568 955 1644; baseline -0.004 -19"><span class='ocrx_word' id='word_1_86' title='bbox 110 1575 207 1638; x_wconf 87' lang='lat' dir='ltr'>turas;</span> <span class='ocrx_word' id='word_1_87' title='bbox 223 1587 282 1626; x_wconf 89' lang='lat' dir='ltr'>non</span> <span class='ocrx_word' id='word_1_88' title='bbox 297 1577 329 1626; x_wconf 91' lang='lat' dir='ltr'>ut</span> <span class='ocrx_word' id='word_1_89' title='bbox 340 1576 500 1644; x_wconf 86' lang='lat' dir='ltr'>peccarent,</span> <span class='ocrx_word' id='word_1_90' title='bbox 521 1571 571 1626; x_wconf 89' lang='lat' dir='ltr'>sed</span> <span class='ocrx_word' id='word_1_91' title='bbox 584 1575 616 1625; x_wconf 91' lang='lat' dir='ltr'>ut</span> <span class='ocrx_word' id='word_1_92' title='bbox 626 1575 720 1625; x_wconf 88' lang='lat' dir='ltr'>essent</span> <span class='ocrx_word' id='word_1_93' title='bbox 734 1573 876 1624; x_wconf 67' lang='lat' dir='ltr'>ornaturae</span> <span class='ocrx_word' id='word_1_94' title='bbox 890 1568 955 1623; x_wconf 92' lang='lat' dir='ltr'>uni-</span> 
     </span>
     <span class='ocr_line' id='line_1_15' title="bbox 109 1658 953 1730; baseline -0.002 -16"><span class='ocrx_word' id='word_1_95' title='bbox 109 1675 222 1714; x_wconf 83' lang='lat' dir='ltr'>versum</span> <span class='ocrx_word' id='word_1_96' title='bbox 239 1659 260 1728; x_wconf 85' lang='lat'>¹,</span> <span class='ocrx_word' id='word_1_97' title='bbox 284 1659 341 1714; x_wconf 90' lang='lat' dir='ltr'>sive</span> <span class='ocrx_word' id='word_1_98' title='bbox 365 1675 493 1730; x_wconf 88' lang='lat' dir='ltr'>peccare,</span> <span class='ocrx_word' id='word_1_99' title='bbox 510 1659 568 1713; x_wconf 85' lang='lat' dir='ltr'>sive</span> <span class='ocrx_word' id='word_1_100' title='bbox 583 1675 641 1713; x_wconf 95' lang='lat' dir='ltr'>non</span> <span class='ocrx_word' id='word_1_101' title='bbox 656 1675 774 1729; x_wconf 86' lang='lat' dir='ltr'>peccare</span> <span class='ocrx_word' id='word_1_102' title='bbox 788 1658 953 1712; x_wconf 86' lang='lat' dir='ltr'>voluissent.</span> 
     </span>
     <span class='ocr_line' id='line_1_16' title="bbox 108 1746 956 1818; baseline -0.001 -17"><span class='ocrx_word' id='word_1_103' title='bbox 108 1747 229 1802; x_wconf 85' lang='lat' dir='ltr'>sienim</span> <span class='ocrx_word' id='word_1_104' title='bbox 246 1748 333 1803; x_wconf 88' lang='lat' dir='ltr'>rebus</span> <span class='ocrx_word' id='word_1_105' title='bbox 350 1749 481 1804; x_wconf 87' lang='lat' dir='ltr'>deessent</span> <span class='ocrx_word' id='word_1_106' title='bbox 495 1748 598 1802; x_wconf 86' lang='lat' dir='ltr'>animos</span> <span class='ocrx_word' id='word_1_107' title='bbox 614 1764 678 1818; x_wconf 76' lang='lat' dir='ltr'>quta</span> <span class='ocrx_word' id='word_1_108' title='bbox 696 1747 792 1818; x_wconf 92' lang='lat' dir='ltr'>ipsum</span> <span class='ocrx_word' id='word_1_109' title='bbox 808 1746 956 1816; x_wconf 87' lang='lat' dir='ltr'>fastigium</span> 
     </span>
     <span class='ocr_line' id='line_1_17' title="bbox 108 1836 954 1909; baseline -0.002 -17"><span class='ocrx_word' id='word_1_110' title='bbox 108 1837 216 1893; x_wconf 86' lang='lat' dir='ltr'>ordinis</span> <span class='ocrx_word' id='word_1_111' title='bbox 230 1837 259 1892; x_wconf 91' lang='lat' dir='ltr'>in</span> <span class='ocrx_word' id='word_1_112' title='bbox 275 1838 406 1893; x_wconf 88' lang='lat' dir='ltr'>universa</span> <span class='ocrx_word' id='word_1_113' title='bbox 418 1843 548 1894; x_wconf 88' lang='lat' dir='ltr'>creatura</span> <span class='ocrx_word' id='word_1_114' title='bbox 558 1838 598 1892; x_wconf 89' lang='lat' dir='ltr'>sic</span> <span class='ocrx_word' id='word_1_115' title='bbox 613 1837 787 1904; x_wconf 82' lang='lat' dir='ltr'>obtinerent,</span> <span class='ocrx_word' id='word_1_116' title='bbox 802 1842 835 1891; x_wconf 88' lang='lat' dir='ltr'>ut</span> <span class='ocrx_word' id='word_1_117' title='bbox 850 1836 873 1891; x_wconf 92' lang='lat' dir='ltr'>si</span> <span class='ocrx_word' id='word_1_118' title='bbox 887 1853 954 1909; x_wconf 90' lang='lat' dir='ltr'>pec·</span> 
     </span>
     <span class='ocr_line' id='line_1_18' title="bbox 107 1925 956 1994; baseline -0.004 -13"><span class='ocrx_word' id='word_1_119' title='bbox 107 1942 171 1981; x_wconf 89' lang='lat' dir='ltr'>caro</span> <span class='ocrx_word' id='word_1_120' title='bbox 185 1927 351 1994; x_wconf 86' lang='lat' dir='ltr'>voluissent,</span> <span class='ocrx_word' id='word_1_121' title='bbox 366 1927 562 1983; x_wconf 89' lang='lat' dir='ltr'>infirmaretur</span> <span class='ocrx_word' id='word_1_122' title='bbox 576 1933 604 1982; x_wconf 92' lang='lat' dir='ltr'>et</span> <span class='ocrx_word' id='word_1_123' title='bbox 618 1926 836 1982; x_wconf 85' lang='lat' dir='ltr'>labefactaretur</span> <span class='ocrx_word' id='word_1_124' title='bbox 845 1925 956 1980; x_wconf 89' lang='lat' dir='ltr'>univer-</span> 
     </span>
     <span class='ocr_line' id='line_1_19' title="bbox 108 2013 955 2088; baseline -0.002 -18"><span class='ocrx_word' id='word_1_125' title='bbox 108 2016 187 2083; x_wconf 89' lang='lat' dir='ltr'>sitas,</span> <span class='ocrx_word' id='word_1_126' title='bbox 200 2032 339 2088; x_wconf 91' lang='lat' dir='ltr'>magnum</span> <span class='ocrx_word' id='word_1_127' title='bbox 350 2016 488 2088; x_wconf 89' lang='lat' dir='ltr'>quiddam</span> <span class='ocrx_word' id='word_1_128' title='bbox 497 2016 607 2072; x_wconf 86' lang='lat' dir='ltr'>deesset</span> <span class='ocrx_word' id='word_1_129' title='bbox 617 2020 762 2074; x_wconf 72' lang='lat' dir='ltr'>‚creatura</span> <span class='ocrx_word' id='word_1_130' title='bbox 772 2032 779 2069; x_wconf 90' lang='lat'>:</span> <span class='ocrx_word' id='word_1_131' title='bbox 790 2015 862 2071; x_wconf 90' lang='lat' dir='ltr'>illud</span> <span class='ocrx_word' id='word_1_132' title='bbox 877 2013 955 2070; x_wconf 92' lang='lat' dir='ltr'>euim</span> 
     </span>
     <span class='ocr_line' id='line_1_20' title="bbox 107 2102 955 2176; baseline -0.005 -15"><span class='ocrx_word' id='word_1_133' title='bbox 107 2105 228 2174; x_wconf 88' lang='lat' dir='ltr'>deesset,</span> <span class='ocrx_word' id='word_1_134' title='bbox 245 2122 303 2176; x_wconf 87' lang='lat' dir='ltr'>qno</span> <span class='ocrx_word' id='word_1_135' title='bbox 318 2111 430 2161; x_wconf 91' lang='lat' dir='ltr'>remoto</span> <span class='ocrx_word' id='word_1_136' title='bbox 444 2105 583 2160; x_wconf 89' lang='lat' dir='ltr'>stabilitas</span> <span class='ocrx_word' id='word_1_137' title='bbox 597 2121 696 2160; x_wconf 90' lang='lat' dir='ltr'>rerum</span> <span class='ocrx_word' id='word_1_138' title='bbox 712 2109 797 2176; x_wconf 87' lang='lat' dir='ltr'>atque</span> <span class='ocrx_word' id='word_1_139' title='bbox 815 2102 955 2159; x_wconf 81' lang='lat' dir='ltr'>connexio</span> 
     </span>
     <span class='ocr_line' id='line_1_21' title="bbox 107 2192 955 2265; baseline -0.001 -18"><span class='ocrx_word' id='word_1_140' title='bbox 107 2193 280 2248; x_wconf 87' lang='lat' dir='ltr'>turbaretur.</span> <span class='ocrx_word' id='word_1_141' title='bbox 297 2195 378 2249; x_wconf 85' lang='lat' dir='ltr'>Tales</span> <span class='ocrx_word' id='word_1_142' title='bbox 388 2198 455 2248; x_wconf 92' lang='lat' dir='ltr'>sunt</span> <span class='ocrx_word' id='word_1_143' title='bbox 471 2193 599 2265; x_wconf 71' lang='lat' dir='ltr'>optimae,</span> <span class='ocrx_word' id='word_1_144' title='bbox 609 2199 638 2248; x_wconf 89' lang='lat' dir='ltr'>ct</span> <span class='ocrx_word' id='word_1_145' title='bbox 650 2197 765 2262; x_wconf 82' lang='lat' dir='ltr'>sanctae,</span> <span class='ocrx_word' id='word_1_146' title='bbox 780 2198 809 2248; x_wconf 94' lang='lat' dir='ltr'>et</span> <span class='ocrx_word' id='word_1_147' title='bbox 818 2192 955 2247; x_wconf 90' lang='lat' dir='ltr'>sublimes</span> 
     </span>
     <span class='ocr_line' id='line_1_22' title="bbox 107 2281 952 2354; baseline 0 -18"><span class='ocrx_word' id='word_1_148' title='bbox 107 2286 245 2337; x_wconf 75' lang='lat' dir='ltr'>creaturae</span> <span class='ocrx_word' id='word_1_149' title='bbox 271 2281 429 2337; x_wconf 89' lang='lat' dir='ltr'>coelestium</span> <span class='ocrx_word' id='word_1_150' title='bbox 444 2282 488 2336; x_wconf 89' lang='lat' dir='ltr'>vel</span> <span class='ocrx_word' id='word_1_151' title='bbox 502 2282 745 2353; x_wconf 88' lang='lat' dir='ltr'>supercoelestium</span> <span class='ocrx_word' id='word_1_152' title='bbox 769 2286 952 2354; x_wconf 90' lang='lat' dir='ltr'>potestatum,</span> 
     </span>
     <span class='ocr_line' id='line_1_23' title="bbox 108 2369 955 2441; baseline 0.002 -17"><span class='ocrx_word' id='word_1_153' title='bbox 108 2369 212 2441; x_wconf 87' lang='lat' dir='ltr'>quibus</span> <span class='ocrx_word' id='word_1_154' title='bbox 222 2371 299 2425; x_wconf 89' lang='lat' dir='ltr'>solus</span> <span class='ocrx_word' id='word_1_155' title='bbox 312 2371 387 2424; x_wconf 84' lang='lat' dir='ltr'>Deus</span> <span class='ocrx_word' id='word_1_156' title='bbox 402 2370 524 2440; x_wconf 90' lang='lat' dir='ltr'>imperat</span> <span class='ocrx_word' id='word_1_157' title='bbox 536 2386 543 2437; x_wconf 92' lang='lat'>;</span> <span class='ocrx_word' id='word_1_158' title='bbox 560 2370 710 2425; x_wconf 90' lang='lat' dir='ltr'>universus</span> <span class='ocrx_word' id='word_1_159' title='bbox 721 2374 816 2426; x_wconf 89' lang='lat' dir='ltr'>autem</span> <span class='ocrx_word' id='word_1_160' title='bbox 829 2372 955 2426; x_wconf 88' lang='lat' dir='ltr'>muudus</span> 
     </span>
     <span class='ocr_line' id='line_1_24' title="bbox 107 2457 954 2530; baseline 0.004 -19"><span class='ocrx_word' id='word_1_161' title='bbox 107 2457 250 2528; x_wconf 86' lang='lat' dir='ltr'>subjectus</span> <span class='ocrx_word' id='word_1_162' title='bbox 263 2461 317 2513; x_wconf 91' lang='lat' dir='ltr'>est.</span> <span class='ocrx_word' id='word_1_163' title='bbox 333 2457 400 2512; x_wconf 87' lang='lat' dir='ltr'>Sine</span> <span class='ocrx_word' id='word_1_164' title='bbox 415 2457 534 2512; x_wconf 87' lang='lat' dir='ltr'>istarum</span> <span class='ocrx_word' id='word_1_165' title='bbox 553 2458 654 2513; x_wconf 83' lang='lat' dir='ltr'>ciliciis</span> <span class='ocrx_word' id='word_1_166' title='bbox 664 2460 749 2529; x_wconf 89' lang='lat' dir='ltr'>justis</span> <span class='ocrx_word' id='word_1_167' title='bbox 759 2464 846 2530; x_wconf 91' lang='lat' dir='ltr'>atque</span> <span class='ocrx_word' id='word_1_168' title='bbox 860 2461 926 2530; x_wconf 84' lang='lat' dir='ltr'>perf</span> <span class='ocrx_word' id='word_1_169' title='bbox 942 2490 954 2501; x_wconf 94' lang='lat'>-</span> 
     </span>
     <span class='ocr_line' id='line_1_25' title="bbox 107 2545 953 2620; baseline 0.005 -21"><span class='ocrx_word' id='word_1_170' title='bbox 107 2545 160 2600; x_wconf 92' lang='lat' dir='ltr'>ctis</span> <span class='ocrx_word' id='word_1_171' title='bbox 172 2561 234 2601; x_wconf 86' lang='lat' dir='ltr'>essa</span> <span class='ocrx_word' id='word_1_172' title='bbox 245 2546 414 2602; x_wconf 83' lang='lat' dir='ltr'>universitas</span> <span class='ocrx_word' id='word_1_173' title='bbox 424 2562 483 2602; x_wconf 95' lang='lat' dir='ltr'>non</span> <span class='ocrx_word' id='word_1_174' title='bbox 494 2551 598 2618; x_wconf 92' lang='lat' dir='ltr'>potest.</span> <span class='ocrx_word' id='word_1_175' title='bbox 610 2549 692 2616; x_wconf 86' lang='lat' dir='ltr'>ltem,</span> <span class='ocrx_word' id='word_1_176' title='bbox 707 2547 732 2601; x_wconf 90' lang='lat' dir='ltr'>si</span> <span class='ocrx_word' id='word_1_177' title='bbox 744 2548 874 2603; x_wconf 86' lang='lat' dir='ltr'>deessent</span> <span class='ocrx_word' id='word_1_178' title='bbox 888 2565 953 2620; x_wconf 73' lang='lat' dir='ltr'>quea</span> 
     </span>
     <span class='ocr_line' id='line_1_26' title="bbox 106 2634 954 2707; baseline 0.004 -20"><span class='ocrx_word' id='word_1_179' title='bbox 106 2635 163 2688; x_wconf 89' lang='lat' dir='ltr'>sive</span> <span class='ocrx_word' id='word_1_180' title='bbox 177 2638 336 2707; x_wconf 88' lang='lat' dir='ltr'>peccarent,</span> <span class='ocrx_word' id='word_1_181' title='bbox 351 2634 409 2689; x_wconf 86' lang='lat' dir='ltr'>sive</span> <span class='ocrx_word' id='word_1_182' title='bbox 425 2650 485 2689; x_wconf 86' lang='lat' dir='ltr'>non</span> <span class='ocrx_word' id='word_1_183' title='bbox 498 2641 657 2706; x_wconf 89' lang='lat' dir='ltr'>peccarent,</span> <span class='ocrx_word' id='word_1_184' title='bbox 675 2635 746 2691; x_wconf 90' lang='lat' dir='ltr'>nihil</span> <span class='ocrx_word' id='word_1_185' title='bbox 760 2635 954 2691; x_wconf 89' lang='lat' dir='ltr'>universitatis</span> 
     </span>
     <span class='ocr_line' id='line_1_27' title="bbox 106 2722 952 2795; baseline 0.002 -18"><span class='ocrx_word' id='word_1_186' title='bbox 106 2722 201 2777; x_wconf 93' lang='lat' dir='ltr'>ordini</span> <span class='ocrx_word' id='word_1_187' title='bbox 212 2723 401 2789; x_wconf 87' lang='lat' dir='ltr'>minueretur,</span> <span class='ocrx_word' id='word_1_188' title='bbox 411 2722 496 2777; x_wconf 89' lang='lat' dir='ltr'>etiam</span> <span class='ocrx_word' id='word_1_189' title='bbox 503 2723 705 2795; x_wconf 90' lang='lat' dir='ltr'>sicpturimum</span> <span class='ocrx_word' id='word_1_190' title='bbox 715 2724 833 2779; x_wconf 89' lang='lat' dir='ltr'>deesset.</span> <span class='ocrx_word' id='word_1_191' title='bbox 840 2724 952 2780; x_wconf 82' lang='lat' dir='ltr'>Animae</span> 
     </span>
     <span class='ocr_line' id='line_1_28' title="bbox 104 2811 952 2885; baseline 0.005 -21"><span class='ocrx_word' id='word_1_192' title='bbox 104 2815 171 2866; x_wconf 90' lang='lat' dir='ltr'>sunt</span> <span class='ocrx_word' id='word_1_193' title='bbox 186 2811 264 2867; x_wconf 91' lang='lat' dir='ltr'>enim</span> <span class='ocrx_word' id='word_1_194' title='bbox 276 2811 443 2875; x_wconf 85' lang='lat' dir='ltr'>rationales,</span> <span class='ocrx_word' id='word_1_195' title='bbox 461 2815 490 2866; x_wconf 91' lang='lat' dir='ltr'>et</span> <span class='ocrx_word' id='word_1_196' title='bbox 503 2811 560 2866; x_wconf 92' lang='lat' dir='ltr'>illis</span> <span class='ocrx_word' id='word_1_197' title='bbox 573 2812 768 2884; x_wconf 91' lang='lat' dir='ltr'>superioribus</span> <span class='ocrx_word' id='word_1_198' title='bbox 779 2813 872 2868; x_wconf 86' lang='lat' dir='ltr'>olticio</span> <span class='ocrx_word' id='word_1_199' title='bbox 887 2813 952 2885; x_wconf 89' lang='lat' dir='ltr'>qui-</span> 
     </span>
     <span class='ocr_line' id='line_1_29' title="bbox 103 2900 951 2974; baseline 0.001 -18"><span class='ocrx_word' id='word_1_200' title='bbox 103 2900 169 2956; x_wconf 93' lang='lat' dir='ltr'>dem</span> <span class='ocrx_word' id='word_1_201' title='bbox 184 2900 318 2973; x_wconf 89' lang='lat' dir='ltr'>impares,</span> <span class='ocrx_word' id='word_1_202' title='bbox 342 2901 391 2956; x_wconf 91' lang='lat' dir='ltr'>sed</span> <span class='ocrx_word' id='word_1_203' title='bbox 406 2905 509 2956; x_wconf 90' lang='lat' dir='ltr'>natura</span> <span class='ocrx_word' id='word_1_204' title='bbox 527 2918 628 2974; x_wconf 90' lang='lat' dir='ltr'>pares:</span> <span class='ocrx_word' id='word_1_205' title='bbox 646 2903 750 2973; x_wconf 86' lang='lat' dir='ltr'>quibus</span> <span class='ocrx_word' id='word_1_206' title='bbox 770 2902 862 2958; x_wconf 90' lang='lat' dir='ltr'>adhuc</span> <span class='ocrx_word' id='word_1_207' title='bbox 878 2902 951 2957; x_wconf 85' lang='lat' dir='ltr'>inle-</span> 
     </span>
     <span class='ocr_line' id='line_1_30' title="bbox 102 2989 951 3058; baseline 0.004 -14"><span class='ocrx_word' id='word_1_208' title='bbox 102 2991 193 3045; x_wconf 91' lang='lat' dir='ltr'>riores</span> <span class='ocrx_word' id='word_1_209' title='bbox 207 2994 273 3044; x_wconf 90' lang='lat' dir='ltr'>sunt</span> <span class='ocrx_word' id='word_1_210' title='bbox 287 2989 381 3058; x_wconf 90' lang='lat' dir='ltr'>multi,</span> <span class='ocrx_word' id='word_1_211' title='bbox 397 2993 535 3045; x_wconf 89' lang='lat' dir='ltr'>ettamen</span> <span class='ocrx_word' id='word_1_212' title='bbox 549 2990 706 3047; x_wconf 88' lang='lat' dir='ltr'>laudabiles</span> <span class='ocrx_word' id='word_1_213' title='bbox 725 3009 742 3046; x_wconf 88' lang='lat' dir='ltr'>a</span> <span class='ocrx_word' id='word_1_214' title='bbox 761 3008 874 3048; x_wconf 92' lang='lat' dir='ltr'>summo</span> <span class='ocrx_word' id='word_1_215' title='bbox 894 2992 951 3047; x_wconf 74' lang='lat' dir='ltr'>lieo</span> 
     </span>
     <span class='ocr_line' id='line_1_31' title="bbox 102 3078 556 3150; baseline 0 -16"><span class='ocrx_word' id='word_1_216' title='bbox 102 3078 322 3134; x_wconf 90' lang='lat' dir='ltr'>constitutarum</span> <span class='ocrx_word' id='word_1_217' title='bbox 334 3086 431 3133; x_wconf 82' lang='lat' dir='ltr'>r‘erum</span> <span class='ocrx_word' id='word_1_218' title='bbox 443 3079 556 3150; x_wconf 80' lang='lat' dir='ltr'>gradm.</span> 
     </span>
    </p>

    <p class='ocr_par' dir='ltr' id='par_1_6' title="bbox 24 3167 951 5278">
     <span class='ocr_line' id='line_1_32' title="bbox 139 3167 950 3240; baseline 0.001 -17"><span class='ocrx_word' id='word_1_219' title='bbox 139 3170 183 3223; x_wconf 99' lang='grc'>33.</span> <span class='ocrx_word' id='word_1_220' title='bbox 200 3167 252 3221; x_wconf 87' lang='lat' dir='ltr'>llla</span> <span class='ocrx_word' id='word_1_221' title='bbox 267 3182 335 3238; x_wconf 88' lang='lat' dir='ltr'>ergo</span> <span class='ocrx_word' id='word_1_222' title='bbox 349 3171 452 3222; x_wconf 89' lang='lat' dir='ltr'>natura</span> <span class='ocrx_word' id='word_1_223' title='bbox 463 3167 639 3222; x_wconf 88' lang='lat' dir='ltr'>sublimioris</span> <span class='ocrx_word' id='word_1_224' title='bbox 649 3167 734 3224; x_wconf 86' lang='lat' dir='ltr'>officii</span> <span class='ocrx_word' id='word_1_225' title='bbox 746 3173 798 3236; x_wconf 89' lang='lat' dir='ltr'>est,</span> <span class='ocrx_word' id='word_1_226' title='bbox 813 3185 878 3240; x_wconf 76' lang='lat' dir='ltr'>quse</span> <span class='ocrx_word' id='word_1_227' title='bbox 890 3185 950 3224; x_wconf 94' lang='lat' dir='ltr'>non</span> 
     </span>
     <span class='ocr_line' id='line_1_33' title="bbox 101 3255 951 3329; baseline 0.002 -18"><span class='ocrx_word' id='word_1_228' title='bbox 101 3257 194 3311; x_wconf 88' lang='lat' dir='ltr'>solum</span> <span class='ocrx_word' id='word_1_229' title='bbox 210 3255 306 3311; x_wconf 91' lang='lat' dir='ltr'>sinon</span> <span class='ocrx_word' id='word_1_230' title='bbox 327 3258 410 3322; x_wconf 90' lang='lat' dir='ltr'>esset,</span> <span class='ocrx_word' id='word_1_231' title='bbox 438 3257 487 3312; x_wconf 90' lang='lat' dir='ltr'>sed</span> <span class='ocrx_word' id='word_1_232' title='bbox 509 3257 619 3311; x_wconf 91' lang='lat' dir='ltr'>etiamsi</span> <span class='ocrx_word' id='word_1_233' title='bbox 637 3262 778 3329; x_wconf 88' lang='lat' dir='ltr'>peccaret,</span> <span class='ocrx_word' id='word_1_234' title='bbox 807 3258 951 3314; x_wconf 91' lang='lat' dir='ltr'>minueret</span> 
     </span>
     <span class='ocr_line' id='line_1_34' title="bbox 103 3344 949 3419; baseline 0.004 -19"><span class='ocrx_word' id='word_1_235' title='bbox 103 3345 231 3400; x_wconf 90' lang='lat' dir='ltr'>ordinem</span> <span class='ocrx_word' id='word_1_236' title='bbox 248 3344 454 3401; x_wconf 90' lang='lat' dir='ltr'>universitatis.</span> <span class='ocrx_word' id='word_1_237' title='bbox 482 3345 627 3400; x_wconf 84' lang='lat' dir='ltr'>inferioris</span> <span class='ocrx_word' id='word_1_238' title='bbox 647 3345 734 3400; x_wconf 79' lang='lat' dir='ltr'>oflicii</span> <span class='ocrx_word' id='word_1_239' title='bbox 749 3350 791 3400; x_wconf 93' lang='lat' dir='ltr'>cst</span> <span class='ocrx_word' id='word_1_240' title='bbox 803 3345 868 3413; x_wconf 88' lang='lat' dir='ltr'>ista,</span> <span class='ocrx_word' id='word_1_241' title='bbox 884 3364 949 3419; x_wconf 76' lang='lat' dir='ltr'>quae</span> 
     </span>
     <span class='ocr_line' id='line_1_35' title="bbox 100 3435 949 3508; baseline 0.001 -17"><span class='ocrx_word' id='word_1_242' title='bbox 100 3435 301 3491; x_wconf 84' lang='lat' dir='ltr'>tantummodo</span> <span class='ocrx_word' id='word_1_243' title='bbox 313 3435 337 3488; x_wconf 90' lang='lat' dir='ltr'>si</span> <span class='ocrx_word' id='word_1_244' title='bbox 351 3451 410 3489; x_wconf 93' lang='lat' dir='ltr'>non</span> <span class='ocrx_word' id='word_1_245' title='bbox 425 3439 508 3503; x_wconf 90' lang='lat' dir='ltr'>esset,</span> <span class='ocrx_word' id='word_1_246' title='bbox 521 3451 577 3489; x_wconf 92' lang='lat' dir='ltr'>nou</span> <span class='ocrx_word' id='word_1_247' title='bbox 593 3439 689 3490; x_wconf 89' lang='lat' dir='ltr'>autem</span> <span class='ocrx_word' id='word_1_248' title='bbox 705 3435 727 3490; x_wconf 93' lang='lat' dir='ltr'>si</span> <span class='ocrx_word' id='word_1_249' title='bbox 747 3440 885 3508; x_wconf 88' lang='lat' dir='ltr'>peccaret,</span> <span class='ocrx_word' id='word_1_250' title='bbox 899 3437 949 3492; x_wconf 86' lang='lat' dir='ltr'>ali·</span> 
     </span>
     <span class='ocr_line' id='line_1_36' title="bbox 99 3522 949 3597; baseline 0.006 -21"><span class='ocrx_word' id='word_1_251' title='bbox 99 3522 168 3594; x_wconf 88' lang='lat' dir='ltr'>quid</span> <span class='ocrx_word' id='word_1_252' title='bbox 181 3523 276 3577; x_wconf 91' lang='lat' dir='ltr'>minus</span> <span class='ocrx_word' id='word_1_253' title='bbox 290 3523 410 3578; x_wconf 89' lang='lat' dir='ltr'>haberet</span> <span class='ocrx_word' id='word_1_254' title='bbox 422 3523 601 3579; x_wconf 84' lang='lat' dir='ltr'>universitas.</span> <span class='ocrx_word' id='word_1_255' title='bbox 618 3524 742 3594; x_wconf 68' lang='lat' dir='ltr'>llli,data</span> <span class='ocrx_word' id='word_1_256' title='bbox 763 3528 805 3579; x_wconf 90' lang='lat' dir='ltr'>est</span> <span class='ocrx_word' id='word_1_257' title='bbox 820 3525 949 3597; x_wconf 86' lang='lat' dir='ltr'>potentia</span> 
     </span>
     <span class='ocr_line' id='line_1_37' title="bbox 98 3611 947 3686; baseline 0.002 -20"><span class='ocrx_word' id='word_1_258' title='bbox 98 3611 195 3666; x_wconf 88' lang='lat' dir='ltr'>omnia</span> <span class='ocrx_word' id='word_1_259' title='bbox 218 3612 381 3667; x_wconf 90' lang='lat' dir='ltr'>continendi</span> <span class='ocrx_word' id='word_1_260' title='bbox 405 3611 499 3667; x_wconf 86' lang='lat' dir='ltr'>oliicio</span> <span class='ocrx_word' id='word_1_261' title='bbox 525 3613 654 3685; x_wconf 92' lang='lat' dir='ltr'>proprio,</span> <span class='ocrx_word' id='word_1_262' title='bbox 679 3613 757 3686; x_wconf 92' lang='lat' dir='ltr'>quod</span> <span class='ocrx_word' id='word_1_263' title='bbox 780 3630 877 3670; x_wconf 91' lang='lat' dir='ltr'>rerum</span> <span class='ocrx_word' id='word_1_264' title='bbox 901 3632 947 3670; x_wconf 93' lang='lat' dir='ltr'>or-</span> 
     </span>
     <span class='ocr_line' id='line_1_38' title="bbox 99 3697 947 3772; baseline 0.005 -18"><span class='ocrx_word' id='word_1_265' title='bbox 99 3697 161 3754; x_wconf 92' lang='lat' dir='ltr'>dini</span> <span class='ocrx_word' id='word_1_266' title='bbox 175 3699 272 3755; x_wconf 89' lang='lat' dir='ltr'>deesse</span> <span class='ocrx_word' id='word_1_267' title='bbox 287 3716 346 3755; x_wconf 90' lang='lat' dir='ltr'>nou</span> <span class='ocrx_word' id='word_1_268' title='bbox 369 3700 478 3772; x_wconf 90' lang='lat' dir='ltr'>possit:</span> <span class='ocrx_word' id='word_1_269' title='bbox 504 3717 556 3756; x_wconf 89' lang='lat' dir='ltr'>nec</span> <span class='ocrx_word' id='word_1_270' title='bbox 570 3700 634 3757; x_wconf 90' lang='lat' dir='ltr'>ideo</span> <span class='ocrx_word' id='word_1_271' title='bbox 658 3702 688 3758; x_wconf 93' lang='lat' dir='ltr'>in</span> <span class='ocrx_word' id='word_1_272' title='bbox 703 3703 779 3758; x_wconf 91' lang='lat' dir='ltr'>bona</span> <span class='ocrx_word' id='word_1_273' title='bbox 801 3703 947 3759; x_wconf 86' lang='lat' dir='ltr'>voluntate</span> 
     </span>
     <span class='ocr_line' id='line_1_39' title="bbox 97 3788 946 3861; baseline 0.007 -20"><span class='ocrx_word' id='word_1_274' title='bbox 97 3792 257 3858; x_wconf 89' lang='lat' dir='ltr'>permanet,</span> <span class='ocrx_word' id='word_1_275' title='bbox 274 3788 410 3859; x_wconf 87' lang='lat' dir='ltr'>quiahoc</span> <span class='ocrx_word' id='word_1_276' title='bbox 426 3789 534 3861; x_wconf 90' lang='lat' dir='ltr'>accepit</span> <span class='ocrx_word' id='word_1_277' title='bbox 548 3790 693 3858; x_wconf 87' lang='lat' dir='ltr'>officium;</span> <span class='ocrx_word' id='word_1_278' title='bbox 720 3792 769 3846; x_wconf 91' lang='lat' dir='ltr'>sed</span> <span class='ocrx_word' id='word_1_279' title='bbox 788 3792 852 3847; x_wconf 89' lang='lat' dir='ltr'>ideo</span> <span class='ocrx_word' id='word_1_280' title='bbox 868 3809 946 3847; x_wconf 88' lang='lat' dir='ltr'>acce-</span> 
     </span>
     <span class='ocr_line' id='line_1_40' title="bbox 96 3873 945 3950; baseline 0.009 -23"><span class='ocrx_word' id='word_1_281' title='bbox 96 3873 149 3944; x_wconf 90' lang='lat' dir='ltr'>pit,</span> <span class='ocrx_word' id='word_1_282' title='bbox 162 3874 301 3946; x_wconf 91' lang='lat' dir='ltr'>quoniam</span> <span class='ocrx_word' id='word_1_283' title='bbox 309 3876 344 3929; x_wconf 93' lang='lat' dir='ltr'>ab</span> <span class='ocrx_word' id='word_1_284' title='bbox 355 3875 404 3928; x_wconf 88' lang='lat' dir='ltr'>illo</span> <span class='ocrx_word' id='word_1_285' title='bbox 416 3876 464 3946; x_wconf 88' lang='lat' dir='ltr'>qui</span> <span class='ocrx_word' id='word_1_286' title='bbox 475 3877 553 3931; x_wconf 90' lang='lat' dir='ltr'>dedit</span> <span class='ocrx_word' id='word_1_287' title='bbox 565 3894 751 3947; x_wconf 91' lang='lat' dir='ltr'>permansura</span> <span class='ocrx_word' id='word_1_288' title='bbox 760 3881 882 3950; x_wconf 72' lang='lat' dir='ltr'>praevisa</span> <span class='ocrx_word' id='word_1_289' title='bbox 892 3886 945 3936; x_wconf 90' lang='lat' dir='ltr'>est.</span> 
     </span>
     <span class='ocr_line' id='line_1_41' title="bbox 24 3961 945 4034; baseline 0.01 -19"><span class='ocrx_word' id='word_1_290' title='bbox 24 4012 25 4016; x_wconf 75' lang='grc'>,</span> <span class='ocrx_word' id='word_1_291' title='bbox 96 3961 153 4015; x_wconf 90' lang='lat' dir='ltr'>Nec</span> <span class='ocrx_word' id='word_1_292' title='bbox 172 3965 269 4017; x_wconf 89' lang='lat' dir='ltr'>tamen</span> <span class='ocrx_word' id='word_1_293' title='bbox 293 3979 345 4017; x_wconf 90' lang='lat' dir='ltr'>sua</span> <span class='ocrx_word' id='word_1_294' title='bbox 363 3965 511 4034; x_wconf 87' lang='lat' dir='ltr'>majestate</span> <span class='ocrx_word' id='word_1_295' title='bbox 527 3967 655 4022; x_wconf 88' lang='lat' dir='ltr'>continet</span> <span class='ocrx_word' id='word_1_296' title='bbox 668 3967 775 4032; x_wconf 92' lang='lat' dir='ltr'>omnia,</span> <span class='ocrx_word' id='word_1_297' title='bbox 793 3969 843 4024; x_wconf 90' lang='lat' dir='ltr'>sed</span> <span class='ocrx_word' id='word_1_298' title='bbox 855 3968 945 4024; x_wconf 83' lang='lat' dir='ltr'>inlue-</span> 
     </span>
     <span class='ocr_line' id='line_1_42' title="bbox 95 4049 944 4126; baseline 0.012 -23"><span class='ocrx_word' id='word_1_299' title='bbox 95 4049 184 4105; x_wconf 91' lang='lat' dir='ltr'>rendo</span> <span class='ocrx_word' id='word_1_300' title='bbox 199 4049 277 4105; x_wconf 92' lang='lat' dir='ltr'>illius</span> <span class='ocrx_word' id='word_1_301' title='bbox 296 4050 451 4123; x_wconf 89' lang='lat' dir='ltr'>majestati,</span> <span class='ocrx_word' id='word_1_302' title='bbox 477 4056 506 4108; x_wconf 93' lang='lat' dir='ltr'>et</span> <span class='ocrx_word' id='word_1_303' title='bbox 529 4053 590 4125; x_wconf 75' lang='lat' dir='ltr'>oJus</span> <span class='ocrx_word' id='word_1_304' title='bbox 609 4054 739 4126; x_wconf 89' lang='lat' dir='ltr'>imperiis</span> <span class='ocrx_word' id='word_1_305' title='bbox 762 4056 944 4113; x_wconf 87' lang='lat' dir='ltr'>devotissime</span> 
     </span>
     <span class='ocr_line' id='line_1_43' title="bbox 94 4138 945 4216; baseline 0.011 -23"><span class='ocrx_word' id='word_1_306' title='bbox 94 4138 330 4211; x_wconf 88' lang='lat' dir='ltr'>obtemperando,</span> <span class='ocrx_word' id='word_1_307' title='bbox 342 4157 358 4195; x_wconf 90' lang='lat' dir='ltr'>a</span> <span class='ocrx_word' id='word_1_308' title='bbox 368 4156 425 4212; x_wconf 90' lang='lat' dir='ltr'>quo</span> <span class='ocrx_word' id='word_1_309' title='bbox 437 4144 526 4212; x_wconf 90' lang='lat' dir='ltr'>etper</span> <span class='ocrx_word' id='word_1_310' title='bbox 541 4159 626 4214; x_wconf 88' lang='lat' dir='ltr'>quern</span> <span class='ocrx_word' id='word_1_311' title='bbox 640 4145 705 4199; x_wconf 88' lang='lat' dir='ltr'>etin</span> <span class='ocrx_word' id='word_1_312' title='bbox 718 4160 774 4216; x_wconf 88' lang='lat' dir='ltr'>quo</span> <span class='ocrx_word' id='word_1_313' title='bbox 790 4146 864 4202; x_wconf 86' lang='lat' dir='ltr'>lacta</span> <span class='ocrx_word' id='word_1_314' title='bbox 877 4151 945 4202; x_wconf 92' lang='lat' dir='ltr'>sunt</span> 
     </span>
     <span class='ocr_line' id='line_1_44' title="bbox 93 4229 945 4308; baseline 0.012 -26"><span class='ocrx_word' id='word_1_315' title='bbox 93 4229 201 4285; x_wconf 87' lang='lat' dir='ltr'>omnia.</span> <span class='ocrx_word' id='word_1_316' title='bbox 211 4229 282 4285; x_wconf 90' lang='lat' dir='ltr'>lluic</span> <span class='ocrx_word' id='word_1_317' title='bbox 291 4233 387 4285; x_wconf 85' lang='lat' dir='ltr'>autem</span> <span class='ocrx_word' id='word_1_318' title='bbox 397 4230 496 4286; x_wconf 92' lang='lat' dir='ltr'>datum</span> <span class='ocrx_word' id='word_1_319' title='bbox 511 4233 679 4304; x_wconf 89' lang='lat' dir='ltr'>estquidam</span> <span class='ocrx_word' id='word_1_320' title='bbox 690 4250 749 4289; x_wconf 91' lang='lat' dir='ltr'>non</span> <span class='ocrx_word' id='word_1_321' title='bbox 759 4236 887 4308; x_wconf 88' lang='lat' dir='ltr'>peccanti</span> <span class='ocrx_word' id='word_1_322' title='bbox 896 4253 945 4308; x_wconf 77' lang='lat' dir='ltr'>po</span> 
     </span>
     <span class='ocr_line' id='line_1_45' title="bbox 93 4319 943 4390; baseline 0.011 -18"><span class='ocrx_word' id='word_1_323' title='bbox 93 4319 287 4390; x_wconf 85' lang='lat' dir='ltr'>tentissimum</span> <span class='ocrx_word' id='word_1_324' title='bbox 302 4320 429 4376; x_wconf 86' lang='lat' dir='ltr'>officium</span> <span class='ocrx_word' id='word_1_325' title='bbox 451 4321 617 4379; x_wconf 90' lang='lat' dir='ltr'>continendi</span> <span class='ocrx_word' id='word_1_326' title='bbox 631 4324 747 4380; x_wconf 89' lang='lat' dir='ltr'>omnia:</span> <span class='ocrx_word' id='word_1_327' title='bbox 763 4342 822 4382; x_wconf 90' lang='lat' dir='ltr'>non</span> <span class='ocrx_word' id='word_1_328' title='bbox 847 4331 943 4381; x_wconf 85' lang='lat' dir='ltr'>tamen</span> 
     </span>
     <span class='ocr_line' id='line_1_46' title="bbox 91 4407 943 4488; baseline 0.012 -27"><span class='ocrx_word' id='word_1_329' title='bbox 91 4407 254 4479; x_wconf 92' lang='lat' dir='ltr'>proprium,</span> <span class='ocrx_word' id='word_1_330' title='bbox 271 4409 321 4465; x_wconf 90' lang='lat' dir='ltr'>sed</span> <span class='ocrx_word' id='word_1_331' title='bbox 335 4425 401 4465; x_wconf 90' lang='lat' dir='ltr'>cum</span> <span class='ocrx_word' id='word_1_332' title='bbox 417 4410 478 4481; x_wconf 86' lang='lat' dir='ltr'>ills,</span> <span class='ocrx_word' id='word_1_333' title='bbox 502 4415 641 4484; x_wconf 67' lang='lat' dir='ltr'>unquam</span> <span class='ocrx_word' id='word_1_334' title='bbox 666 4414 693 4468; x_wconf 92' lang='lat' dir='ltr'>ei</span> <span class='ocrx_word' id='word_1_335' title='bbox 714 4431 778 4487; x_wconf 75' lang='lat' dir='ltr'>quse</span> <span class='ocrx_word' id='word_1_336' title='bbox 792 4420 943 4488; x_wconf 89' lang='lat' dir='ltr'>peccatura</span> 
     </span>
     <span class='ocr_line' id='line_1_47' title="bbox 91 4496 943 4576; baseline 0.009 -26"><span class='ocrx_word' id='word_1_337' title='bbox 91 4496 271 4568; x_wconf 76' lang='lat' dir='ltr'>praecognita</span> <span class='ocrx_word' id='word_1_338' title='bbox 281 4501 333 4554; x_wconf 91' lang='lat' dir='ltr'>est.</span> <span class='ocrx_word' id='word_1_339' title='bbox 348 4497 459 4554; x_wconf 89' lang='lat' dir='ltr'>liabent</span> <span class='ocrx_word' id='word_1_340' title='bbox 474 4517 542 4556; x_wconf 86' lang='lat' dir='ltr'>sane</span> <span class='ocrx_word' id='word_1_341' title='bbox 559 4501 718 4572; x_wconf 89' lang='lat' dir='ltr'>spiritualia</span> <span class='ocrx_word' id='word_1_342' title='bbox 731 4521 853 4576; x_wconf 74' lang='lat' dir='ltr'>quaeque</span> <span class='ocrx_word' id='word_1_343' title='bbox 867 4504 943 4559; x_wconf 92' lang='lat' dir='ltr'>inter</span> 
     </span>
     <span class='ocr_line' id='line_1_48' title="bbox 92 4585 942 4664; baseline 0.015 -28"><span class='ocrx_word' id='word_1_344' title='bbox 92 4597 122 4637; x_wconf 89' lang='lat' dir='ltr'>se</span> <span class='ocrx_word' id='word_1_345' title='bbox 148 4587 176 4638; x_wconf 91' lang='lat' dir='ltr'>et</span> <span class='ocrx_word' id='word_1_346' title='bbox 194 4585 426 4655; x_wconf 82' lang='lat' dir='ltr'>conjunctionem</span> <span class='ocrx_word' id='word_1_347' title='bbox 449 4588 510 4644; x_wconf 89' lang='lat' dir='ltr'>sine</span> <span class='ocrx_word' id='word_1_348' title='bbox 534 4590 660 4658; x_wconf 90' lang='lat' dir='ltr'>cumulo,</span> <span class='ocrx_word' id='word_1_349' title='bbox 676 4596 705 4646; x_wconf 93' lang='lat' dir='ltr'>et</span> <span class='ocrx_word' id='word_1_350' title='bbox 732 4594 942 4664; x_wconf 79' lang='lat' dir='ltr'>seJ&#39;unctionem</span> 
     </span>
     <span class='ocr_line' id='line_1_49' title="bbox 91 4669 941 4751; baseline 0.015 -27"><span class='ocrx_word' id='word_1_351' title='bbox 91 4669 154 4725; x_wconf 90' lang='lat' dir='ltr'>sine</span> <span class='ocrx_word' id='word_1_352' title='bbox 166 4671 374 4731; x_wconf 91' lang='lat' dir='ltr'>diminutione:</span> <span class='ocrx_word' id='word_1_353' title='bbox 386 4680 519 4750; x_wconf 90' lang='lat' dir='ltr'>utneque</span> <span class='ocrx_word' id='word_1_354' title='bbox 530 4679 713 4751; x_wconf 80' lang='lat' dir='ltr'>adjuvaretur</span> <span class='ocrx_word' id='word_1_355' title='bbox 722 4680 771 4736; x_wconf 93' lang='lat' dir='ltr'>illa</span> <span class='ocrx_word' id='word_1_356' title='bbox 779 4682 811 4737; x_wconf 93' lang='lat' dir='ltr'>in</span> <span class='ocrx_word' id='word_1_357' title='bbox 821 4682 941 4738; x_wconf 88' lang='lat' dir='ltr'>actionis</span> 
     </span>
     <span class='ocr_line' id='line_1_50' title="bbox 43 4759 939 4843; baseline 0.015 -29"><span class='ocrx_word' id='word_1_358' title='bbox 43 4785 46 4792; x_wconf 62' lang='lat'><strong><em>¹</em></strong></span> <span class='ocrx_word' id='word_1_359' title='bbox 90 4774 151 4815; x_wconf 74' lang='lat' dir='ltr'>suns</span> <span class='ocrx_word' id='word_1_360' title='bbox 174 4759 320 4830; x_wconf 84' lang='lat' dir='ltr'>facilitate,</span> <span class='ocrx_word' id='word_1_361' title='bbox 337 4780 403 4820; x_wconf 92' lang='lat' dir='ltr'>cum</span> <span class='ocrx_word' id='word_1_362' title='bbox 421 4766 482 4822; x_wconf 82' lang='lat' dir='ltr'>haec</span> <span class='ocrx_word' id='word_1_363' title='bbox 500 4768 555 4823; x_wconf 91' lang='lat' dir='ltr'>sihi</span> <span class='ocrx_word' id='word_1_364' title='bbox 577 4769 818 4841; x_wconf 78' lang='lat' dir='ltr'>conjungeretur:</span> <span class='ocrx_word' id='word_1_365' title='bbox 846 4787 939 4843; x_wconf 87' lang='lat' dir='ltr'>neque</span> 
     </span>
     <span class='ocr_line' id='line_1_51' title="bbox 90 4848 939 4931; baseline 0.011 -25"><span class='ocrx_word' id='word_1_366' title='bbox 90 4848 236 4906; x_wconf 84' lang='lat' dir='ltr'>difficilior</span> <span class='ocrx_word' id='word_1_367' title='bbox 249 4849 291 4904; x_wconf 95' lang='lat' dir='ltr'>illi</span> <span class='ocrx_word' id='word_1_368' title='bbox 306 4851 379 4907; x_wconf 88' lang='lat' dir='ltr'>actio</span> <span class='ocrx_word' id='word_1_369' title='bbox 394 4853 486 4922; x_wconf 88' lang='lat' dir='ltr'>fleret,</span> <span class='ocrx_word' id='word_1_370' title='bbox 502 4856 526 4910; x_wconf 91' lang='lat' dir='ltr'>si</span> <span class='ocrx_word' id='word_1_371' title='bbox 545 4856 606 4911; x_wconf 79' lang='lat' dir='ltr'>haec</span> <span class='ocrx_word' id='word_1_372' title='bbox 619 4856 751 4929; x_wconf 48' lang='lat' dir='ltr'>{cilicium</span> <span class='ocrx_word' id='word_1_373' title='bbox 770 4875 854 4914; x_wconf 89' lang='lat' dir='ltr'>suum</span> <span class='ocrx_word' id='word_1_374' title='bbox 869 4875 939 4931; x_wconf 91' lang='lat' dir='ltr'>pec·</span> 
     </span>
     <span class='ocr_line' id='line_1_52' title="bbox 87 4939 938 5020; baseline 0.012 -26"><span class='ocrx_word' id='word_1_375' title='bbox 87 4939 180 4995; x_wconf 89' lang='lat' dir='ltr'>cando</span> <span class='ocrx_word' id='word_1_376' title='bbox 202 4939 355 4996; x_wconf 89' lang='lat' dir='ltr'>desereret.</span> <span class='ocrx_word' id='word_1_377' title='bbox 376 4943 439 4996; x_wconf 91' lang='lat' dir='ltr'>Non</span> <span class='ocrx_word' id='word_1_378' title='bbox 458 4944 536 5000; x_wconf 90' lang='lat' dir='ltr'>enim</span> <span class='ocrx_word' id='word_1_379' title='bbox 552 4945 620 5000; x_wconf 93' lang='lat' dir='ltr'>locis</span> <span class='ocrx_word' id='word_1_380' title='bbox 641 4951 669 5002; x_wconf 89' lang='lat' dir='ltr'>et</span> <span class='ocrx_word' id='word_1_381' title='bbox 683 4948 759 5003; x_wconf 93' lang='lat' dir='ltr'>mole</span> <span class='ocrx_word' id='word_1_382' title='bbox 774 4964 938 5020; x_wconf 92' lang='lat' dir='ltr'>corporum,</span> 
     </span>
     <span class='ocr_line' id='line_1_53' title="bbox 87 5028 939 5112; baseline 0.012 -29"><span class='ocrx_word' id='word_1_383' title='bbox 87 5029 136 5085; x_wconf 90' lang='lat' dir='ltr'>sed</span> <span class='ocrx_word' id='word_1_384' title='bbox 148 5029 292 5101; x_wconf 90' lang='lat' dir='ltr'>parilitate</span> <span class='ocrx_word' id='word_1_385' title='bbox 308 5028 461 5086; x_wconf 78' lang='lat' dir='ltr'>affectuum</span> <span class='ocrx_word' id='word_1_386' title='bbox 468 5032 565 5104; x_wconf 75' lang='lat' dir='ltr'>Jungi,</span> <span class='ocrx_word' id='word_1_387' title='bbox 577 5037 606 5088; x_wconf 90' lang='lat' dir='ltr'>et</span> <span class='ocrx_word' id='word_1_388' title='bbox 618 5035 805 5107; x_wconf 87' lang='lat' dir='ltr'>disparilitate</span> <span class='ocrx_word' id='word_1_389' title='bbox 817 5039 939 5112; x_wconf 89' lang='lat' dir='ltr'>segungi</span> 
     </span>
     <span class='ocr_line' id='line_1_54' title="bbox 85 5117 939 5199; baseline 0.015 -28"><span class='ocrx_word' id='word_1_390' title='bbox 85 5122 207 5188; x_wconf 89' lang='lat' dir='ltr'>possunt</span> <span class='ocrx_word' id='word_1_391' title='bbox 232 5117 396 5189; x_wconf 90' lang='lat' dir='ltr'>spirituales</span> <span class='ocrx_word' id='word_1_392' title='bbox 419 5125 568 5189; x_wconf 75' lang='lat' dir='ltr'>creaturos,</span> <span class='ocrx_word' id='word_1_393' title='bbox 589 5125 719 5194; x_wconf 85' lang='lat' dir='ltr'>quamvis</span> <span class='ocrx_word' id='word_1_394' title='bbox 743 5142 864 5199; x_wconf 89' lang='lat' dir='ltr'>corpora</span> <span class='ocrx_word' id='word_1_395' title='bbox 886 5145 939 5184; x_wconf 87' lang='lat' dir='ltr'>sus</span> 
     </span>
     <span class='ocr_line' id='line_1_55' title="bbox 87 5206 402 5278; baseline 0.013 -19"><span class='ocrx_word' id='word_1_396' title='bbox 87 5220 210 5278; x_wconf 74' lang='lat' dir='ltr'>queque</span> <span class='ocrx_word' id='word_1_397' title='bbox 224 5206 402 5278; x_wconf 89' lang='lat' dir='ltr'>possideant.</span> 
     </span>
    </p>

    <p class='ocr_par' dir='ltr' id='par_1_7' title="bbox 120 5296 937 5376">
     <span class='ocr_line' id='line_1_56' title="bbox 120 5296 937 5376; baseline 0.016 -27"><span class='ocrx_word' id='word_1_398' title='bbox 120 5296 163 5352; x_wconf 79' lang='lat' dir='ltr'>sl.</span> <span class='ocrx_word' id='word_1_399' title='bbox 181 5297 214 5352; x_wconf 92' lang='lat' dir='ltr'>ln</span> <span class='ocrx_word' id='word_1_400' title='bbox 235 5297 404 5369; x_wconf 89' lang='lat' dir='ltr'>corporibus</span> <span class='ocrx_word' id='word_1_401' title='bbox 425 5304 521 5355; x_wconf 90' lang='lat' dir='ltr'>autem</span> <span class='ocrx_word' id='word_1_402' title='bbox 537 5299 816 5376; x_wconf 82' lang='lat' dir='ltr'>interioribusatque</span> <span class='ocrx_word' id='word_1_403' title='bbox 830 5310 937 5362; x_wconf 88' lang='lat' dir='ltr'>morta·</span> 
     </span>
    </p>
   </div>
   <div class='ocr_carea' id='block_1_6' title="bbox 85 5423 935 5560">
    <p class='ocr_par' dir='ltr' id='par_1_8' title="bbox 85 5423 935 5560">
     <span class='ocr_line' id='line_1_57' title="bbox 118 5423 935 5501; baseline 0.021 -29"><span class='ocrx_word' id='word_1_404' title='bbox 118 5423 126 5457; x_wconf 86' lang='lat'>¹</span> <span class='ocrx_word' id='word_1_405' title='bbox 141 5423 220 5497; x_wconf 77' lang='lat' dir='ltr'>Editi,</span> <span class='ocrx_word' id='word_1_406' title='bbox 228 5426 301 5487; x_wconf 81' lang='lat' dir='ltr'>justo</span> <span class='ocrx_word' id='word_1_407' title='bbox 320 5427 394 5491; x_wconf 79' lang='lat' dir='ltr'>ptus,</span> <span class='ocrx_word' id='word_1_408' title='bbox 416 5429 512 5491; x_wconf 81' lang='lat' dir='ltr'>quibus</span> <span class='ocrx_word' id='word_1_409' title='bbox 522 5430 581 5490; x_wconf 63' lang='lat' dir='ltr'>frati</span> <span class='ocrx_word' id='word_1_410' title='bbox 596 5433 656 5482; x_wconf 80' lang='lat' dir='ltr'>Mes.</span> <span class='ocrx_word' id='word_1_411' title='bbox 668 5433 861 5501; x_wconf 58' lang='lat' dir='ltr'>suffragantum</span> <span class='ocrx_word' id='word_1_412' title='bbox 873 5451 935 5488; x_wconf 87' lang='lat' dir='ltr'>num</span> 
     </span>
     <span class='ocr_line' id='line_1_58' title="bbox 85 5480 732 5560; baseline 0.023 -29"><span class='ocrx_word' id='word_1_413' title='bbox 85 5480 225 5535; x_wconf 78' lang='lat' dir='ltr'>duodecim</span> <span class='ocrx_word' id='word_1_414' title='bbox 245 5490 360 5539; x_wconf 88' lang='lat' dir='ltr'>melioris</span> <span class='ocrx_word' id='word_1_415' title='bbox 375 5495 445 5541; x_wconf 78' lang='lat' dir='ltr'>notre</span> <span class='ocrx_word' id='word_1_416' title='bbox 459 5492 566 5554; x_wconf 90' lang='lat' dir='ltr'>hubent,</span> <span class='ocrx_word' id='word_1_417' title='bbox 577 5495 651 5555; x_wconf 85' lang='lat' dir='ltr'>juste</span> <span class='ocrx_word' id='word_1_418' title='bbox 663 5496 732 5560; x_wconf 74' lang='lat' dir='ltr'>ptus.</span> 
     </span>
    </p>
   </div>
   <div class='ocr_carea' id='block_1_7' title="bbox 116 5546 871 5616">
    <p class='ocr_par' dir='ltr' id='par_1_9' title="bbox 116 5546 871 5616">
     <span class='ocr_line' id='line_1_59' title="bbox 116 5546 871 5616; baseline 0.025 -22"><span class='ocrx_word' id='word_1_419' title='bbox 116 5546 126 5581; x_wconf 81' lang='lat'><strong>¹</strong></span> <span class='ocrx_word' id='word_1_420' title='bbox 141 5547 248 5610; x_wconf 76' lang='lat' dir='ltr'>Aliquot</span> <span class='ocrx_word' id='word_1_421' title='bbox 257 5552 318 5601; x_wconf 85' lang='lat' dir='ltr'>llss.</span> <span class='ocrx_word' id='word_1_422' title='bbox 334 5566 348 5602; x_wconf 89' lang='lat' dir='ltr'>e</span> <span class='ocrx_word' id='word_1_423' title='bbox 362 5554 517 5616; x_wconf 77' lang='lat' dir='ltr'>potioribus,</span> <span class='ocrx_word' id='word_1_424' title='bbox 527 5562 662 5609; x_wconf 77' lang='lat' dir='ltr'>ornatura</span> <span class='ocrx_word' id='word_1_425' title='bbox 676 5562 871 5614; x_wconf 70' lang='lat' dir='ltr'>aeternitatis.</span> 
     </span>
    </p>
   </div>
   <div class='ocr_carea' id='block_1_8' title="bbox 662 268 1317 338">
    <p class='ocr_par' dir='ltr' id='par_1_10' title="bbox 662 268 1317 338">
     <span class='ocr_line' id='line_1_60' title="bbox 662 268 1317 338; baseline -0.002 -12"><span class='ocrx_word' id='word_1_426' title='bbox 662 271 709 327; x_wconf 84' lang='lat' dir='ltr'>DE</span> <span class='ocrx_word' id='word_1_427' title='bbox 728 270 858 327; x_wconf 82' lang='lat' dir='ltr'>LIBERO</span> <span class='ocrx_word' id='word_1_428' title='bbox 877 269 1056 338; x_wconf 74' lang='lat' dir='ltr'>neutrale,</span> <span class='ocrx_word' id='word_1_429' title='bbox 1077 270 1104 326; x_wconf 90' lang='lat' dir='ltr'>S.</span> <span class='ocrx_word' id='word_1_430' title='bbox 1125 268 1317 327; x_wconf 77' lang='lat' dir='ltr'>AUGUSTlNl</span> 
     </span>
    </p>
   </div>
   <div class='ocr_carea' id='block_1_9' title="bbox 1820 275 1879 328">
    <p class='ocr_par' dir='ltr' id='par_1_11' title="bbox 1820 275 1879 328">
     <span class='ocr_line' id='line_1_61' title="bbox 1820 275 1879 328; baseline 0.068 -4"><span class='ocrx_word' id='word_1_431' title='bbox 1820 275 1879 328; x_wconf 61' lang='lat'>1288</span> 
     </span>
    </p>
   </div>
   <div class='ocr_carea' id='block_1_10' title="bbox 1008 393 1882 1782">
    <p class='ocr_par' dir='ltr' id='par_1_12' title="bbox 1008 393 1882 1782">
     <span class='ocr_line' id='line_1_62' title="bbox 1015 393 1881 469; baseline 0.002 -19"><span class='ocrx_word' id='word_1_432' title='bbox 1015 395 1089 451; x_wconf 90' lang='lat' dir='ltr'>libus</span> <span class='ocrx_word' id='word_1_433' title='bbox 1105 400 1169 469; x_wconf 90' lang='lat' dir='ltr'>post</span> <span class='ocrx_word' id='word_1_434' title='bbox 1192 399 1342 468; x_wconf 91' lang='lat' dir='ltr'>peccatum</span> <span class='ocrx_word' id='word_1_435' title='bbox 1370 393 1467 449; x_wconf 90' lang='lat' dir='ltr'>anima</span> <span class='ocrx_word' id='word_1_436' title='bbox 1495 395 1652 464; x_wconf 88' lang='lat' dir='ltr'>ordinata,</span> <span class='ocrx_word' id='word_1_437' title='bbox 1681 395 1763 466; x_wconf 87' lang='lat' dir='ltr'>regit</span> <span class='ocrx_word' id='word_1_438' title='bbox 1786 413 1881 469; x_wconf 84' lang='lat' dir='ltr'>corpus</span> 
     </span>
     <span class='ocr_line' id='line_1_63' title="bbox 1013 484 1882 558; baseline 0.002 -19"><span class='ocrx_word' id='word_1_439' title='bbox 1013 501 1108 551; x_wconf 90' lang='lat' dir='ltr'>suum,</span> <span class='ocrx_word' id='word_1_440' title='bbox 1125 502 1183 539; x_wconf 91' lang='lat' dir='ltr'>non</span> <span class='ocrx_word' id='word_1_441' title='bbox 1208 484 1375 540; x_wconf 91' lang='lat' dir='ltr'>omnimodo</span> <span class='ocrx_word' id='word_1_442' title='bbox 1401 500 1454 556; x_wconf 93' lang='lat' dir='ltr'>pro</span> <span class='ocrx_word' id='word_1_443' title='bbox 1480 484 1622 552; x_wconf 90' lang='lat' dir='ltr'>arbitrio,</span> <span class='ocrx_word' id='word_1_444' title='bbox 1654 485 1707 541; x_wconf 92' lang='lat' dir='ltr'>sed</span> <span class='ocrx_word' id='word_1_445' title='bbox 1721 485 1800 540; x_wconf 88' lang='lat' dir='ltr'>sicut</span> <span class='ocrx_word' id='word_1_446' title='bbox 1812 486 1882 558; x_wconf 80' lang='lat' dir='ltr'>leges</span> 
     </span>
     <span class='ocr_line' id='line_1_64' title="bbox 1012 571 1882 629; baseline 0.005 -4"><span class='ocrx_word' id='word_1_447' title='bbox 1012 572 1209 627; x_wconf 90' lang='lat' dir='ltr'>universitatis</span> <span class='ocrx_word' id='word_1_448' title='bbox 1222 573 1329 627; x_wconf 91' lang='lat' dir='ltr'>sinunt.</span> <span class='ocrx_word' id='word_1_449' title='bbox 1346 573 1403 627; x_wconf 89' lang='lat' dir='ltr'>Nec</span> <span class='ocrx_word' id='word_1_450' title='bbox 1418 571 1482 626; x_wconf 91' lang='lat' dir='ltr'>ideo</span> <span class='ocrx_word' id='word_1_451' title='bbox 1497 576 1605 627; x_wconf 85' lang='lat' dir='ltr'>tamen</span> <span class='ocrx_word' id='word_1_452' title='bbox 1631 572 1703 627; x_wconf 89' lang='lat' dir='ltr'>talis</span> <span class='ocrx_word' id='word_1_453' title='bbox 1731 573 1832 628; x_wconf 87' lang='lat' dir='ltr'>anima</span> <span class='ocrx_word' id='word_1_454' title='bbox 1844 575 1882 629; x_wconf 91' lang='lat' dir='ltr'>in·</span> 
     </span>
     <span class='ocr_line' id='line_1_65' title="bbox 1012 661 1882 734; baseline 0 -17"><span class='ocrx_word' id='word_1_455' title='bbox 1012 662 1099 717; x_wconf 79' lang='lat' dir='ltr'>ferior</span> <span class='ocrx_word' id='word_1_456' title='bbox 1109 667 1152 717; x_wconf 88' lang='lat' dir='ltr'>est</span> <span class='ocrx_word' id='word_1_457' title='bbox 1167 677 1286 734; x_wconf 91' lang='lat' dir='ltr'>corpore</span> <span class='ocrx_word' id='word_1_458' title='bbox 1299 661 1417 730; x_wconf 82' lang='lat' dir='ltr'>coelesti,</span> <span class='ocrx_word' id='word_1_459' title='bbox 1432 661 1479 716; x_wconf 91' lang='lat' dir='ltr'>cui</span> <span class='ocrx_word' id='word_1_460' title='bbox 1505 661 1631 733; x_wconf 87' lang='lat' dir='ltr'>corpori</span> <span class='ocrx_word' id='word_1_461' title='bbox 1646 661 1744 717; x_wconf 88' lang='lat' dir='ltr'>etiam</span> <span class='ocrx_word' id='word_1_462' title='bbox 1769 679 1882 734; x_wconf 84' lang='lat' dir='ltr'>corpora</span> 
     </span>
     <span class='ocr_line' id='line_1_66' title="bbox 1012 749 1882 823; baseline 0.003 -18"><span class='ocrx_word' id='word_1_463' title='bbox 1012 756 1126 806; x_wconf 90' lang='lat' dir='ltr'>terrena</span> <span class='ocrx_word' id='word_1_464' title='bbox 1139 751 1266 823; x_wconf 87' lang='lat' dir='ltr'>subjecta</span> <span class='ocrx_word' id='word_1_465' title='bbox 1280 755 1355 806; x_wconf 88' lang='lat' dir='ltr'>sunt.</span> <span class='ocrx_word' id='word_1_466' title='bbox 1374 753 1506 807; x_wconf 89' lang='lat' dir='ltr'>Pannosa</span> <span class='ocrx_word' id='word_1_467' title='bbox 1519 751 1637 823; x_wconf 85' lang='lat' dir='ltr'>quippe</span> <span class='ocrx_word' id='word_1_468' title='bbox 1649 749 1746 806; x_wconf 84' lang='lat' dir='ltr'>vestis</span> <span class='ocrx_word' id='word_1_469' title='bbox 1761 751 1882 808; x_wconf 74' lang='lat' dir='ltr'>mmnati</span> 
     </span>
     <span class='ocr_line' id='line_1_67' title="bbox 1012 839 1880 907; baseline 0.002 -14"><span class='ocrx_word' id='word_1_470' title='bbox 1012 839 1086 893; x_wconf 90' lang='lat' dir='ltr'>servi</span> <span class='ocrx_word' id='word_1_471' title='bbox 1100 840 1189 894; x_wconf 89' lang='lat' dir='ltr'>multo</span> <span class='ocrx_word' id='word_1_472' title='bbox 1205 845 1248 894; x_wconf 90' lang='lat' dir='ltr'>est</span> <span class='ocrx_word' id='word_1_473' title='bbox 1261 839 1380 895; x_wconf 84' lang='lat' dir='ltr'>interior</span> <span class='ocrx_word' id='word_1_474' title='bbox 1391 844 1469 894; x_wconf 85' lang='lat' dir='ltr'>veste</span> <span class='ocrx_word' id='word_1_475' title='bbox 1493 840 1568 894; x_wconf 89' lang='lat' dir='ltr'>bene</span> <span class='ocrx_word' id='word_1_476' title='bbox 1593 839 1715 907; x_wconf 90' lang='lat' dir='ltr'>meriti,</span> <span class='ocrx_word' id='word_1_477' title='bbox 1745 840 1880 896; x_wconf 75' lang='lat' dir='ltr'>etiaim</span> 
     </span>
     <span class='ocr_line' id='line_1_68' title="bbox 1013 927 1879 1000; baseline 0.003 -18"><span class='ocrx_word' id='word_1_478' title='bbox 1013 943 1081 982; x_wconf 92' lang='lat' dir='ltr'>nore</span> <span class='ocrx_word' id='word_1_479' title='bbox 1096 943 1201 1000; x_wconf 89' lang='lat' dir='ltr'>magno</span> <span class='ocrx_word' id='word_1_480' title='bbox 1216 927 1294 999; x_wconf 89' lang='lat' dir='ltr'>apud</span> <span class='ocrx_word' id='word_1_481' title='bbox 1309 927 1459 983; x_wconf 92' lang='lat' dir='ltr'>dominnm</span> <span class='ocrx_word' id='word_1_482' title='bbox 1474 927 1633 983; x_wconf 91' lang='lat' dir='ltr'>constituti</span> <span class='ocrx_word' id='word_1_483' title='bbox 1648 945 1656 996; x_wconf 91' lang='lat'>;</span> <span class='ocrx_word' id='word_1_484' title='bbox 1673 928 1731 983; x_wconf 88' lang='lat' dir='ltr'>sed</span> <span class='ocrx_word' id='word_1_485' title='bbox 1747 928 1811 1000; x_wconf 90' lang='lat' dir='ltr'>ipse</span> <span class='ocrx_word' id='word_1_486' title='bbox 1829 947 1879 985; x_wconf 89' lang='lat' dir='ltr'>ser·</span> 
     </span>
     <span class='ocr_line' id='line_1_69' title="bbox 1012 1016 1877 1090; baseline 0.003 -20"><span class='ocrx_word' id='word_1_487' title='bbox 1012 1032 1064 1070; x_wconf 88' lang='lat' dir='ltr'>vus</span> <span class='ocrx_word' id='word_1_488' title='bbox 1079 1017 1181 1070; x_wconf 90' lang='lat' dir='ltr'>melior</span> <span class='ocrx_word' id='word_1_489' title='bbox 1195 1021 1237 1071; x_wconf 93' lang='lat' dir='ltr'>est</span> <span class='ocrx_word' id='word_1_490' title='bbox 1247 1016 1375 1087; x_wconf 90' lang='lat' dir='ltr'>qualibet</span> <span class='ocrx_word' id='word_1_491' title='bbox 1389 1021 1465 1071; x_wconf 88' lang='lat' dir='ltr'>veste</span> <span class='ocrx_word' id='word_1_492' title='bbox 1477 1016 1623 1090; x_wconf 85' lang='lat' dir='ltr'>pretiosa,</span> <span class='ocrx_word' id='word_1_493' title='bbox 1640 1017 1718 1089; x_wconf 85' lang='lat' dir='ltr'>quia</span> <span class='ocrx_word' id='word_1_494' title='bbox 1732 1017 1823 1073; x_wconf 92' lang='lat' dir='ltr'>homo</span> <span class='ocrx_word' id='word_1_495' title='bbox 1835 1024 1877 1074; x_wconf 81' lang='lat' dir='ltr'>est</span> 
     </span>
     <span class='ocr_line' id='line_1_70' title="bbox 1013 1104 1877 1177; baseline 0.003 -19"><span class='ocrx_word' id='word_1_496' title='bbox 1013 1104 1063 1159; x_wconf 90' lang='lat' dir='ltr'>llla</span> <span class='ocrx_word' id='word_1_497' title='bbox 1078 1121 1145 1176; x_wconf 86' lang='lat' dir='ltr'>ergo</span> <span class='ocrx_word' id='word_1_498' title='bbox 1156 1105 1277 1159; x_wconf 85' lang='lat' dir='ltr'>inhaeret</span> <span class='ocrx_word' id='word_1_499' title='bbox 1290 1106 1359 1172; x_wconf 87' lang='lat' dir='ltr'>Deo,</span> <span class='ocrx_word' id='word_1_500' title='bbox 1375 1109 1403 1160; x_wconf 91' lang='lat' dir='ltr'>et</span> <span class='ocrx_word' id='word_1_501' title='bbox 1417 1105 1447 1159; x_wconf 92' lang='lat' dir='ltr'>in</span> <span class='ocrx_word' id='word_1_502' title='bbox 1461 1104 1573 1160; x_wconf 84' lang='lat' dir='ltr'>coelesti</span> <span class='ocrx_word' id='word_1_503' title='bbox 1588 1120 1736 1176; x_wconf 90' lang='lat' dir='ltr'>corpore,</span> <span class='ocrx_word' id='word_1_504' title='bbox 1757 1106 1877 1177; x_wconf 83' lang='lat' dir='ltr'>angelica</span> 
     </span>
     <span class='ocr_line' id='line_1_71' title="bbox 1011 1193 1876 1265; baseline 0 -17"><span class='ocrx_word' id='word_1_505' title='bbox 1011 1198 1163 1264; x_wconf 89' lang='lat' dir='ltr'>potestate,</span> <span class='ocrx_word' id='word_1_506' title='bbox 1184 1195 1271 1249; x_wconf 88' lang='lat' dir='ltr'>etiam</span> <span class='ocrx_word' id='word_1_507' title='bbox 1286 1197 1418 1249; x_wconf 89' lang='lat' dir='ltr'>terrestre</span> <span class='ocrx_word' id='word_1_508' title='bbox 1433 1209 1536 1265; x_wconf 92' lang='lat' dir='ltr'>corpus</span> <span class='ocrx_word' id='word_1_509' title='bbox 1552 1197 1646 1248; x_wconf 90' lang='lat' dir='ltr'>ornat</span> <span class='ocrx_word' id='word_1_510' title='bbox 1660 1197 1693 1248; x_wconf 91' lang='lat' dir='ltr'>et</span> <span class='ocrx_word' id='word_1_511' title='bbox 1715 1193 1804 1265; x_wconf 88' lang='lat' dir='ltr'>regit,</span> <span class='ocrx_word' id='word_1_512' title='bbox 1828 1196 1876 1248; x_wconf 89' lang='lat' dir='ltr'>sic·</span> 
     </span>
     <span class='ocr_line' id='line_1_72' title="bbox 1010 1282 1876 1354; baseline 0 -16"><span class='ocrx_word' id='word_1_513' title='bbox 1010 1286 1041 1338; x_wconf 89' lang='lat' dir='ltr'>ut</span> <span class='ocrx_word' id='word_1_514' title='bbox 1055 1282 1138 1354; x_wconf 87' lang='lat' dir='ltr'>jubet</span> <span class='ocrx_word' id='word_1_515' title='bbox 1151 1283 1199 1338; x_wconf 90' lang='lat' dir='ltr'>ille</span> <span class='ocrx_word' id='word_1_516' title='bbox 1216 1282 1297 1354; x_wconf 89' lang='lat' dir='ltr'>cujus</span> <span class='ocrx_word' id='word_1_517' title='bbox 1311 1287 1414 1339; x_wconf 91' lang='lat' dir='ltr'>nutum</span> <span class='ocrx_word' id='word_1_518' title='bbox 1442 1282 1577 1337; x_wconf 88' lang='lat' dir='ltr'>intuetur</span> <span class='ocrx_word' id='word_1_519' title='bbox 1594 1282 1807 1338; x_wconf 82' lang='lat' dir='ltr'>ineffabiliter.</span> <span class='ocrx_word' id='word_1_520' title='bbox 1829 1285 1876 1338; x_wconf 83' lang='lat' dir='ltr'>lsta</span> 
     </span>
     <span class='ocr_line' id='line_1_73' title="bbox 1010 1370 1876 1444; baseline 0.002 -19"><span class='ocrx_word' id='word_1_521' title='bbox 1010 1388 1077 1426; x_wconf 89' lang='lat' dir='ltr'>vero</span> <span class='ocrx_word' id='word_1_522' title='bbox 1092 1371 1261 1426; x_wconf 87' lang='lat' dir='ltr'>mortalibus</span> <span class='ocrx_word' id='word_1_523' title='bbox 1272 1370 1408 1426; x_wconf 90' lang='lat' dir='ltr'>membris</span> <span class='ocrx_word' id='word_1_524' title='bbox 1424 1374 1552 1439; x_wconf 88' lang='lat' dir='ltr'>onerate,</span> <span class='ocrx_word' id='word_1_525' title='bbox 1570 1370 1622 1424; x_wconf 84' lang='lat' dir='ltr'>vix</span> <span class='ocrx_word' id='word_1_526' title='bbox 1634 1370 1696 1425; x_wconf 90' lang='lat' dir='ltr'>hoc</span> <span class='ocrx_word' id='word_1_527' title='bbox 1712 1370 1813 1442; x_wconf 88' lang='lat' dir='ltr'>ipsum</span> <span class='ocrx_word' id='word_1_528' title='bbox 1826 1389 1876 1444; x_wconf 79' lang='lat' dir='ltr'>qno</span> 
     </span>
     <span class='ocr_line' id='line_1_74' title="bbox 1008 1459 1875 1533; baseline 0.002 -20"><span class='ocrx_word' id='word_1_529' title='bbox 1008 1459 1875 1533; x_wconf 88' lang='lat' dir='ltr'>premitur,administratintrinsecus,ettamenornatquan·</span> 
     </span>
     <span class='ocr_line' id='line_1_75' title="bbox 1009 1546 1873 1622; baseline 0.005 -21"><span class='ocrx_word' id='word_1_530' title='bbox 1009 1552 1071 1602; x_wconf 92' lang='lat' dir='ltr'>tum</span> <span class='ocrx_word' id='word_1_531' title='bbox 1084 1552 1194 1619; x_wconf 90' lang='lat' dir='ltr'>potest:</span> <span class='ocrx_word' id='word_1_532' title='bbox 1210 1551 1311 1603; x_wconf 72' lang='lat' dir='ltr'>caetera</span> <span class='ocrx_word' id='word_1_533' title='bbox 1322 1563 1389 1603; x_wconf 85' lang='lat' dir='ltr'>vero</span> <span class='ocrx_word' id='word_1_534' title='bbox 1399 1546 1579 1602; x_wconf 81' lang='lat' dir='ltr'>extrinsecus</span> <span class='ocrx_word' id='word_1_535' title='bbox 1592 1547 1783 1618; x_wconf 88' lang='lat' dir='ltr'>adjacentia,</span> <span class='ocrx_word' id='word_1_536' title='bbox 1799 1551 1873 1622; x_wconf 85' lang='lat' dir='ltr'>longe</span> 
     </span>
     <span class='ocr_line' id='line_1_76' title="bbox 1008 1635 1873 1710; baseline 0.002 -19"><span class='ocrx_word' id='word_1_537' title='bbox 1008 1636 1169 1693; x_wconf 89' lang='lat' dir='ltr'>infirmiore</span> <span class='ocrx_word' id='word_1_538' title='bbox 1197 1636 1363 1710; x_wconf 90' lang='lat' dir='ltr'>operatione</span> <span class='ocrx_word' id='word_1_539' title='bbox 1389 1635 1566 1691; x_wconf 84' lang='lat' dir='ltr'>extrinsecus</span> <span class='ocrx_word' id='word_1_540' title='bbox 1598 1636 1699 1692; x_wconf 86' lang='lat' dir='ltr'>afficit</span> <span class='ocrx_word' id='word_1_541' title='bbox 1728 1637 1805 1693; x_wconf 91' lang='lat' dir='ltr'>sicut</span> <span class='ocrx_word' id='word_1_542' title='bbox 1833 1654 1873 1710; x_wconf 83' lang='lat' dir='ltr'>po</span> 
     </span>
     <span class='ocr_line' id='line_1_77' title="bbox 1010 1728 1074 1782; baseline 0.031 -2"><span class='ocrx_word' id='word_1_543' title='bbox 1010 1728 1074 1782; x_wconf 87' lang='lat' dir='ltr'>test.</span> 
     </span>
    </p>
   </div>
   <div class='ocr_carea' id='block_1_11' title="bbox 1010 1867 1872 2028">
    <p class='ocr_par' dir='ltr' id='par_1_13' title="bbox 1010 1867 1872 2028">
     <span class='ocr_line' id='line_1_78' title="bbox 1010 1867 1872 1924; baseline 0 0"><span class='ocrx_word' id='word_1_544' title='bbox 1010 1867 1122 1924; x_wconf 73' lang='lat' dir='ltr'>CAPUT</span> <span class='ocrx_word' id='word_1_545' title='bbox 1147 1868 1206 1922; x_wconf 89' lang='lat' dir='ltr'>llll.</span> <span class='ocrx_word' id='word_1_546' title='bbox 1234 1896 1269 1907; x_wconf 91' lang='lat'><em>-</em></span> <span class='ocrx_word' id='word_1_547' title='bbox 1287 1867 1452 1924; x_wconf 84' lang='lat' dir='ltr'>Gubernatio</span> <span class='ocrx_word' id='word_1_548' title='bbox 1481 1868 1609 1921; x_wconf 83' lang='lat' dir='ltr'>universi</span> <span class='ocrx_word' id='word_1_549' title='bbox 1635 1883 1698 1923; x_wconf 87' lang='lat' dir='ltr'>non</span> <span class='ocrx_word' id='word_1_550' title='bbox 1724 1868 1872 1924; x_wconf 75' lang='lat' dir='ltr'>turbaretis·</span> 
     </span>
     <span class='ocr_line' id='line_1_79' title="bbox 1115 1958 1775 2028; baseline 0.003 -17"><span class='ocrx_word' id='word_1_551' title='bbox 1115 1958 1223 2011; x_wconf 84' lang='lat' dir='ltr'>etiamsi</span> <span class='ocrx_word' id='word_1_552' title='bbox 1245 1958 1367 2025; x_wconf 71' lang='lat' dir='ltr'>angelico</span> <span class='ocrx_word' id='word_1_553' title='bbox 1381 1958 1468 2010; x_wconf 83' lang='lat' dir='ltr'>omnis</span> <span class='ocrx_word' id='word_1_554' title='bbox 1482 1961 1616 2012; x_wconf 81' lang='lat' dir='ltr'>creatura</span> <span class='ocrx_word' id='word_1_555' title='bbox 1624 1964 1775 2028; x_wconf 81' lang='lat' dir='ltr'>peccaret.</span> 
     </span>
    </p>
   </div>
   <div class='ocr_carea' id='block_1_12' title="bbox 992 2081 1869 5440">
    <p class='ocr_par' dir='ltr' id='par_1_14' title="bbox 992 2081 1869 5440">
     <span class='ocr_line' id='line_1_80' title="bbox 1046 2081 1869 2153; baseline -0.001 -16"><span class='ocrx_word' id='word_1_556' title='bbox 1046 2084 1089 2137; x_wconf 81' lang='lat'>35.</span> <span class='ocrx_word' id='word_1_557' title='bbox 1109 2081 1188 2139; x_wconf 86' lang='lat' dir='ltr'>Unde</span> <span class='ocrx_word' id='word_1_558' title='bbox 1203 2081 1347 2153; x_wconf 79' lang='lat' dir='ltr'>colligitur</span> <span class='ocrx_word' id='word_1_559' title='bbox 1359 2097 1418 2136; x_wconf 93' lang='lat' dir='ltr'>non</span> <span class='ocrx_word' id='word_1_560' title='bbox 1431 2081 1606 2137; x_wconf 78' lang='lat' dir='ltr'>defuturum</span> <span class='ocrx_word' id='word_1_561' title='bbox 1619 2081 1720 2138; x_wconf 88' lang='lat' dir='ltr'>fuisse</span> <span class='ocrx_word' id='word_1_562' title='bbox 1747 2086 1869 2138; x_wconf 86' lang='lat' dir='ltr'>ornatum</span> 
     </span>
     <span class='ocr_line' id='line_1_81' title="bbox 1009 2169 1869 2242; baseline 0.001 -17"><span class='ocrx_word' id='word_1_563' title='bbox 1009 2171 1298 2241; x_wconf 89' lang='lat' dir='ltr'>congruentissimum</span> <span class='ocrx_word' id='word_1_564' title='bbox 1307 2169 1414 2225; x_wconf 75' lang='lat' dir='ltr'>intimae</span> <span class='ocrx_word' id='word_1_565' title='bbox 1428 2186 1576 2242; x_wconf 74' lang='lat' dir='ltr'>corporeae</span> <span class='ocrx_word' id='word_1_566' title='bbox 1584 2177 1753 2240; x_wconf 72' lang='lat' dir='ltr'>creaturae,</span> <span class='ocrx_word' id='word_1_567' title='bbox 1768 2173 1869 2228; x_wconf 88' lang='lat' dir='ltr'>etiamsi</span> 
     </span>
     <span class='ocr_line' id='line_1_82' title="bbox 1009 2255 1869 2334; baseline 0.007 -23"><span class='ocrx_word' id='word_1_568' title='bbox 1009 2255 1195 2328; x_wconf 89' lang='lat' dir='ltr'>istapeccare</span> <span class='ocrx_word' id='word_1_569' title='bbox 1219 2257 1368 2313; x_wconf 87' lang='lat' dir='ltr'>noluisset.</span> <span class='ocrx_word' id='word_1_570' title='bbox 1398 2258 1540 2323; x_wconf 84' lang='lat' dir='ltr'>Quoniam</span> <span class='ocrx_word' id='word_1_571' title='bbox 1567 2275 1639 2332; x_wconf 81' lang='lat' dir='ltr'>quae</span> <span class='ocrx_word' id='word_1_572' title='bbox 1657 2265 1760 2317; x_wconf 89' lang='lat' dir='ltr'>totum</span> <span class='ocrx_word' id='word_1_573' title='bbox 1787 2265 1869 2334; x_wconf 85' lang='lat' dir='ltr'>potest</span> 
     </span>
     <span class='ocr_line' id='line_1_83' title="bbox 1009 2345 1866 2423; baseline 0.006 -23"><span class='ocrx_word' id='word_1_574' title='bbox 1009 2361 1120 2417; x_wconf 87' lang='lat' dir='ltr'>regere,</span> <span class='ocrx_word' id='word_1_575' title='bbox 1137 2346 1225 2401; x_wconf 91' lang='lat' dir='ltr'>etiam</span> <span class='ocrx_word' id='word_1_576' title='bbox 1240 2350 1352 2417; x_wconf 87' lang='lat' dir='ltr'>partem</span> <span class='ocrx_word' id='word_1_577' title='bbox 1366 2345 1459 2417; x_wconf 88' lang='lat' dir='ltr'>regit;</span> <span class='ocrx_word' id='word_1_578' title='bbox 1475 2352 1657 2419; x_wconf 81' lang='lat' dir='ltr'>qumautem</span> <span class='ocrx_word' id='word_1_579' title='bbox 1665 2349 1866 2423; x_wconf 81' lang='lat' dir='ltr'>minuspotest</span> 
     </span>
     <span class='ocr_line' id='line_1_84' title="bbox 1010 2435 1866 2508; baseline 0.006 -19"><span class='ocrx_word' id='word_1_580' title='bbox 1010 2451 1069 2490; x_wconf 91' lang='lat' dir='ltr'>non</span> <span class='ocrx_word' id='word_1_581' title='bbox 1083 2435 1221 2489; x_wconf 90' lang='lat' dir='ltr'>continuo</span> <span class='ocrx_word' id='word_1_582' title='bbox 1238 2439 1331 2508; x_wconf 90' lang='lat' dir='ltr'>potest</span> <span class='ocrx_word' id='word_1_583' title='bbox 1345 2435 1493 2507; x_wconf 85' lang='lat' dir='ltr'>ampliora.</span> <span class='ocrx_word' id='word_1_584' title='bbox 1511 2437 1670 2493; x_wconf 83' lang='lat' dir='ltr'>Perfectus</span> <span class='ocrx_word' id='word_1_585' title='bbox 1686 2439 1769 2494; x_wconf 90' lang='lat' dir='ltr'>enim</span> <span class='ocrx_word' id='word_1_586' title='bbox 1788 2439 1866 2494; x_wconf 88' lang='lat' dir='ltr'>medi-</span> 
     </span>
     <span class='ocr_line' id='line_1_85' title="bbox 1009 2522 1868 2593; baseline 0.003 -15"><span class='ocrx_word' id='word_1_587' title='bbox 1009 2539 1057 2578; x_wconf 91' lang='lat' dir='ltr'>cus</span> <span class='ocrx_word' id='word_1_588' title='bbox 1068 2522 1155 2577; x_wconf 88' lang='lat' dir='ltr'>etiam</span> <span class='ocrx_word' id='word_1_589' title='bbox 1171 2523 1293 2577; x_wconf 92' lang='lat' dir='ltr'>scabiem</span> <span class='ocrx_word' id='word_1_590' title='bbox 1310 2528 1391 2579; x_wconf 86' lang='lat' dir='ltr'>sanat</span> <span class='ocrx_word' id='word_1_591' title='bbox 1406 2523 1580 2593; x_wconf 80' lang='lat' dir='ltr'>efficaciter3</span> <span class='ocrx_word' id='word_1_592' title='bbox 1599 2529 1631 2581; x_wconf 90' lang='lat' dir='ltr'>at</span> <span class='ocrx_word' id='word_1_593' title='bbox 1654 2543 1721 2582; x_wconf 94' lang='lat' dir='ltr'>non</span> <span class='ocrx_word' id='word_1_594' title='bbox 1744 2527 1868 2583; x_wconf 88' lang='lat' dir='ltr'>continuo</span> 
     </span>
     <span class='ocr_line' id='line_1_86' title="bbox 1009 2610 1867 2683; baseline 0.006 -19"><span class='ocrx_word' id='word_1_595' title='bbox 1009 2610 1059 2683; x_wconf 90' lang='lat' dir='ltr'>qui</span> <span class='ocrx_word' id='word_1_596' title='bbox 1073 2610 1201 2665; x_wconf 89' lang='lat' dir='ltr'>scabioso</span> <span class='ocrx_word' id='word_1_597' title='bbox 1215 2610 1326 2666; x_wconf 90' lang='lat' dir='ltr'>utiliter</span> <span class='ocrx_word' id='word_1_598' title='bbox 1339 2611 1471 2678; x_wconf 90' lang='lat' dir='ltr'>consulit,</span> <span class='ocrx_word' id='word_1_599' title='bbox 1483 2611 1634 2669; x_wconf 84' lang='lat' dir='ltr'>universae</span> <span class='ocrx_word' id='word_1_600' title='bbox 1642 2615 1789 2671; x_wconf 68' lang='lat' dir='ltr'>humanae</span> <span class='ocrx_word' id='word_1_601' title='bbox 1802 2617 1867 2670; x_wconf 84' lang='lat' dir='ltr'>vale·</span> 
     </span>
     <span class='ocr_line' id='line_1_87' title="bbox 1008 2698 1865 2772; baseline 0.005 -18"><span class='ocrx_word' id='word_1_602' title='bbox 1008 2698 1102 2754; x_wconf 89' lang='lat' dir='ltr'>tudini</span> <span class='ocrx_word' id='word_1_603' title='bbox 1115 2699 1226 2754; x_wconf 87' lang='lat' dir='ltr'>mederi</span> <span class='ocrx_word' id='word_1_604' title='bbox 1240 2703 1345 2770; x_wconf 86' lang='lat' dir='ltr'>potest.</span> <span class='ocrx_word' id='word_1_605' title='bbox 1359 2701 1393 2754; x_wconf 87' lang='lat' dir='ltr'>Et</span> <span class='ocrx_word' id='word_1_606' title='bbox 1419 2700 1490 2755; x_wconf 87' lang='lat' dir='ltr'>ratio</span> <span class='ocrx_word' id='word_1_607' title='bbox 1519 2701 1646 2772; x_wconf 87' lang='lat' dir='ltr'>quidem</span> <span class='ocrx_word' id='word_1_608' title='bbox 1664 2703 1692 2758; x_wconf 90' lang='lat' dir='ltr'>si</span> <span class='ocrx_word' id='word_1_609' title='bbox 1707 2710 1788 2760; x_wconf 84' lang='lat' dir='ltr'>certa</span> <span class='ocrx_word' id='word_1_610' title='bbox 1802 2721 1865 2759; x_wconf 89' lang='lat' dir='ltr'>con·</span> 
     </span>
     <span class='ocr_line' id='line_1_88' title="bbox 1007 2788 1867 2862; baseline 0.006 -20"><span class='ocrx_word' id='word_1_611' title='bbox 1007 2788 1137 2861; x_wconf 88' lang='lat' dir='ltr'>spicitur,</span> <span class='ocrx_word' id='word_1_612' title='bbox 1155 2805 1211 2860; x_wconf 89' lang='lat' dir='ltr'>qua</span> <span class='ocrx_word' id='word_1_613' title='bbox 1227 2788 1409 2844; x_wconf 83' lang='lat' dir='ltr'>manifestum</span> <span class='ocrx_word' id='word_1_614' title='bbox 1424 2789 1474 2844; x_wconf 89' lang='lat' dir='ltr'>liat</span> <span class='ocrx_word' id='word_1_615' title='bbox 1488 2805 1550 2844; x_wconf 87' lang='lat' dir='ltr'>esse</span> <span class='ocrx_word' id='word_1_616' title='bbox 1567 2792 1747 2862; x_wconf 88' lang='lat' dir='ltr'>oportuisse</span> <span class='ocrx_word' id='word_1_617' title='bbox 1766 2801 1867 2849; x_wconf 88' lang='lat' dir='ltr'>creatu·</span> 
     </span>
     <span class='ocr_line' id='line_1_89' title="bbox 1006 2878 1867 2954; baseline 0.006 -22"><span class='ocrx_word' id='word_1_618' title='bbox 1006 2894 1069 2933; x_wconf 92' lang='lat' dir='ltr'>ram</span> <span class='ocrx_word' id='word_1_619' title='bbox 1085 2894 1150 2949; x_wconf 81' lang='lat' dir='ltr'>quae</span> <span class='ocrx_word' id='word_1_620' title='bbox 1164 2893 1314 2949; x_wconf 84' lang='lat' dir='ltr'>nunquam</span> <span class='ocrx_word' id='word_1_621' title='bbox 1339 2878 1505 2949; x_wconf 89' lang='lat' dir='ltr'>peccaverit,</span> <span class='ocrx_word' id='word_1_622' title='bbox 1530 2895 1697 2952; x_wconf 89' lang='lat' dir='ltr'>nunquam</span> <span class='ocrx_word' id='word_1_623' title='bbox 1726 2889 1867 2954; x_wconf 82' lang='lat' dir='ltr'>peccatura</span> 
     </span>
     <span class='ocr_line' id='line_1_90' title="bbox 1007 2965 1866 3041; baseline 0.006 -21"><span class='ocrx_word' id='word_1_624' title='bbox 1007 2965 1053 3032; x_wconf 90' lang='lat' dir='ltr'>sit,</span> <span class='ocrx_word' id='word_1_625' title='bbox 1071 2966 1156 3021; x_wconf 88' lang='lat' dir='ltr'>etiam</span> <span class='ocrx_word' id='word_1_626' title='bbox 1171 2965 1242 3020; x_wconf 93' lang='lat' dir='ltr'>illud</span> <span class='ocrx_word' id='word_1_627' title='bbox 1257 2965 1356 3020; x_wconf 86' lang='lat' dir='ltr'>eadem</span> <span class='ocrx_word' id='word_1_628' title='bbox 1371 2966 1443 3021; x_wconf 86' lang='lat' dir='ltr'>ratio</span> <span class='ocrx_word' id='word_1_629' title='bbox 1455 2967 1609 3024; x_wconf 88' lang='lat' dir='ltr'>renuntiat</span> <span class='ocrx_word' id='word_1_630' title='bbox 1622 2987 1641 3024; x_wconf 90' lang='lat' dir='ltr'>a</span> <span class='ocrx_word' id='word_1_631' title='bbox 1656 2977 1783 3041; x_wconf 86' lang='lat' dir='ltr'>peccato</span> <span class='ocrx_word' id='word_1_632' title='bbox 1798 2973 1866 3026; x_wconf 83' lang='lat' dir='ltr'>illam</span> 
     </span>
     <span class='ocr_line' id='line_1_91' title="bbox 1006 3054 1865 3133; baseline 0.009 -24"><span class='ocrx_word' id='word_1_633' title='bbox 1006 3055 1095 3110; x_wconf 88' lang='lat' dir='ltr'>libera</span> <span class='ocrx_word' id='word_1_634' title='bbox 1108 3055 1252 3110; x_wconf 92' lang='lat' dir='ltr'>voluntate</span> <span class='ocrx_word' id='word_1_635' title='bbox 1268 3054 1420 3122; x_wconf 88' lang='lat' dir='ltr'>abstinere,</span> <span class='ocrx_word' id='word_1_636' title='bbox 1435 3072 1529 3128; x_wconf 90' lang='lat' dir='ltr'>neque</span> <span class='ocrx_word' id='word_1_637' title='bbox 1558 3063 1700 3115; x_wconf 88' lang='lat' dir='ltr'>coactam</span> <span class='ocrx_word' id='word_1_638' title='bbox 1726 3078 1787 3116; x_wconf 92' lang='lat' dir='ltr'>non</span> <span class='ocrx_word' id='word_1_639' title='bbox 1810 3079 1865 3133; x_wconf 76' lang='lat' dir='ltr'>pec</span> 
     </span>
     <span class='ocr_line' id='line_1_92' title="bbox 1005 3143 1865 3222; baseline 0.009 -26"><span class='ocrx_word' id='word_1_640' title='bbox 1005 3158 1080 3211; x_wconf 90' lang='lat' dir='ltr'>care,</span> <span class='ocrx_word' id='word_1_641' title='bbox 1094 3143 1143 3197; x_wconf 87' lang='lat' dir='ltr'>sed</span> <span class='ocrx_word' id='word_1_642' title='bbox 1158 3146 1269 3214; x_wconf 90' lang='lat' dir='ltr'>sponte.</span> <span class='ocrx_word' id='word_1_643' title='bbox 1281 3145 1607 3201; x_wconf 86' lang='lat' dir='ltr'>Verumtamenetiamsi</span> <span class='ocrx_word' id='word_1_644' title='bbox 1622 3153 1769 3218; x_wconf 79' lang='lat' dir='ltr'>peccaret</span> <span class='ocrx_word' id='word_1_645' title='bbox 1779 3149 1865 3222; x_wconf 86' lang='lat' dir='ltr'>(qnan-</span> 
     </span>
     <span class='ocr_line' id='line_1_93' title="bbox 1006 3232 1863 3310; baseline 0.008 -25"><span class='ocrx_word' id='word_1_646' title='bbox 1006 3246 1093 3303; x_wconf 88' lang='lat' dir='ltr'>quam</span> <span class='ocrx_word' id='word_1_647' title='bbox 1107 3248 1167 3286; x_wconf 93' lang='lat' dir='ltr'>non</span> <span class='ocrx_word' id='word_1_648' title='bbox 1182 3232 1319 3302; x_wconf 89' lang='lat' dir='ltr'>peccavit,</span> <span class='ocrx_word' id='word_1_649' title='bbox 1333 3232 1406 3288; x_wconf 88' lang='lat' dir='ltr'>sicut</span> <span class='ocrx_word' id='word_1_650' title='bbox 1421 3249 1485 3288; x_wconf 90' lang='lat' dir='ltr'>eam</span> <span class='ocrx_word' id='word_1_651' title='bbox 1498 3249 1560 3289; x_wconf 93' lang='lat' dir='ltr'>non</span> <span class='ocrx_word' id='word_1_652' title='bbox 1576 3242 1777 3306; x_wconf 85' lang='lat' dir='ltr'>peccaturam</span> <span class='ocrx_word' id='word_1_653' title='bbox 1798 3255 1863 3310; x_wconf 82' lang='lat' dir='ltr'>pra·</span> 
     </span>
     <span class='ocr_line' id='line_1_94' title="bbox 1005 3318 1864 3395; baseline 0.01 -21"><span class='ocrx_word' id='word_1_654' title='bbox 1005 3318 1086 3374; x_wconf 88' lang='lat' dir='ltr'>scivit</span> <span class='ocrx_word' id='word_1_655' title='bbox 1099 3320 1183 3390; x_wconf 82' lang='lat' dir='ltr'>Deus)</span> <span class='ocrx_word' id='word_1_656' title='bbox 1203 3338 1209 3375; x_wconf 95' lang='lat'><strong>:</strong></span> <span class='ocrx_word' id='word_1_657' title='bbox 1226 3325 1323 3376; x_wconf 90' lang='lat' dir='ltr'>tamen</span> <span class='ocrx_word' id='word_1_658' title='bbox 1334 3321 1357 3376; x_wconf 91' lang='lat' dir='ltr'>si</span> <span class='ocrx_word' id='word_1_659' title='bbox 1372 3321 1458 3376; x_wconf 90' lang='lat' dir='ltr'>etiam</span> <span class='ocrx_word' id='word_1_660' title='bbox 1472 3322 1534 3394; x_wconf 90' lang='lat' dir='ltr'>ipsa</span> <span class='ocrx_word' id='word_1_661' title='bbox 1547 3331 1705 3395; x_wconf 84' lang='lat' dir='ltr'>peccaret,</span> <span class='ocrx_word' id='word_1_662' title='bbox 1734 3327 1864 3382; x_wconf 84' lang='lat' dir='ltr'>sufficeret</span> 
     </span>
     <span class='ocr_line' id='line_1_95' title="bbox 1005 3408 1863 3486; baseline 0.01 -23"><span class='ocrx_word' id='word_1_663' title='bbox 1005 3408 1057 3463; x_wconf 87' lang='lat' dir='ltr'>Dei</span> <span class='ocrx_word' id='word_1_664' title='bbox 1067 3413 1195 3481; x_wconf 88' lang='lat' dir='ltr'>potestas</span> <span class='ocrx_word' id='word_1_665' title='bbox 1210 3409 1361 3465; x_wconf 82' lang='lat' dir='ltr'>ineffabilis</span> <span class='ocrx_word' id='word_1_666' title='bbox 1375 3411 1513 3481; x_wconf 82' lang='lat' dir='ltr'>potentire</span> <span class='ocrx_word' id='word_1_667' title='bbox 1537 3413 1576 3466; x_wconf 90' lang='lat' dir='ltr'>ad</span> <span class='ocrx_word' id='word_1_668' title='bbox 1591 3416 1764 3486; x_wconf 89' lang='lat' dir='ltr'>regendam</span> <span class='ocrx_word' id='word_1_669' title='bbox 1791 3417 1863 3471; x_wconf 76' lang='lat' dir='ltr'>istam</span> 
     </span>
     <span class='ocr_line' id='line_1_96' title="bbox 1003 3497 1861 3578; baseline 0.012 -27"><span class='ocrx_word' id='word_1_670' title='bbox 1003 3497 1229 3565; x_wconf 89' lang='lat' dir='ltr'>universitatem,</span> <span class='ocrx_word' id='word_1_671' title='bbox 1244 3504 1277 3554; x_wconf 88' lang='lat' dir='ltr'>ut</span> <span class='ocrx_word' id='word_1_672' title='bbox 1293 3499 1425 3554; x_wconf 91' lang='lat' dir='ltr'>omnihus</span> <span class='ocrx_word' id='word_1_673' title='bbox 1451 3516 1581 3572; x_wconf 89' lang='lat' dir='ltr'>congrua</span> <span class='ocrx_word' id='word_1_674' title='bbox 1609 3508 1642 3557; x_wconf 85' lang='lat' dir='ltr'>et</span> <span class='ocrx_word' id='word_1_675' title='bbox 1658 3506 1810 3578; x_wconf 90' lang='lat' dir='ltr'>condigna</span> <span class='ocrx_word' id='word_1_676' title='bbox 1827 3522 1861 3559; x_wconf 74' lang='lat' dir='ltr'>re</span> 
     </span>
     <span class='ocr_line' id='line_1_97' title="bbox 1002 3586 1861 3665; baseline 0.007 -24"><span class='ocrx_word' id='word_1_677' title='bbox 1002 3586 1142 3650; x_wconf 86' lang='lat' dir='ltr'>tribuens,</span> <span class='ocrx_word' id='word_1_678' title='bbox 1159 3587 1233 3642; x_wconf 90' lang='lat' dir='ltr'>nihil</span> <span class='ocrx_word' id='word_1_679' title='bbox 1248 3587 1278 3641; x_wconf 93' lang='lat' dir='ltr'>in</span> <span class='ocrx_word' id='word_1_680' title='bbox 1293 3591 1351 3642; x_wconf 92' lang='lat' dir='ltr'>toto</span> <span class='ocrx_word' id='word_1_681' title='bbox 1366 3587 1488 3658; x_wconf 92' lang='lat' dir='ltr'>imperio</span> <span class='ocrx_word' id='word_1_682' title='bbox 1503 3605 1556 3644; x_wconf 90' lang='lat' dir='ltr'>suo</span> <span class='ocrx_word' id='word_1_683' title='bbox 1571 3594 1665 3663; x_wconf 86' lang='lat' dir='ltr'>turpe</span> <span class='ocrx_word' id='word_1_684' title='bbox 1680 3597 1774 3665; x_wconf 89' lang='lat' dir='ltr'>atque</span> <span class='ocrx_word' id='word_1_685' title='bbox 1794 3594 1861 3649; x_wconf 89' lang='lat' dir='ltr'>indc-</span> 
     </span>
     <span class='ocr_line' id='line_1_98' title="bbox 1003 3675 1861 3750; baseline 0.007 -20"><span class='ocrx_word' id='word_1_686' title='bbox 1003 3691 1102 3730; x_wconf 88' lang='lat' dir='ltr'>corum</span> <span class='ocrx_word' id='word_1_687' title='bbox 1118 3692 1178 3730; x_wconf 89' lang='lat' dir='ltr'>esse</span> <span class='ocrx_word' id='word_1_688' title='bbox 1193 3675 1386 3746; x_wconf 88' lang='lat' dir='ltr'>permitteret.</span> <span class='ocrx_word' id='word_1_689' title='bbox 1406 3676 1477 3741; x_wconf 85' lang='lat' dir='ltr'>Quia</span> <span class='ocrx_word' id='word_1_690' title='bbox 1492 3677 1551 3732; x_wconf 91' lang='lat' dir='ltr'>sive</span> <span class='ocrx_word' id='word_1_691' title='bbox 1566 3694 1623 3750; x_wconf 88' lang='lat' dir='ltr'>per</span> <span class='ocrx_word' id='word_1_692' title='bbox 1654 3683 1756 3736; x_wconf 89' lang='lat' dir='ltr'>nullas</span> <span class='ocrx_word' id='word_1_693' title='bbox 1769 3683 1861 3738; x_wconf 87' lang='lat' dir='ltr'>adhoc</span> 
     </span>
     <span class='ocr_line' id='line_1_99' title="bbox 1001 3763 1862 3841; baseline 0.01 -23"><span class='ocrx_word' id='word_1_694' title='bbox 1001 3763 1097 3835; x_wconf 91' lang='lat' dir='ltr'>ipsum</span> <span class='ocrx_word' id='word_1_695' title='bbox 1111 3764 1237 3820; x_wconf 92' lang='lat' dir='ltr'>conditas</span> <span class='ocrx_word' id='word_1_696' title='bbox 1252 3769 1415 3836; x_wconf 88' lang='lat' dir='ltr'>potestates,</span> <span class='ocrx_word' id='word_1_697' title='bbox 1442 3765 1466 3820; x_wconf 88' lang='lat' dir='ltr'>si</span> <span class='ocrx_word' id='word_1_698' title='bbox 1487 3766 1583 3821; x_wconf 91' lang='lat' dir='ltr'>omnis</span> <span class='ocrx_word' id='word_1_699' title='bbox 1611 3771 1757 3841; x_wconf 88' lang='lat' dir='ltr'>angelica</span> <span class='ocrx_word' id='word_1_700' title='bbox 1771 3778 1862 3826; x_wconf 82' lang='lat' dir='ltr'>natura</span> 
     </span>
     <span class='ocr_line' id='line_1_100' title="bbox 1002 3852 1861 3931; baseline 0.006 -24"><span class='ocrx_word' id='word_1_701' title='bbox 1002 3852 1037 3907; x_wconf 90' lang='lat' dir='ltr'>ab</span> <span class='ocrx_word' id='word_1_702' title='bbox 1052 3853 1113 3925; x_wconf 87' lang='lat' dir='ltr'>ejus</span> <span class='ocrx_word' id='word_1_703' title='bbox 1128 3853 1278 3925; x_wconf 69' lang='lat' dir='ltr'>praeceptis</span> <span class='ocrx_word' id='word_1_704' title='bbox 1291 3855 1435 3925; x_wconf 87' lang='lat' dir='ltr'>peccando</span> <span class='ocrx_word' id='word_1_705' title='bbox 1450 3854 1613 3926; x_wconf 87' lang='lat' dir='ltr'>defecisset,</span> <span class='ocrx_word' id='word_1_706' title='bbox 1646 3860 1805 3931; x_wconf 82' lang='lat' dir='ltr'>majestate</span> <span class='ocrx_word' id='word_1_707' title='bbox 1820 3875 1861 3914; x_wconf 86' lang='lat' dir='ltr'>sna</span> 
     </span>
     <span class='ocr_line' id='line_1_101' title="bbox 1001 3940 1862 4014; baseline 0.008 -20"><span class='ocrx_word' id='word_1_708' title='bbox 1001 3942 1010 3976; x_wconf 86' lang='lat'>¹</span> <span class='ocrx_word' id='word_1_709' title='bbox 1026 3940 1225 3996; x_wconf 82' lang='lat' dir='ltr'>decentissime</span> <span class='ocrx_word' id='word_1_710' title='bbox 1247 3946 1333 4014; x_wconf 91' lang='lat' dir='ltr'>atque</span> <span class='ocrx_word' id='word_1_711' title='bbox 1355 3943 1461 4014; x_wconf 91' lang='lat' dir='ltr'>optime</span> <span class='ocrx_word' id='word_1_712' title='bbox 1483 3949 1600 4014; x_wconf 89' lang='lat' dir='ltr'>regeret</span> <span class='ocrx_word' id='word_1_713' title='bbox 1610 3949 1723 4003; x_wconf 88' lang='lat' dir='ltr'>omnia</span> <span class='ocrx_word' id='word_1_714' title='bbox 1740 3966 1748 4005; x_wconf 72' lang='grc' dir='ltr'>ε</span> <span class='ocrx_word' id='word_1_715' title='bbox 1765 3967 1817 4005; x_wconf 90' lang='lat' dir='ltr'>nec</span> <span class='ocrx_word' id='word_1_716' title='bbox 1829 3949 1862 4003; x_wconf 82' lang='lat' dir='ltr'>sic</span> 
     </span>
     <span class='ocr_line' id='line_1_102' title="bbox 1000 4027 1861 4110; baseline 0.009 -27"><span class='ocrx_word' id='word_1_717' title='bbox 1000 4027 1129 4084; x_wconf 91' lang='lat' dir='ltr'>invidens</span> <span class='ocrx_word' id='word_1_718' title='bbox 1143 4036 1280 4086; x_wconf 77' lang='lat' dir='ltr'>creaturae</span> <span class='ocrx_word' id='word_1_719' title='bbox 1296 4031 1437 4103; x_wconf 86' lang='lat' dir='ltr'>spirituali</span> <span class='ocrx_word' id='word_1_720' title='bbox 1449 4036 1482 4087; x_wconf 91' lang='lat' dir='ltr'>ut</span> <span class='ocrx_word' id='word_1_721' title='bbox 1496 4036 1586 4101; x_wconf 89' lang='lat' dir='ltr'>esset;</span> <span class='ocrx_word' id='word_1_722' title='bbox 1604 4036 1662 4106; x_wconf 89' lang='lat' dir='ltr'>qni</span> <span class='ocrx_word' id='word_1_723' title='bbox 1678 4042 1760 4093; x_wconf 89' lang='lat' dir='ltr'>etam</span> <span class='ocrx_word' id='word_1_724' title='bbox 1771 4054 1861 4110; x_wconf 91' lang='lat' dir='ltr'>corpo·</span> 
     </span>
     <span class='ocr_line' id='line_1_103' title="bbox 1000 4119 1859 4199; baseline 0.012 -26"><span class='ocrx_word' id='word_1_725' title='bbox 1000 4119 1090 4175; x_wconf 89' lang='lat' dir='ltr'>ralem</span> <span class='ocrx_word' id='word_1_726' title='bbox 1104 4120 1287 4191; x_wconf 89' lang='lat' dir='ltr'>peccantibus</span> <span class='ocrx_word' id='word_1_727' title='bbox 1301 4137 1416 4194; x_wconf 86' lang='lat' dir='ltr'>quoque</span> <span class='ocrx_word' id='word_1_728' title='bbox 1426 4121 1630 4192; x_wconf 86' lang='lat' dir='ltr'>spiritualibus</span> <span class='ocrx_word' id='word_1_729' title='bbox 1647 4126 1742 4199; x_wconf 88' lang='lat' dir='ltr'>longe</span> <span class='ocrx_word' id='word_1_730' title='bbox 1754 4127 1859 4183; x_wconf 83' lang='lat' dir='ltr'>inferio</span> 
     </span>
     <span class='ocr_line' id='line_1_104' title="bbox 999 4209 1860 4280; baseline 0.008 -18"><span class='ocrx_word' id='word_1_731' title='bbox 999 4223 1072 4274; x_wconf 86' lang='lat' dir='ltr'>rem,</span> <span class='ocrx_word' id='word_1_732' title='bbox 1089 4212 1169 4263; x_wconf 89' lang='lat' dir='ltr'>tanta</span> <span class='ocrx_word' id='word_1_733' title='bbox 1183 4209 1313 4280; x_wconf 88' lang='lat' dir='ltr'>largitate</span> <span class='ocrx_word' id='word_1_734' title='bbox 1325 4209 1462 4264; x_wconf 90' lang='lat' dir='ltr'>bonitatis</span> <span class='ocrx_word' id='word_1_735' title='bbox 1490 4209 1628 4274; x_wconf 91' lang='lat' dir='ltr'>instituit,</span> <span class='ocrx_word' id='word_1_736' title='bbox 1647 4220 1684 4269; x_wconf 92' lang='lat' dir='ltr'>ut</span> <span class='ocrx_word' id='word_1_737' title='bbox 1708 4218 1809 4272; x_wconf 85' lang='lat' dir='ltr'>nullus</span> <span class='ocrx_word' id='word_1_738' title='bbox 1829 4215 1860 4270; x_wconf 92' lang='lat' dir='ltr'>sit</span> 
     </span>
     <span class='ocr_line' id='line_1_105' title="bbox 999 4296 1859 4378; baseline 0.009 -28"><span class='ocrx_word' id='word_1_739' title='bbox 999 4296 1103 4351; x_wconf 78' lang='lat' dir='ltr'>caelum</span> <span class='ocrx_word' id='word_1_740' title='bbox 1124 4302 1289 4367; x_wconf 90' lang='lat' dir='ltr'>terramque</span> <span class='ocrx_word' id='word_1_741' title='bbox 1304 4297 1513 4353; x_wconf 90' lang='lat' dir='ltr'>rationabiliter</span> <span class='ocrx_word' id='word_1_742' title='bbox 1541 4298 1678 4368; x_wconf 90' lang='lat' dir='ltr'>intuens,</span> <span class='ocrx_word' id='word_1_743' title='bbox 1707 4320 1859 4378; x_wconf 84' lang='lat' dir='ltr'>omnesque</span> 
     </span>
     <span class='ocr_line' id='line_1_106' title="bbox 998 4384 1858 4461; baseline 0.008 -21"><span class='ocrx_word' id='word_1_744' title='bbox 998 4389 1117 4440; x_wconf 88' lang='lat' dir='ltr'>naturas</span> <span class='ocrx_word' id='word_1_745' title='bbox 1132 4384 1258 4440; x_wconf 87' lang='lat' dir='ltr'>visibiles</span> <span class='ocrx_word' id='word_1_746' title='bbox 1273 4385 1303 4440; x_wconf 93' lang='lat' dir='ltr'>in</span> <span class='ocrx_word' id='word_1_747' title='bbox 1319 4386 1377 4441; x_wconf 90' lang='lat' dir='ltr'>suis</span> <span class='ocrx_word' id='word_1_748' title='bbox 1391 4386 1544 4457; x_wconf 85' lang='lat' dir='ltr'>generibus</span> <span class='ocrx_word' id='word_1_749' title='bbox 1560 4389 1749 4461; x_wconf 85' lang='lat' dir='ltr'>moderatos,</span> <span class='ocrx_word' id='word_1_750' title='bbox 1760 4394 1858 4450; x_wconf 81' lang='lat' dir='ltr'>torma-</span> 
     </span>
     <span class='ocr_line' id='line_1_107' title="bbox 998 4473 1859 4546; baseline 0.013 -17"><span class='ocrx_word' id='word_1_751' title='bbox 998 4477 1052 4543; x_wconf 90' lang='lat' dir='ltr'>tas,</span> <span class='ocrx_word' id='word_1_752' title='bbox 1068 4473 1224 4541; x_wconf 86' lang='lat' dir='ltr'>ordinatas,</span> <span class='ocrx_word' id='word_1_753' title='bbox 1240 4474 1289 4546; x_wconf 91' lang='lat' dir='ltr'>qui</span> <span class='ocrx_word' id='word_1_754' title='bbox 1303 4474 1348 4529; x_wconf 88' lang='lat' dir='ltr'>vel</span> <span class='ocrx_word' id='word_1_755' title='bbox 1362 4475 1450 4530; x_wconf 88' lang='lat' dir='ltr'>alium</span> <span class='ocrx_word' id='word_1_756' title='bbox 1461 4475 1558 4531; x_wconf 88' lang='lat' dir='ltr'>credat</span> <span class='ocrx_word' id='word_1_757' title='bbox 1571 4478 1722 4537; x_wconf 82' lang='lat' dir='ltr'>artificem</span> <span class='ocrx_word' id='word_1_758' title='bbox 1734 4482 1859 4539; x_wconf 86' lang='lat' dir='ltr'>omnium</span> 
     </span>
     <span class='ocr_line' id='line_1_108' title="bbox 998 4563 1858 4635; baseline 0.013 -17"><span class='ocrx_word' id='word_1_759' title='bbox 998 4578 1059 4618; x_wconf 88' lang='lat' dir='ltr'>esso</span> <span class='ocrx_word' id='word_1_760' title='bbox 1076 4578 1163 4635; x_wconf 86' lang='lat' dir='ltr'>quam</span> <span class='ocrx_word' id='word_1_761' title='bbox 1179 4563 1280 4631; x_wconf 87' lang='lat' dir='ltr'>Deum,</span> <span class='ocrx_word' id='word_1_762' title='bbox 1294 4564 1339 4619; x_wconf 89' lang='lat' dir='ltr'>vel</span> <span class='ocrx_word' id='word_1_763' title='bbox 1352 4580 1410 4619; x_wconf 92' lang='lat' dir='ltr'>non</span> <span class='ocrx_word' id='word_1_764' title='bbox 1425 4580 1492 4619; x_wconf 90' lang='lat' dir='ltr'>eum</span> <span class='ocrx_word' id='word_1_765' title='bbox 1516 4564 1714 4625; x_wconf 79' lang='lat' dir='ltr'>ineffabiliter</span> <span class='ocrx_word' id='word_1_766' title='bbox 1744 4573 1858 4628; x_wconf 89' lang='lat' dir='ltr'>laudan·</span> 
     </span>
     <span class='ocr_line' id='line_1_109' title="bbox 998 4650 1857 4717; baseline 0.014 -11"><span class='ocrx_word' id='word_1_767' title='bbox 998 4650 1068 4706; x_wconf 81' lang='lat' dir='ltr'>ditm</span> <span class='ocrx_word' id='word_1_768' title='bbox 1082 4667 1143 4706; x_wconf 91' lang='lat' dir='ltr'>esse</span> <span class='ocrx_word' id='word_1_769' title='bbox 1158 4650 1292 4706; x_wconf 80' lang='lat' dir='ltr'>fateatur.</span> <span class='ocrx_word' id='word_1_770' title='bbox 1311 4651 1375 4708; x_wconf 88' lang='lat' dir='ltr'>Sive</span> <span class='ocrx_word' id='word_1_771' title='bbox 1388 4653 1467 4706; x_wconf 90' lang='lat' dir='ltr'>nulla</span> <span class='ocrx_word' id='word_1_772' title='bbox 1481 4651 1541 4707; x_wconf 84' lang='lat' dir='ltr'>est¹</span> <span class='ocrx_word' id='word_1_773' title='bbox 1557 4655 1670 4712; x_wconf 92' lang='lat' dir='ltr'>melior</span> <span class='ocrx_word' id='word_1_774' title='bbox 1696 4675 1801 4717; x_wconf 87' lang='lat' dir='ltr'>rerum</span> <span class='ocrx_word' id='word_1_775' title='bbox 1815 4678 1857 4717; x_wconf 89' lang='lat' dir='ltr'>or-</span> 
     </span>
     <span class='ocr_line' id='line_1_110' title="bbox 999 4739 1860 4813; baseline 0.009 -17"><span class='ocrx_word' id='word_1_776' title='bbox 999 4740 1119 4809; x_wconf 90' lang='lat' dir='ltr'>dinatio,</span> <span class='ocrx_word' id='word_1_777' title='bbox 1135 4739 1190 4795; x_wconf 92' lang='lat' dir='ltr'>nisi</span> <span class='ocrx_word' id='word_1_778' title='bbox 1218 4745 1345 4812; x_wconf 86' lang='lat' dir='ltr'>potestas</span> <span class='ocrx_word' id='word_1_779' title='bbox 1369 4741 1499 4813; x_wconf 89' lang='lat' dir='ltr'>angelica</span> <span class='ocrx_word' id='word_1_780' title='bbox 1513 4747 1629 4799; x_wconf 78' lang='lat' dir='ltr'>naturae</span> <span class='ocrx_word' id='word_1_781' title='bbox 1645 4750 1824 4806; x_wconf 81' lang='lat' dir='ltr'>excellentia</span> <span class='ocrx_word' id='word_1_782' title='bbox 1836 4753 1860 4805; x_wconf 91' lang='lat' dir='ltr'>et</span> 
     </span>
     <span class='ocr_line' id='line_1_111' title="bbox 996 4829 1858 4900; baseline 0.009 -14"><span class='ocrx_word' id='word_1_783' title='bbox 996 4829 1123 4886; x_wconf 88' lang='lat' dir='ltr'>bonitate</span> <span class='ocrx_word' id='word_1_784' title='bbox 1148 4829 1302 4884; x_wconf 90' lang='lat' dir='ltr'>voluntatis</span> <span class='ocrx_word' id='word_1_785' title='bbox 1324 4829 1355 4884; x_wconf 93' lang='lat' dir='ltr'>in</span> <span class='ocrx_word' id='word_1_786' title='bbox 1385 4829 1571 4900; x_wconf 89' lang='lat' dir='ltr'>dispositione</span> <span class='ocrx_word' id='word_1_787' title='bbox 1594 4833 1804 4893; x_wconf 84' lang='lat' dir='ltr'>universitatis</span> <span class='ocrx_word' id='word_1_788' title='bbox 1817 4854 1858 4893; x_wconf 88' lang='lat' dir='ltr'>sn·</span> 
     </span>
     <span class='ocr_line' id='line_1_112' title="bbox 996 4917 1857 4996; baseline 0.012 -24"><span class='ocrx_word' id='word_1_789' title='bbox 996 4918 1184 4990; x_wconf 87' lang='lat' dir='ltr'>peremineat,</span> <span class='ocrx_word' id='word_1_790' title='bbox 1199 4917 1311 4973; x_wconf 89' lang='lat' dir='ltr'>etiamsi</span> <span class='ocrx_word' id='word_1_791' title='bbox 1325 4934 1424 4974; x_wconf 90' lang='lat' dir='ltr'>omnes</span> <span class='ocrx_word' id='word_1_792' title='bbox 1434 4923 1600 4991; x_wconf 86' lang='lat' dir='ltr'>peccassent</span> <span class='ocrx_word' id='word_1_793' title='bbox 1613 4923 1736 4996; x_wconf 84' lang='lat' dir='ltr'>Angeli,</span> <span class='ocrx_word' id='word_1_794' title='bbox 1753 4929 1857 4984; x_wconf 89' lang='lat' dir='ltr'>nullam</span> 
     </span>
     <span class='ocr_line' id='line_1_113' title="bbox 995 5005 1857 5079; baseline 0.013 -19"><span class='ocrx_word' id='word_1_795' title='bbox 995 5005 1124 5076; x_wconf 90' lang='lat' dir='ltr'>inopiam</span> <span class='ocrx_word' id='word_1_796' title='bbox 1138 5006 1263 5061; x_wconf 87' lang='lat' dir='ltr'>lacerent</span> <span class='ocrx_word' id='word_1_797' title='bbox 1273 5006 1309 5061; x_wconf 91' lang='lat' dir='ltr'>ad</span> <span class='ocrx_word' id='word_1_798' title='bbox 1324 5006 1482 5078; x_wconf 90' lang='lat' dir='ltr'>regendum</span> <span class='ocrx_word' id='word_1_799' title='bbox 1497 5007 1658 5079; x_wconf 90' lang='lat' dir='ltr'>imperinm</span> <span class='ocrx_word' id='word_1_800' title='bbox 1672 5030 1764 5070; x_wconf 89' lang='lat' dir='ltr'>suum</span> <span class='ocrx_word' id='word_1_801' title='bbox 1781 5017 1857 5073; x_wconf 85' lang='lat' dir='ltr'>Crea-</span> 
     </span>
     <span class='ocr_line' id='line_1_114' title="bbox 994 5093 1858 5175; baseline 0.013 -27"><span class='ocrx_word' id='word_1_802' title='bbox 994 5093 1052 5149; x_wconf 91' lang='lat' dir='ltr'>tori</span> <span class='ocrx_word' id='word_1_803' title='bbox 1066 5095 1253 5166; x_wconf 78' lang='lat' dir='ltr'>Angelorum.</span> <span class='ocrx_word' id='word_1_804' title='bbox 1271 5095 1333 5151; x_wconf 92' lang='lat' dir='ltr'>Non</span> <span class='ocrx_word' id='word_1_805' title='bbox 1347 5094 1425 5150; x_wconf 90' lang='lat' dir='ltr'>enim</span> <span class='ocrx_word' id='word_1_806' title='bbox 1437 5095 1481 5150; x_wconf 90' lang='lat' dir='ltr'>vel</span> <span class='ocrx_word' id='word_1_807' title='bbox 1495 5096 1611 5152; x_wconf 87' lang='lat' dir='ltr'>bonitas</span> <span class='ocrx_word' id='word_1_808' title='bbox 1628 5101 1695 5170; x_wconf 87' lang='lat' dir='ltr'>ejus</span> <span class='ocrx_word' id='word_1_809' title='bbox 1711 5105 1800 5175; x_wconf 87' lang='lat' dir='ltr'>qnasi</span> <span class='ocrx_word' id='word_1_810' title='bbox 1814 5105 1858 5159; x_wconf 92' lang='lat' dir='ltr'>ali·</span> 
     </span>
     <span class='ocr_line' id='line_1_115' title="bbox 995 5180 1857 5256; baseline 0.016 -20"><span class='ocrx_word' id='word_1_811' title='bbox 995 5198 1052 5254; x_wconf 84' lang='lat' dir='ltr'>quo</span> <span class='ocrx_word' id='word_1_812' title='bbox 1069 5180 1165 5247; x_wconf 75' lang='lat' dir='ltr'>tedio,</span> <span class='ocrx_word' id='word_1_813' title='bbox 1186 5183 1231 5238; x_wconf 89' lang='lat' dir='ltr'>vel</span> <span class='ocrx_word' id='word_1_814' title='bbox 1245 5183 1455 5256; x_wconf 85' lang='lat' dir='ltr'>omnipotentia</span> <span class='ocrx_word' id='word_1_815' title='bbox 1482 5184 1656 5243; x_wconf 77' lang='lat' dir='ltr'>difficultate</span> <span class='ocrx_word' id='word_1_816' title='bbox 1672 5190 1814 5248; x_wconf 83' lang='lat' dir='ltr'>deiiceret</span> <span class='ocrx_word' id='word_1_817' title='bbox 1827 5191 1857 5248; x_wconf 84' lang='lat' dir='ltr'>ad</span> 
     </span>
     <span class='ocr_line' id='line_1_116' title="bbox 995 5272 1856 5354; baseline 0.009 -28"><span class='ocrx_word' id='word_1_818' title='bbox 995 5272 1133 5327; x_wconf 88' lang='lat' dir='ltr'>creandos</span> <span class='ocrx_word' id='word_1_819' title='bbox 1145 5272 1227 5342; x_wconf 90' lang='lat' dir='ltr'>alios,</span> <span class='ocrx_word' id='word_1_820' title='bbox 1244 5289 1316 5344; x_wconf 90' lang='lat' dir='ltr'>quos</span> <span class='ocrx_word' id='word_1_821' title='bbox 1343 5273 1374 5328; x_wconf 92' lang='lat' dir='ltr'>in</span> <span class='ocrx_word' id='word_1_822' title='bbox 1398 5273 1439 5328; x_wconf 89' lang='lat' dir='ltr'>eis</span> <span class='ocrx_word' id='word_1_823' title='bbox 1467 5273 1583 5329; x_wconf 90' lang='lat' dir='ltr'>sedibus</span> <span class='ocrx_word' id='word_1_824' title='bbox 1598 5277 1770 5344; x_wconf 86' lang='lat' dir='ltr'>collocaret,</span> <span class='ocrx_word' id='word_1_825' title='bbox 1791 5297 1856 5354; x_wconf 80' lang='lat' dir='ltr'>quas</span> 
     </span>
     <span class='ocr_line' id='line_1_117' title="bbox 992 5360 1856 5440; baseline 0.01 -25"><span class='ocrx_word' id='word_1_826' title='bbox 992 5360 1135 5432; x_wconf 92' lang='lat' dir='ltr'>peccando</span> <span class='ocrx_word' id='word_1_827' title='bbox 1164 5361 1215 5415; x_wconf 92' lang='lat' dir='ltr'>alii</span> <span class='ocrx_word' id='word_1_828' title='bbox 1236 5361 1448 5431; x_wconf 75' lang='lat' dir='ltr'>deseruissent,</span> <span class='ocrx_word' id='word_1_829' title='bbox 1474 5366 1524 5418; x_wconf 90' lang='lat' dir='ltr'>ant</span> <span class='ocrx_word' id='word_1_830' title='bbox 1548 5369 1686 5422; x_wconf 88' lang='lat' dir='ltr'>creatura</span> <span class='ocrx_word' id='word_1_831' title='bbox 1699 5369 1856 5440; x_wconf 84' lang='lat' dir='ltr'>spiritualis</span> 
     </span>
    </p>
   </div>
   <div class='ocr_carea' id='block_1_13' title="bbox 1022 5484 1853 5626">
    <p class='ocr_par' dir='ltr' id='par_1_15' title="bbox 1022 5484 1853 5626">
     <span class='ocr_line' id='line_1_118' title="bbox 1024 5484 1853 5550; baseline 0.01 -16"><span class='ocrx_word' id='word_1_832' title='bbox 1024 5487 1033 5520; x_wconf 88' lang='lat'>¹</span> <span class='ocrx_word' id='word_1_833' title='bbox 1049 5485 1168 5543; x_wconf 81' lang='lat' dir='ltr'>Qustuor</span> <span class='ocrx_word' id='word_1_834' title='bbox 1182 5486 1244 5537; x_wconf 79' lang='lat' dir='ltr'>iles.</span> <span class='ocrx_word' id='word_1_835' title='bbox 1256 5484 1406 5550; x_wconf 76' lang='lat' dir='ltr'>defecisset,</span> <span class='ocrx_word' id='word_1_836' title='bbox 1417 5485 1462 5537; x_wconf 83' lang='lat' dir='ltr'>scd</span> <span class='ocrx_word' id='word_1_837' title='bbox 1468 5486 1618 5550; x_wconf 64' lang='lat' dir='ltr'>mmortatc</span> <span class='ocrx_word' id='word_1_838' title='bbox 1628 5501 1692 5542; x_wconf 80' lang='lat' dir='ltr'>sun.</span> <span class='ocrx_word' id='word_1_839' title='bbox 1702 5492 1765 5544; x_wconf 83' lang='lat' dir='ltr'>Non</span> <span class='ocrx_word' id='word_1_840' title='bbox 1780 5492 1853 5543; x_wconf 87' lang='lat' dir='ltr'>mate.</span> 
     </span>
     <span class='ocr_line' id='line_1_119' title="bbox 1022 5563 1824 5626; baseline 0.01 -14"><span class='ocrx_word' id='word_1_841' title='bbox 1022 5565 1032 5599; x_wconf 81' lang='lat'>²</span> <span class='ocrx_word' id='word_1_842' title='bbox 1046 5564 1108 5614; x_wconf 90' lang='lat' dir='ltr'>Lov.</span> <span class='ocrx_word' id='word_1_843' title='bbox 1124 5563 1152 5614; x_wconf 90' lang='lat' dir='ltr'>in</span> <span class='ocrx_word' id='word_1_844' title='bbox 1162 5567 1246 5626; x_wconf 86' lang='lat' dir='ltr'>textu,</span> <span class='ocrx_word' id='word_1_845' title='bbox 1261 5567 1322 5618; x_wconf 80' lang='lat' dir='ltr'>Sive</span> <span class='ocrx_word' id='word_1_846' title='bbox 1336 5565 1394 5617; x_wconf 82' lang='lat' dir='ltr'>ulta</span> <span class='ocrx_word' id='word_1_847' title='bbox 1405 5567 1450 5618; x_wconf 82' lang='lat' dir='ltr'>cst.</span> <span class='ocrx_word' id='word_1_848' title='bbox 1466 5566 1500 5616; x_wconf 79' lang='lat' dir='ltr'>At</span> <span class='ocrx_word' id='word_1_849' title='bbox 1512 5566 1576 5618; x_wconf 84' lang='lat' dir='ltr'>Bed.</span> <span class='ocrx_word' id='word_1_850' title='bbox 1590 5567 1636 5618; x_wconf 84' lang='lat' dir='ltr'>Er.</span> <span class='ocrx_word' id='word_1_851' title='bbox 1647 5571 1747 5622; x_wconf 83' lang='lat' dir='ltr'>etltss.</span> <span class='ocrx_word' id='word_1_852' title='bbox 1756 5574 1824 5622; x_wconf 83' lang='lat' dir='ltr'>Stre.</span> 
     </span>
    </p>
   </div>
   <div class='ocr_carea' id='block_1_14' title="bbox 0 0 1946 6112">
    <p class='ocr_par' dir='ltr' id='par_1_16' title="bbox 0 0 1946 6112">
     <span class='ocr_line' id='line_1_120' title="bbox 0 0 1946 6112; baseline 0 8"><span class='ocrx_word' id='word_1_853' title='bbox 0 0 1946 6112; x_wconf 95' lang='lat' dir='ltr'> </span> 
     </span>
    </p>
   </div>
  </div>
 </body>
</html>
