3884 6112
63 255 128 307 ludii
366 251 413 306 DE
431 250 589 308 uouiuus
608 253 705 310 suut.
727 253 948 321 carduilum,
970 252 999 308 S.
1019 252 1212 311 AUGUSTINI
1232 253 1340 311 LIBER
1359 254 1503 312 elusus.
1744 261 1811 314 llic

58 389 114 445 que
129 375 390 427 contemnerentur.
408 372 471 427 Nou
485 373 562 428 enim
578 375 647 429 falso
667 379 716 430 aut
732 392 820 447 parvo
837 375 905 431 alfe-
957 375 1067 447 aliquid
1082 375 1296 448 praetermisisse
1316 377 1393 449 quod
1421 394 1455 433 ox
1483 382 1581 433 nostra
1609 380 1804 452 responsione,

57 467 105 517 ctu
122 461 305 516 dictumest:
323 461 806 526 Quoniammeliorcstdiesunusin
825 466 905 520 atriis
958 468 1098 535 quantum
1114 464 1252 519 Dominus
1274 465 1400 536 prebere
1429 466 1572 538 diguatus,
1601 467 1657 522 tuis
1680 468 1806 524 iuterro-

58 554 211 620 tuissuper
234 550 323 604 mittio
351 549 435 619 (Psoi.
466 567 579 616 cxxxiii,
606 555 659 623 ll).
683 553 853 624 Quanquam
878 556 908 608 et
959 553 1656 628 galionibusdesit:quanquamctsilibialiquid
1671 557 1805 624 occurrit,

56 639 113 694 alio
125 654 210 693 seusu
224 637 316 708 possit
331 637 464 710 intelligi.
480 643 513 693 ut
522 639 613 696 millia
628 640 741 696 dierum
751 637 905 711 intempo-
958 642 1060 696 modiis
1079 641 1145 698 libri
1160 658 1213 697 iios
1226 642 1288 714 jam
1302 642 1390 698 linem
1400 642 1502 712 facere,
1517 648 1547 698 et
1563 645 1598 700 ab
1611 644 1663 701 hac
1677 645 1805 717 disputa-
1839 633 1840 636 ¹

56 726 96 782 ris
112 726 302 782 mutabilitate
315 725 526 797 intelligentam
544 727 629 782 unius
639 733 735 783 autem
745 729 801 784 diei
811 729 905 784 nomi·
958 730 1035 787 tione
1053 730 1231 804 requiescere
1244 730 1398 804 aliquando
1413 732 1568 804 compellit.

55 830 93 869 ne
116 814 388 870 incommutabilitas
409 816 575 873 aeternitatis
591 824 715 873 vocetur.
740 818 839 873 Nescio
860 835 905 873 me

702 1029 1153 1136 'ADMONITIO

552 1198 606 1264 DE
628 1199 786 1267 DUOBUS
809 1198 1080 1277 SEQUENTIBUS
1104 1198 1230 1263 LIBRlS
1256 1199 1268 1283 (
1291 1198 1317 1281 ).

96 1335 184 1391 Subse
207 1339 315 1390 uantur
328 1334 363 1390 de
378 1336 502 1391 lloribus
514 1336 666 1393 Catholicae
682 1338 813 1394 Ecclesiae
827 1342 856 1392 et
870 1339 905 1393 de
918 1338 1043 1394 llorihus
1059 1337 1281 1392 llanichmorum
1296 1337 1363 1393 libri
1373 1339 1440 1407 duo,
1458 1355 1529 1409 quos
1547 1339 1662 1394 tametsi
1675 1341 1811 1411 Augusti·

57 1422 115 1462 ruis
128 1406 159 1460 iu
191 1405 195 1415 ’
220 1422 250 1460 ιο
260 1405 353 1477 primo
367 1407 622 1474 Retractatiouum‚
638 1409 748 1464 caeteris
760 1411 858 1465 Romo
869 1425 898 1463 so
917 1410 1004 1480 paulo
1018 1413 1086 1479 post
1099 1408 1275 1479 baptismum
1298 1424 1383 1462 soum
1403 1409 1556 1463 elaboratis
1570 1409 1736 1479 praemittat,
1758 1412 1812 1466 hoc

56 1482 155 1532 tamen
171 1476 272 1531 ordine
286 1477 375 1531 editos
391 1477 477 1533 luisse
491 1495 637 1534 nonnemo
652 1480 771 1535 fortasse
782 1480 958 1551 refragetur:
976 1479 1103 1553 primum
1117 1477 1186 1551 quia
1200 1479 1230 1533 iu
1245 1478 1310 1534 libri
1330 1479 1416 1549 primi
1426 1480 1544 1534 exordio
1561 1484 1767 1535 commemorat
1783 1498 1813 1536 se

58 1548 90 1602 iii
105 1546 168 1601 aliis
179 1547 258 1601 libris
273 1548 341 1602 satis
356 1548 447 1619 egisse
461 1550 706 1621 quemadmodum
722 1551 818 1622 impiis
831 1551 1029 1623 imperitisque
1047 1550 1268 1605 llauichaeorum
1289 1550 1424 1605 adversus
1437 1552 1521 1606 Vetus
1536 1551 1751 1606 Testamentum
1766 1551 1811 1606 iii·

59 1617 238 1674 sectionibus
251 1634 400 1673 occurrere
415 1620 521 1675 liceret.
536 1622 596 1676 Huc
610 1638 677 1676 vero
692 1627 800 1693 spectat
813 1622 995 1693 praemissum
1009 1638 1080 1693 opus
1096 1622 1130 1675 de
1153 1621 1254 1675 Genesi
1269 1625 1366 1676 contra
1388 1622 1568 1689 Manichacus,
1584 1622 1662 1693 quod
1681 1622 1813 1678 videlicet

59 1705 135 1760 opus
149 1689 327 1759 apertissima
341 1695 440 1745 contra
454 1690 568 1745 cosdem
577 1692 726 1747 haereticos
740 1693 775 1747 ab
789 1692 853 1763 ipso
869 1693 996 1764 primum
1012 1693 1120 1748 editum
1131 1691 1187 1746 fuit
1198 1696 1262 1771 post
1277 1692 1339 1762 ejus
1353 1691 1516 1747 reditumin
1529 1691 1665 1759 Africam,
1682 1692 1724 1746 uti
1739 1693 1768 1746 iii
1780 1692 1811 1747 li·

58 1760 113 1815 bro
128 1759 222 1841 primo
237 1761 490 1828 Retractationum‚
506 1763 597 1834 capite
612 1762 890 1834 decimosignilicat:
905 1763 1007 1818 deiude
1022 1764 1074 1818 sub
1087 1763 1173 1817 linem
1187 1761 1253 1817 libri
1267 1763 1385 1818 secundi
1398 1762 1437 1816 sic
1450 1763 1510 1834 ipse
1523 1762 1662 1834 loquitur,
1679 1761 1767 1816 rideri
1781 1768 1812 1818 ut

59 1835 150 1903 possit
164 1830 199 1884 ab
210 1832 339 1886 Romana
352 1832 424 1886 urbe
436 1833 497 1902 jam
512 1837 575 1887 tum
589 1834 732 1902 abfuisse;
755 1834 880 1905 denique
893 1834 923 1888 in
938 1835 1067 1906 ejusdem
1083 1833 1149 1888 libri
1175 1833 1267 1904 capite
1281 1833 1451 1888 duodecimo
1466 1833 1615 1905 quidpiam
1641 1850 1658 1887 a
1674 1849 1703 1887 sa
1718 1849 1757 1887 uu
1781 1849 1813 1887 er

59 1901 137 1972 apud
154 1901 355 1973 Carthaginem
369 1902 499 1958 auditum
515 1905 610 1958 refert.
629 1905 733 1959 Verum
758 1906 820 1959 hinc
835 1922 893 1959 nou
907 1904 1031 1960 ellicient
1045 1909 1077 1958 ut
1091 1903 1179 1963 dubia
1203 1903 1239 1958 sit
1253 1903 1324 1958 lidos
1339 1904 1492 1974 Augustini
1508 1904 1627 1959 dicentis
1642 1920 1672 1957 se
1684 1904 1746 1974 jairi
1760 1849 1811 1958 Ea·

82 1972 209 2033 uratum
224 1987 289 2027 cum
299 1973 398 2028 Romae
417 1978 498 2036 esset,
515 1975 666 2047 sequentes
681 1974 769 2030 libros
784 1976 940 2047 scripsisse,
958 1977 1088 2046 adeoquo
1104 1975 1155 2029 suh
1172 1975 1259 2029 linem
1274 1975 1342 2029 anui
1352 1975 1455 2031 Christi
1470 1978 1532 2041 ³87,
1546 1991 1602 2046 quo
1617 1975 1654 2029 ad
1669 1975 1748 2029 illam
1763 1990 1813 2028 ur·

59 1988 129 2098 Eam
141 2059 171 2096 se
184 2044 301 2125 recepit,
317 2049 367 2099 aut
380 2050 457 2099 certe
472 2044 554 2099 initio
565 2045 632 2099 anni
648 2046 835 2118 insequentis,
850 2047 931 2116 cujus
950 2062 1085 2117 maguam
1106 2049 1218 2116 partem
1241 2043 1282 2099 ibi
1307 2050 1350 2100 est
1379 2051 1580 2100 commoratus.
1599 2046 1655 2100 lsta
1673 2061 1740 2099 vero
1758 2045 1812 2100 hoc

60 2117 146 2187 pacto
157 2114 303 2168 conciliari
304 2119 443 2250 possunt,
457 2119 491 2170 ut
506 2132 605 2171 eorum
622 2117 761 2171 librorum
776 2117 893 2186 scriptio
907 2118 1006 2173 Romae
1028 2118 1101 2172 lacta
1120 2116 1240 2178 dicatur,
1262 2115 1416 2187 publicatio
1433 2117 1477 2170 vel
1496 2115 1634 2187 perfectio
1650 2114 1680 2170 iii
1695 2115 1811 2187 aliquod

61 2184 290 2310 tempusdddilata.
328 2185 449 2258 uidquid
465 2202 499 2242 ea
513 2187 547 2242 de
561 2203 592 2242 re
607 2186 652 2253 sit,
669 2189 704 2242 ad
718 2187 822 2243 horum
836 2188 976 2243 librorum
990 2187 1210 2259 intelligentiam
1217 2187 1329 2257 juvebit
1344 2186 1563 2258 Manichaeorum
1573 2202 1684 2241 errores
1693 2202 1726 2242 ex
1737 2202 1812 2257 prae·

62 2271 160 2310 missis
194 2272 203 2309 i
225 2271 320 2310 icisse.

100 2327 133 2383 ln
143 2325 217 2381 libro
231 2326 326 2398 primo
336 2327 371 2382 de
388 2327 512 2383 lloribus
527 2327 680 2383 Catholicae
694 2328 825 2384 Ecclesia
838 2328 967 2384 dicturus
981 2327 1169 2401 Augustinus,
1185 2326 1283 2381 statuit
1296 2343 1442 2383 summum
1458 2328 1640 2399 bonumque
1654 2342 1749 2382 mores
1763 2342 1813 2381 no·

63 2401 139 2452 stros
159 2397 259 2479 referri
274 2403 400 2478 oportet,
416 2414 475 2453 non
489 2399 567 2479 aliud
587 2415 648 2480 esse
661 2404 768 2470 prater
778 2402 879 2480 Deum.
895 2399 938 2456 Ad
952 2399 1047 2481 ipsum
1053 2415 1144 2525 porro
1159 2414 1273 2453 summo
1287 2414 1386 2480 amore
1398 2399 1628 2484 contendendum
1642 2413 1713 2479 essa,
1729 2397 1772 2479 uti
1783 2396 1815 2478 in

63 2468 202 2523 catholica
214 2469 338 2524 Ecclesia
350 2470 525 2525 Testamenti
534 2471 643 2525 Veteris
654 2487 735 2541 aeque
748 2486 781 2525 ac
793 2473 863 2526 Nori
879 2475 1047 2526 auctoritate
1077 2474 1185 2525 ocatur.
1198 2471 1365 2539 perstringit
1383 2469 1487 2524 deiude
1500 2470 1593 2524 oflicia
1608 2469 1756 2523 charitatis
1782 2484 1814 2522 in

63 2539 248 2664 plroximuml:
269 2556 301 2594 ac
316 2544 462 2665 potstremo
476 2540 564 2595 refert
578 2542 709 2613 exempla
725 2541 912 2597 continentiae
921 2545 951 2596 et
965 2558 1079 2596 morum
1090 2557 1154 2596 vere
1168 2539 1398 2608 christianorum,
1410 2539 1512 2612 qiimin
1526 2539 1673 2595 catholicae
1689 2538 1815 2594 Ecclesiae

94 2624 191 2663 amnis
206 2627 220 2664 c
233 2626 344 2664 uxerun
360 2651 368 2666 .

101 2681 136 2734 lii
148 2681 270 2736 secundo
280 2696 367 2752 quein
381 2680 417 2736 de
431 2681 653 2737 Manichaeorum
668 2683 792 2738 Moribus
807 2682 959 2755 inscripsit,
985 2682 1089 2737 refellit
1113 2681 1144 2736 in
1158 2680 1258 2752 primis
1273 2680 1378 2735 horum
1402 2680 1602 2735 haereticorum
1629 2694 1756 2733 errorem
1780 2679 1815 2734 da

65 2751 135 2805 mali
149 2751 259 2821 origiue
275 2758 304 2806 et
317 2757 428 2807 natura.
443 2754 516 2808 Tum
529 2753 636 2834 excutit
650 2753 706 2808 tria
720 2754 770 2808 illa
783 2753 851 2821 oris,
868 2769 1020 2835 maurium!
1035 2758 1064 2808 et
1078 2752 1168 2818 sinus,
1184 2757 1216 2832 ut
1228 2751 1400 2877 aprpelabaut
1413 2750 1568 2822 signacula,
1590 2748 1694 2821 quibus
1709 2749 1815 2831 impips

63 2823 853 2963 ffl⁰f1⁹a³3ffissscgffi¹e³ss³0¹ssisupemmffiam⁰⁰r¹¹md⁰m
867 2825 1069 2880 abstinentiam
1082 2824 1237 2894 redarguit.
1272 2822 1433 2893 sudemque
1448 2821 1625 2893 deprehensa
1637 2820 1770 2917 quaedam
1785 2835 1815 2874 iii

118 2961 195 3028 Vide
214 2961 336 3030 libnim
353 2972 384 3045 l,
405 2986 478 3055 cap.
502 2973 535 3044 7,
557 2967 856 3048 Retraotaiiouum,
873 2965 935 3033 col.
953 2967 1029 3047 591,
1051 2962 1201 3045 acerbis,
1217 2966 1292 3030 lam
1312 2964 1511 3049 baptizatus,
1527 2984 1561 3029 ri.
1588 2970 1619 3043 l,
1646 2981 1749 3050 iisque
1772 2959 1819 3027 aa

63 3049 128 3117 col.
147 3058 223 3133 594,
239 3074 273 3118 ri.
287 3060 319 3134 6,
337 3051 455 3132 ooth,
477 3054 603 3139 Opinor
616 3056 732 3137 egisse
752 3077 830 3124 iios.

97 3138 132 3200 (l)
147 3138 213 3188 Ante
226 3138 305 3188 hosce
319 3140 385 3189 duos
395 3139 477 3190 libros
490 3142 601 3191 veniunt
622 3142 650 3191 iii
664 3141 780 3192 editions
801 3141 971 3193 benedictina
988 3142 1047 3193 libri
1058 3140 1112 3192 duo
1125 3141 1157 3190 de
1165 3140 1259 3190 Genesi
1273 3143 1367 3191 contre
1377 3101 1546 3199 blanichaeos,
1558 3152 1625 3202 quos
1638 3138 1665 3187 iii
1676 3140 1779 3189 tomum
1792 3139 1816 3194 3.

64 3201 113 3250 uhi
127 3200 160 3250 de
172 3201 307 3265 Scriptura
320 3202 416 3266 agitur,
431 3203 629 3254 transferendos
644 3203 778 3254 dammas.
843 3205 877 3254 ll.
1051 3221 1054 3227 “

507 3425 561 3529 S.
601 3426 926 3533 AURELII
965 3424 1382 3532 AUGUSTINI

717 3588 974 3640 lllPPONENSlS
991 3588 1170 3640 Episcopi

211 3718 365 3878 DE
428 3715 991 3882 MORIBU'S
1055 3711 1689 3878 ECCLESIAE

742 3941 1152 4006 CATHOLICAE

413 4076 487 4162 ΕΤ
527 4076 607 4161 DE
649 4074 938 4162 MORIBUS
975 4070 1476 4160 MANlCHAEORUM

755 4232 915 4310 LlBRl
955 4229 1128 4316 DUOT).

550 4385 1331 4602 cissuauaiuus.

640 4658 683 4708 DE
705 4657 850 4709 uouissus
873 4654 1038 4707 ECCLESIAE
1061 4655 1252 4706 CATHOLlCAE

102 4759 232 4822 Principio
240 4761 642 4824 coustituithugustinusmores
650 4759 710 4808 illos
718 4758 814 4821 quibus
825 4757 852 4806 iu
863 4756 979 4806 Ecclesia
988 4760 1078 4806 sancte
1088 4755 1369 4815 vivitur‚ndsummum
1377 4751 1493 4823 hominis
1506 4750 1669 4823 bouum,hoc
1680 4751 1820 4812 cetheum,

10 4792 32 4877 υ,
68 4820 304 4885 referrioportere.
321 4824 386 4872 Tum
401 4835 505 4872 summo
524 4822 552 4871 iii
578 4836 638 4872 eum
653 4835 742 4870 amore
755 4818 980 4890 contendendum.
996 4818 1074 4881 idque
1087 4819 1183 4891 dogma
1194 4830 1250 4889 essa
1265 4817 1293 4865 iii
1308 4814 1437 4886 catholica
1449 4813 1567 4886 Ecclesia
1579 4816 1716 4886 nurusque
1729 4814 1818 4886 Testa·

10 4882 36 4935 ll
68 4883 152 4933 menti
167 4885 322 4933 auctoritate
334 4884 527 4935 confirmatum.
547 4884 666 4942 Quatuor
681 4883 793 4932 virtutes
807 4894 840 4931 cx
854 4893 927 4930 vario
941 4880 1056 4944 quodam
1068 4895 1166 4931 amoris
1188 4880 1234 4928 Dei
1247 4878 1341 4927 aflectu
1362 4876 1446 4926 dictes
1458 4875 1582 4947 ostendit.
1601 4875 1661 4948 Agit
1682 4875 1714 4924 de
1728 4875 1821 4946 officiis

10 4960 37 5023 δ
68 4945 427 5009 charitatisergaproximum
438 4961 445 5007 ;
455 4946 572 4996 acrelert
584 4943 814 5007 demumeiempls
823 4942 995 4993 nuenarius
1006 4947 1032 4994 st
1045 4956 1149 4994 morum
1157 4954 1217 4992 vere
1225 4939 1501 5002 christianorumque
1512 4951 1540 4987 ui
1552 4937 1675 4988 Ecclesia
1682 4936 1819 4987 catholicas

68 5006 185 5057 alumnis
198 5006 349 5056 eluxerunt.

68 5157 183 5215 CAPUT
210 5155 359 5212 Pullius.
384 5186 419 5196 —
436 5157 572 5222 Quomodo
602 5156 755 5212 deiecturus
777 5158 815 5211 sit
842 5157 920 5224 lucos
974 5155 1044 5211 dum
1057 5153 1277 5210 Manicbaeorum
1290 5148 1509 5217 iniectionibus,
1530 5147 1634 5222 quibus
1652 5146 1683 5201 iii
1702 5146 1818 5215 Legem,

10 5232 40 5285 ἵ
140 5245 363 5301 Manichaeorum.
380 5246 443 5300 Duo
459 5245 556 5313 quibus
576 5246 680 5313 fallunt
692 5245 847 5302 Manichaei.
974 5245 1052 5315 quod
1063 5245 1148 5297 Vetus
1162 5242 1376 5296 Testamentum
1389 5244 1516 5307 vocatur,
1529 5236 1661 5309 imperite
1672 5237 1756 5304 atque
1769 5231 1822 5287 im·

10 5316 37 5373 Ι
107 5339 130 5390 l.
144 5334 176 5388 lii
196 5333 259 5388 aliis
274 5332 355 5389 libris
365 5333 432 5389 satis
447 5332 551 5405 opinor
565 5333 656 5406 egisse
665 5350 718 5388 nos
732 5334 920 5406 quemadmo·
973 5333 1021 5406 pie
1035 5333 1177 5398 feruntur,
1191 5345 1310 5402 seseque
1316 5329 1390 5385 inter
1400 5328 1478 5385 inter
1485 5326 1687 5399 imperitorum
1693 5321 1822 5394 plausus,

942 5424 947 5443 '
973 5419 1053 5476 inani
1069 5417 1223 5490 jactatione
1238 5415 1386 5485 ventilant,
1405 5415 1548 5488 possimus
1563 5425 1727 5467 occurrere:
1743 5406 1822 5480 quod

10 5408 35 5539 Ξ
102 5457 139 5519 (a)
150 5457 245 5524 Scripti
257 5472 349 5510 versus
361 5458 468 5510 initium
487 5458 551 5510 anui
562 5457 658 5510 Christi
672 5459 728 5518 388,
739 5457 842 5524 vulgati
852 5458 920 5509 forte
1045 5508 1050 5519 ,
1149 5507 1155 5518 ,
1250 5505 1255 5517 ,
1506 5503 1511 5513 ,
1801 5495 1806 5507 .

67 5533 143 5574 anno
159 5522 213 5569 389.
974 5511 1097 5566 breviter
1120 5513 1205 5563 etiam
1228 5506 1275 5562 hic
1294 5519 1514 5563 commemorari
1535 5516 1612 5558 amc
1635 5501 1737 5570 potest.
1754 5498 1825 5564 Quis
1908 5556 1912 5570 ι
