3884 6112
60 296 110 350 tau

59 416 135 470 idem
155 414 310 483 zenobius,
333 415 412 472 venit
436 416 466 472 in
481 416 655 473 oblivionem
674 417 759 490 hrrjus
781 419 916 474 carminis

56 504 217 576 Augustino
228 505 414 578 relinquendi
426 511 458 561 ut
469 505 512 562 illi
522 507 710 578 responderet
720 508 812 579 (ibid,
820 525 848 564 n.
857 510 913 580 90).

58 594 139 650 llaud
153 593 262 649 scimus
287 610 325 649 an
341 611 375 651 ea
397 611 442 650 res
457 595 493 650 sit
507 595 556 651 illa
577 597 652 668 ipsa,
674 597 709 652 de
722 614 779 670 qua
792 599 915 654 Zenobia

60 682 192 738 scribens
200 682 381 756 Arrgustinus
396 683 495 756 (Epist.
511 686 536 755 2)
553 685 655 740 dixerit
673 685 836 741 inchoatam
850 703 915 742 cum

57 772 104 827 illo
125 772 379 844 disputationem,
400 790 465 830 cum
489 774 590 830 cedern
617 790 677 831 esse
700 775 915 847 perficiendam.

59 861 165 916 Aberat
182 861 212 917 id
231 861 370 934 temporis
384 862 534 933 Zenobiae,
557 862 642 936 eique
656 863 916 935 testaturdugusti-

57 966 112 1005 nus
126 967 170 1020 se,
185 966 253 1005 cum
265 950 388 1006 necdum
401 956 543 1007 assecutus
553 952 599 1019 sit,
614 957 648 1008 ut
662 952 734 1008 nihil
749 955 825 1007 amet
839 953 917 1024 quod

56 1040 157 1095 abesse
173 1056 192 1094 a
213 1056 244 1094 se
259 1039 350 1094 invito
366 1039 464 1112 possit,
481 1041 606 1096 absentis
620 1040 705 1096 amici
719 1040 859 1097 desiderio
874 1045 916 1096 te-

56 1129 129 1193 neri,
147 1144 240 1201 seque
263 1128 300 1183 ab
323 1128 422 1184 amicis
436 1129 508 1185 velle
523 1129 632 1201 pariter
645 1129 812 1185 desiderari:
824 1129 918 1195 Quan-

58 1218 165 1273 donam
188 1217 288 1273 isthac
310 1218 431 1290 epistola
454 1218 520 1274 data
533 1218 580 1288 sit,
604 1235 641 1274 an
657 1234 715 1273 non
729 1223 858 1290 tempore
873 1235 916 1273 sc·

58 1323 150 1362 meas
175 1306 341 1378 Augustini,
365 1306 479 1362 deliniri
502 1323 559 1362 non
581 1311 684 1379 potest.
710 1308 742 1363 ln
763 1307 916 1380 posteriori

58 1394 130 1450 libro
154 1394 195 1450 de
219 1393 325 1450 Ordine
339 1394 493 1466 pollicetur
511 1395 689 1467 Augustinus
703 1411 743 1462 se,
760 1395 915 1464 siraconi,

59 1484 91 1539 dc
106 1483 211 1539 anima
229 1487 329 1554 postea
351 1483 494 1538 dicturam
513 1484 683 1554 (Deeratne,
699 1484 746 1539 lib.
762 1487 789 1554 9,
803 1500 830 1539 n.
850 1483 890 1555 li)
906 1501 914 1539 :

60 1572 86 1627 id
106 1577 212 1627 umen
235 1587 302 1627 cum
316 1571 348 1626 in
363 1572 502 1627 sermonis
517 1572 560 1628 'sui
575 1572 649 1628 serie
667 1573 833 1644 prestitisse
858 1590 916 1629 non

56 1661 200 1716 ridemus.
222 1661 287 1717 iam
310 1661 384 1716 forte
408 1661 504 1717 animo
529 1662 723 1718 meditabatur
746 1663 853 1718 librum
881 1663 916 1718 de

56 1748 224 1815 Quantitale
247 1748 363 1818 anime,
388 1765 476 1822 quem
500 1751 600 1806 Romae
625 1765 700 1807 anno
724 1750 782 1806 iere
802 1750 916 1806 evoluto

57 1838 243 1912 conscripsit.

401 1929 513 1984 CAPUT
533 1929 577 1984 lx.

62 2015 208 2072 tlaborat
236 2015 409 2085 Augustinus
432 2021 462 2072 ut
482 2020 571 2086 magis
590 2033 621 2072 uc
642 2019 730 2086 manis
747 2017 916 2072 inusitatis

90 2107 247 2173 munitione
269 2104 405 2176 proficiat.
433 2107 451 2159 t
478 2107 553 2174 lunai
574 2107 686 2176 pietatis
710 2107 769 2176 ejus
793 2105 915 2175 affectus.

90 2197 105 2248 9
124 2195 289 2250 lancinata
305 2193 425 2264 §mandi
447 2194 638 2250 consulantne
651 2209 679 2250 se
693 2198 746 2250 lieo
756 2196 872 2265 jurante
886 2195 919 2250 li-

91 2283 215 2338 berem
241 2283 266 2338 A
290 2283 413 2338 cientium
431 2283 521 2338 dolore
543 2283 676 2339 diuinitus
697 2289 823 2339 sanatur.
849 2286 919 2338 ilie

91 2372 263 2441 Soliioqniis,
278 2374 309 2427 in
332 2372 430 2441 quibus
448 2373 523 2428 illius
547 2374 645 2428 anirnae
659 2377 746 2428 status
760 2374 916 2444 inspicitur,

94 2464 108 2515 t
124 2461 204 2516 Unde
219 2461 360 2531 appellata
373 2461 535 2532 soliloquia,
550 2462 655 2532 quodve
668 2461 819 2518 eommdern
831 2462 918 2519 libra-

96 2565 156 2605 rurn
171 2554 375 2618 arqunrenturn.

94 2644 117 2697 l.
135 2640 177 2694 lix
201 2638 298 2707 libris,
318 2654 392 2711 quos
405 2638 582 2712 Augustinus
595 2638 672 2695 iuter
689 2638 832 2712 colloquia
851 2655 916 2694 cum

10 2790 12 2801 Ι
68 2725 155 2781 unicis
179 2724 282 2782 babila
301 2742 353 2781 suo
376 2725 406 2781 in
421 2742 532 2781 secessu
556 2727 722 2789 lucubravit,
744 2728 838 2782 videre
853 2727 918 2781 licet

67 2830 182 2886 quanam
207 2815 268 2871 illic
293 2815 405 2871 ratione
428 2815 516 2871 vitam
535 2817 666 2887 degeret,
692 2832 779 2888 quem
804 2821 918 2889 caperet

67 2904 105 2959 atii
118 2905 168 2960 sni
191 2903 333 2973 fraretum,
354 2904 526 2976 quibusnam
548 2906 665 2962 demum
680 2905 711 2960 iu
733 2904 834 2961 studiis
848 2921 916 2961 con·

66 3008 162 3049 ursam
177 2992 237 3048 sibi
259 3009 278 3048 a
295 2993 353 3049 ileo
370 2992 530 3049 doctrinam
543 2999 571 3049 ct
585 2994 777 3051 eruditionem
792 2994 916 3050 colloca·

64 3086 111 3139 rel:
125 3099 221 3156 qnam
233 3081 352 3154 quidem
367 3082 420 3137 etsi
432 3083 529 3139 diviua
544 3083 636 3139 cultui
646 3088 738 3139 totam
749 3082 917 3151 addixisset,

64 3171 145 3228 adbuc
158 3176 264 3228 tamen
279 3171 421 3243 superbire
433 3172 559 3228 scholam
574 3172 708 3228 nonnihil
721 3188 820 3245 sapere
832 3172 916 3227 vide·

62 3259 149 3328 balan
177 3266 214 3316 nt
237 3261 274 3315 iis
294 3260 408 3328 accidit,
432 3260 483 3334 qni
501 3277 535 3316 ex
557 3263 643 3334 longo
666 3278 752 3316 cursu
767 3262 916 3332 anbelant,

64 3349 141 3406 eliam
165 3362 237 3406 cnm
261 3349 298 3405 ad
321 3349 524 3422 respirandum
543 3351 696 3424 quiescunt
719 3350 807 3423 (Ceus.
824 3351 871 3408 lib.
888 3354 914 3418 9,

772 282 879 354 inan
899 282 1096 355 suenrus.

1771 303 1820 358 lii

971 424 1068 474 noctes
1084 419 1201 492 diesque
1217 419 1405 492 pervigilabat
1417 420 1512 493 (ibid,
1527 437 1555 476 n.
1572 423 1626 494 li).
1643 422 1675 477 In
1690 421 1718 477 id
1733 422 1825 478 salum

972 508 1166 577 incumbebat,
1181 515 1214 564 ut
1227 511 1356 566 animum
1371 526 1455 566 saum
1474 509 1583 566 aialsis
1602 510 1827 584 perniciosisque

971 598 1165 669 opinionibus,
1176 598 1280 671 quibus
1295 600 1511 667 obturbabatur,
1526 604 1701 672 expurgaret
1716 594 1827 672 (Contra

971 687 1059 743 Acad.
1078 688 1125 743 lib.
1141 690 1167 752 i,
1178 703 1206 743 n.
1223 689 1261 758 9).
1279 690 1407 762 Cumque
1416 690 1478 761 jam
1493 693 1560 744 tanc
1575 688 1668 755 sciret,
1679 688 1827 744 veritatem

974 776 1030 831 nisi
1044 775 1142 831 divina
1156 793 1210 848 ope
1233 793 1293 832 non
1310 777 1429 849 percipi,
1446 794 1509 832 eam
1524 794 1541 832 a
1557 778 1617 832 solo
1633 778 1740 834 licead
1755 794 1825 834 con·

971 865 1123 921 tutandum
1130 866 1511 939 mendaciumexspectabat,
1526 866 1671 939 aquosuis
1683 866 1713 922 in
1723 866 1826 923 studi‘s

971 954 1110 1010 auxilium
1134 955 1214 1010 omni
1236 955 1386 1012 devotione
1409 961 1495 1028 atque
1517 955 1624 1027 pietate
1638 955 1822 1027 implorabat.

971 1043 1043 1098 Cum
1055 1044 1145 1097 ileum
1154 1043 1247 1114 ipsum
1257 1043 1582 1116 quotidieinterrogaret
1592 1060 1657 1099 cam
1668 1045 1825 1101 humilior-s

972 1130 1095 1204 querelis
1108 1137 1136 1187 et
1151 1133 1293 1204 lacrymis,
1306 1137 1365 1191 erat
1377 1138 1472 1189 tamen
1482 1139 1598 1206 paratus
1610 1133 1645 1189 ad
1657 1149 1824 1206 responsum

972 1221 1178 1293 reciptendum,
1194 1238 1344 1295 perquem
1360 1223 1416 1279 ileo
1431 1222 1585 1277 videretur.

1008 1312 1035 1364 2.
1052 1310 1084 1365 ln
1110 1310 1211 1382 primis
1232 1311 1384 1382 Augustini
1411 1311 1555 1382 opusculis
1579 1310 1692 1382 plonius
1707 1325 1822 1366 cernere

972 1403 1023 1466 est,
1040 1403 1148 1471 quante
1168 1399 1212 1454 illi
1229 1416 1326 1455 recens
1341 1415 1504 1466 conversus,
1521 1414 1553 1453 ac
1569 1399 1639 1454 dum
1652 1398 1698 1452 vis
1713 1403 1823 1454 atena-

971 1488 1032 1544 bris
1047 1495 1202 1544 emerserat
1215 1489 1387 1561 ignorantie
1402 1494 1488 1562 etque
1501 1489 1607 1544 erroris
1621 1488 1675 1553 sui,
1689 1488 1750 1559 jam
1762 1492 1824 1543 tum
1923 1502 1925 1506 ⁴

972 1576 1101 1632 doctrina
1115 1577 1312 1651 sapientiaque
1321 1578 1457 1650 pollebat.
1473 1579 1513 1633 En
1525 1577 1654 1649 prolecta
1666 1577 1748 1649 longe
1757 1575 1824 1633 ube·

971 1664 1030 1720 rior
1042 1671 1110 1731 erat,
1124 1683 1210 1739 quam
1224 1667 1370 1722 consuevit
1379 1666 1407 1721 iu
1422 1666 1556 1721 fidelibus
1571 1665 1657 1721 etiam
1666 1663 1824 1738 provectio·

971 1754 1052 1810 ribus
1066 1755 1195 1826 reperiri.
1214 1757 1317 1810 Verum
1331 1755 1476 1811 atllrmare
1491 1755 1556 1809 licet
1571 1752 1740 1809 charitatem
1751 1753 1823 1825 ejus,

971 1844 1026 1899 hoc
1049 1848 1101 1911 cst,
1116 1843 1243 1900 veritatis
1258 1859 1384 1899 amorem
1400 1847 1479 1899 tanta
1497 1843 1546 1898 illa
1574 1842 1715 1912 doctrina,
1742 1842 1825 1915 cujus

972 1933 1036 1989 lons
1049 1931 1167 2004 etorigo
1181 1937 1252 2001 erat,
1262 1933 1354 1988 mrrlto
1369 1932 1509 2004 majorem
1524 1930 1763 1988 existitissedlinc
1773 1930 1825 1986 mi-

973 2022 1049 2077 nime
1073 2022 1237 2077 mirandam
1260 2024 1313 2090 est,
1334 2021 1357 2076 si
1370 2026 1468 2093 postea
1482 2020 1594 2087 dixerit,
1611 2019 1753 2092 quosdam
1768 2018 1824 2074 eli·

973 2112 1088 2184 quando
1110 2110 1230 2182 reperiri
1253 2110 1483 2177 catechumenos,
1511 2109 1561 2180 qui
1593 2113 1622 2164 et
1641 2107 1772 2164 doctrina
1797 2110 1825 2161 et

972 2201 1100 2256 moribus
1123 2199 1240 2254 vincunt
1264 2199 1370 2255 multos
1392 2197 1490 2254 fldeles
1507 2200 1616 2268 (Enarr.
1645 2199 1674 2252 in
1691 2197 1762 2253 Psal.
1777 2211 1822 2265 xc,

972 2305 1052 2345 seren
1072 2293 1100 2360 9,
1112 2306 1141 2345 n.
1157 2290 1198 2361 6).
1217 2288 1304 2344 llulce
1318 2288 1359 2344 illi
1377 2287 1560 2360 postmodum
1574 2285 1638 2350 fuit,
1653 2284 1683 2340 in
1696 2288 1825 2340 mantem

973 2376 1027 2431 sibi
1041 2392 1183 2444 revocare,
1209 2376 1314 2448 quibus
1335 2380 1397 2431 tum
1421 2374 1544 2431 stimulis
1569 2375 1643 2429 Deus
1663 2387 1712 2427 cor
1733 2371 1824 2444 ipsius

972 2466 1128 2537 conligeret
1141 2465 1385 2538 perdomaretque
1401 2464 1471 2540 :qui
1482 2466 1552 2520 dum
1561 2463 1826 2533 inaniumetsuper·

971 2558 1074 2613 barum
1089 2557 1293 2628 cogitationum
1313 2559 1426 2612 montes
1441 2555 1626 2628 deprimeret,
1641 2553 1727 2608 ealles
1746 2566 1824 2607 carn-

972 2646 1353 2718 planaret;morud1ipsius
1373 2650 1402 2700 ct
1420 2645 1524 2701 indolis
1545 2643 1662 2716 obliqua
1677 2640 1823 2712 dirigeret,

973 2752 1072 2808 aspera
1096 2735 1230 2791 deliniret
1250 2735 1378 2808 (Carasess.
1405 2735 1452 2789 lib.
1477 2737 1503 2802 9,
1525 2749 1584 2803 cap.
1606 2734 1633 2799 t,
1653 2747 1682 2786 n.
1696 2729 1736 2804 7.)
1752 2733 1824 2802 Quas·

973 2824 1033 2892 tibi,
1057 2827 1125 2879 Deus
1147 2838 1232 2893 muas,
1256 2837 1331 2878 voces
1346 2822 1419 2889 dedi,
1437 2823 1476 2876 ait
1490 2821 1520 2877 in
1535 2821 1593 2877 suis
1609 2817 1825 2876 confessionam

973 2911 1062 2978 libris,
1091 2927 1151 2966 cum
1165 2912 1276 2980 leporem
1303 2911 1422 2966 Psalmos
1450 2909 1551 2976 Dauid,
1585 2909 1693 2963 cannen
1717 2906 1822 2977 fidelia,

972 3004 998 3053 et
1022 3013 1099 3054 sartos
1121 3001 1243 3069 pictatis,
1272 2998 1442 3053 recludentes
1457 2997 1598 3067 turgidum
1612 2997 1754 3066 spiritum
1775 3011 1824 3050 ru-

974 3088 1016 3143 dis
1044 3090 1074 3142 iu
1087 3103 1214 3156 permane
1236 3103 1327 3142 amare
1350 3091 1406 3154 tuo,
1421 3086 1623 3142 catechumenus
1639 3087 1668 3139 in
1684 3084 1826 3139 villacum

972 3177 1157 3232 catechumena
1180 3177 1283 3247 Alypio
1305 3177 1436 3244 futatus,
1455 3179 1542 3230 matre
1564 3174 1718 3230 adherente
1738 3173 1825 3236 nobis,

972 3266 1098 3321 muliebri
1106 3265 1213 3335 babitu,
1223 3267 1299 3320 uirili
1305 3265 1368 3336 fide,
1378 3267 1449 3321 anili
1458 3266 1611 3329 securitate,
1624 3267 1748 3319 materna
1760 3263 1826 3317 clre-

971 3358 1065 3423 ritale,
1089 3355 1225 3410 chistiana
1250 3354 1376 3424 pietate?
1399 3355 1474 3420 Qrsas
1494 3353 1546 3407 tibi
1568 3367 1643 3408 uoces
1667 3350 1767 3406 dabam
1794 3352 1825 3405 in

63 3454 114 3512 sup.
133 3440 164 3506 i,
187 3456 219 3495 n.
242 3439 284 3512 7).
312 3441 509 3512 Praeterquam
525 3440 602 3512 quod
617 3441 670 3495 hac
685 3440 715 3494 iu
729 3446 811 3512 parte
825 3440 916 3513 pietus
969 3444 1084 3513 psalmis
1098 3445 1165 3511 iltis,
1191 3446 1216 3497 et
1230 3443 1361 3512 qrcomodo
1380 3445 1409 3497 in
1424 3446 1449 3497 te
1471 3442 1662 3511 inflammabar
1675 3456 1709 3495 en
1731 3442 1780 3508 eis,
1798 3443 1824 3495 et

63 3526 142 3599 ipsias
149 3529 277 3601 paulum
287 3528 512 3600 oppugnabatur
521 3529 556 3584 ab
566 3529 677 3600 Alypio,
688 3528 838 3600 quiprimo
848 3545 916 3585 eum

62 3615 112 3671 sris
122 3616 155 3672 in
178 3615 262 3671 tibris
276 3631 384 3672 nomen
399 3617 551 3674 salvatoris
565 3617 656 3673 nostri
671 3619 737 3673 lesu
752 3617 856 3673 Christi
871 3619 917 3673 in·

63 3719 147 3760 urere
169 3704 358 3778 prohibebat,
374 3707 450 3778 quod
470 3707 568 3763 mallet
588 3707 666 3762 illius
680 3707 778 3762 stilum
793 3707 916 3762 excelsas

64 3793 249 3867 philosophie
276 3798 304 3850 ct
327 3795 499 3867 eloquentie
527 3795 646 3866 cedros,
676 3811 764 3868 quam
790 3794 915 3849 humiles

65 3878 201 3953 Evangelii
226 3887 257 3938 et
280 3883 409 3938 Ecclesiae
434 3883 546 3954 herbas,
570 3884 675 3940 animis
702 3884 840 3954 salubres,
857 3899 915 3937 ser·

64 3971 191 4040 pentibus
215 3972 360 4034 adversas,
377 3973 514 4029 redolere.
530 3973 678 4030 Gaudebal
698 3973 730 4029 iu
749 3989 784 4028 eo
804 3988 914 4028 secessu

972 3534 1135 3590 mccndebar
1151 3549 1194 3589 eos
1216 3536 1341 3603 recitare,
1358 3535 1383 3588 si
1395 3548 1509 3604 possem,
1527 3536 1580 3587 tota
1608 3531 1671 3587 orbe
1683 3535 1824 3586 terrarum

972 3623 1101 3678 aduersas
1117 3623 1235 3694 typburn
1258 3623 1364 3691 perceris
1387 3619 1519 3676 tomani?
1534 3623 1569 3675 Et
1583 3623 1672 3674 tamen
1686 3622 1740 3674 tota
1764 3617 1827 3673 orbe

972 3715 1127 3778 cantantur,
1142 3715 1168 3766 et
1181 3725 1235 3765 non
1257 3714 1297 3765 est
1325 3711 1418 3780 quise
1439 3708 1588 3764 abscondat
1610 3724 1628 3762 a
1651 3708 1739 3763 calore
1768 3710 1823 3762 tua.

972 3800 1058 3866 mam
1070 3799 1219 3854 uelamenti
1239 3801 1265 3852 et
1285 3799 1345 3852 acri
1367 3796 1457 3851 dolore
1469 3796 1637 3865 indignabar
1650 3795 1806 3850 Manielrais
1814 3809 1826 3861 ‚·

972 3893 997 3943 et
1010 3887 1161 3942 miserabar
1174 3901 1217 3942 eos
1232 3900 1338 3949 rursus,
1359 3885 1431 3954 quod
1445 3884 1495 3940 illa
1515 3888 1696 3950 sacramenta,
1706 3882 1756 3938 illa
1767 3894 1827 3936 me·

971 3976 1126 4031 dicamenta
1136 3977 1278 4044 nescirent,
1292 3978 1318 4030 et
1327 3977 1420 4030 insani
1433 3978 1520 4029 essent
1529 3973 1660 4028 adrasus
1672 3971 1825 4027 antidotum

64 4060 272 4131 upcrdnnrnm
291 4062 393 4117 mundi
406 4062 597 4135 cupiditatum
612 4063 724 4135 laqueis
738 4063 817 4118 velut
829 4078 914 4134 expc—
971 4081 1024 4135 qua
1044 4067 1106 4120 sani
1127 4079 1183 4120 esse
1204 4065 1373 4135 patuissent!
1392 4064 1491 4120 Vellem
1506 4066 1538 4117 ut
1563 4061 1669 4116 dicati
1684 4060 1770 4130 jueta
1784 4073 1826 4114 ra·

65 4146 917 4222 ditas,respirebetquasitccrenarumsollicitudinumonere
972 4157 1046 4220 sentr
1066 4158 1140 4224 trine,
1153 4158 1179 4209 et
1205 4168 1246 4208 ne
1261 4154 1394 4208 nesciente
1407 4151 1480 4221 quad
1497 4151 1538 4205 ibi
1549 4153 1646 4216 essent,
1658 4150 1828 4203 intueantur

65 4235 204 4307 lunius,
222 4239 268 4295 sui
282 4256 349 4296 eam
363 4240 469 4297 erroris
491 4241 658 4313 poenitebet,
676 4240 712 4295 ad
738 4255 767 4295 se
790 4239 915 4322 redibat,
971 4245 1070 4312 sociem
1084 4258 1181 4310 meam,
1193 4247 1219 4297 et
1233 4242 1361 4297 audirent
1373 4256 1449 4297 uoces
1463 4254 1547 4309 eneas,
1560 4237 1669 4309 quanda
1680 4237 1734 4304 legi
1743 4250 1827 4305 quar·

66 4328 205 4397 querebat
220 4327 430 4384 intentissimus
443 4328 872 4402 veritatem(GontraAcad.,tib.
884 4332 915 4388 9,
973 4339 1029 4389 tam
1044 4333 1189 4403 psalmum,
1205 4334 1235 4387 in
1258 4333 1305 4388 iilo
1318 4336 1380 4387 tanc
1402 4333 1465 4399 otio,
1491 4328 1559 4398 quid
1572 4328 1606 4382 dc
1618 4342 1661 4382 rne
1673 4327 1770 4393 fecerit
1781 4325 1828 4380 ille

66 4431 89 4470 n.
101 4416 143 4489 t).
161 4418 244 4474 ¹l'unc
258 4417 336 4473 enim
355 4418 493 4491 temporis
515 4419 656 4474 sentiebat
677 4433 764 4490 quam
780 4417 860 4489 gravi
874 4416 916 4471 vi·
971 4423 1105 4493 psalmus.
1129 4422 1257 4477 lniorrui
1269 4421 1397 4487 timendo,
1412 4419 1564 4487 ibidemque
1577 4415 1699 4484 inferbui
1711 4428 1825 4484 eperun-

66 4503 164 4560 tieruna
181 4505 262 4561 mole
276 4511 466 4578 premeretur,
482 4512 511 4562 et
533 4522 621 4579 quam
635 4506 731 4562 densis
745 4507 918 4562 obrueretur
972 4512 1007 4567 da
1026 4515 1052 4566 rt
1075 4509 1237 4566 resultando
1259 4513 1289 4564 in
1312 4514 1359 4565 tua
1381 4505 1579 4571 misericordia,
1601 4506 1691 4560 Pater.
1706 4505 1742 4558 Et
1771 4503 1826 4557 liae

66 4590 232 4665 ignoramiae
240 4594 378 4652 tenebris.
390 4597 547 4651 vulnerum
558 4612 680 4651 surorum
690 4596 832 4652 medelam
842 4611 917 4668 pene
973 4601 1064 4654 omnia
1084 4597 1197 4652 eatbam
1215 4613 1265 4668 per
1288 4598 1376 4652 oculos
1397 4610 1466 4651 meas
1486 4600 1512 4649 et
1537 4608 1625 4648 uocem
1647 4606 1744 4660 marn,
1764 4605 1824 4646 curn

66 4681 239 4751 maurianis
253 4696 272 4737 a
286 4682 343 4738 lieo
362 4683 495 4756 lacrymis
510 4683 703 4755 exposcebat:
721 4701 753 4739 ac
768 4683 916 4738 nihilomi·
973 4701 1114 4741 comesus
1136 4685 1174 4740 ad
1191 4701 1239 4741 nas
1251 4686 1372 4756 Spiritus
1387 4689 1448 4738 tuus
1463 4683 1546 4738 bonus
1561 4685 1601 4737 ait
1614 4681 1713 4737 nobis:
1732 4700 1746 4730 a
1759 4678 1827 4735 Filii

68 4783 117 4824 nus
126 4770 283 4827 inducebat
295 4772 436 4842 animum,
452 4771 646 4844 indigniorem
660 4788 720 4829 esse
736 4789 776 4843 se,
793 4772 843 4845 qai
857 4777 918 4828 tam
974 4776 1132 4843 bominum,
1159 4790 1297 4845 usquequo
1325 4775 1405 4842 praui
1424 4771 1523 4828 cuda?
1554 4773 1588 4828 Ut
1613 4769 1682 4840 quid
1707 4769 1828 4837 diligitis

67 4857 117 4913 cite
129 4863 292 4928 mutar,
309 4876 396 4933 quam
411 4862 496 4917 vellet
516 4861 567 4934 (lie
582 4862 693 4930 Ordine,
709 4862 756 4918 lib.
774 4865 799 4928 l,
816 4879 844 4918 n.
860 4861 916 4935 99).
972 4866 1131 4931 uanitatem,
1147 4869 1173 4918 et
1183 4865 1305 4933 queritis
1320 4861 1511 4918 mendacium?
1527 4880 1541 4914 s
1563 4860 1669 4916 Audiui
1681 4861 1707 4913 et
1719 4862 1827 4914 contre-

68 4945 161 5003 idlrac
183 4948 216 5004 in
238 4950 401 5022 quaestione
427 4950 463 5006 de
489 4951 584 5006 anima
603 4950 761 5006 fluctuabat
775 4952 821 5022 (lie
834 4953 919 5007 Beata
973 4955 1040 5021 mui,
1053 4955 1182 5022 quoniam
1203 4951 1302 5007 tatibus
1325 4950 1428 5005 dicitur
1451 4952 1558 5020 quatenu
1580 4965 1621 5004 nce
1643 4946 1826 5018 muneremi-

73 5036 140 5106 l'itc,
153 5054 184 5094 n.
199 5039 238 5108 5),
250 5042 280 5094 et
290 5040 468 5095 Paracletum
479 5039 618 5111 Spiritum
632 5039 760 5095 veritatis
774 5056 791 5094 a
805 5039 918 5096 Christo
971 5042 1104 5097 niscebar.
1121 5044 1156 5097 Et
1170 5042 1279 5096 insonui
1291 5040 1377 5095 multa
1391 5042 1513 5108 grauiter
1526 5043 1552 5094 et
1564 5040 1678 5107 fortiter
1691 5037 1721 5091 in
1735 5034 1827 5090 dolere

72 5122 184 5184 unnim
200 5127 323 5184 missum
343 5128 431 5185 fuisse
443 5129 589 5185 nesciebat
603 5130 689 5202 (Cous.
706 5130 753 5185 tib.
770 5132 796 5197 9,
813 5144 874 5200 cop.
891 5131 918 5200 t,
972 5132 1168 5188 recordationis
1196 5145 1269 5186 mea.
1295 5132 1359 5199 Qua
1380 5131 1487 5185 utinam
1508 5128 1649 5184 audierunt
1669 5126 1718 5194 qui
1737 5121 1827 5178 adine

73 5228 98 5267 ι.
118 5218 154 5286 i).
179 5217 282 5291 lisque
309 5217 560 5290 persuasissimum
578 5219 710 5285 habebat,
727 5218 918 5290 ignorantiam
974 5237 1057 5290 usqae
1071 5221 1191 5290 diligunt
1207 5221 1364 5284 uanitatem,
1381 5224 1407 5274 et
1424 5222 1549 5289 querunt
1561 5215 1740 5279 mmdaciurn,
1755 5213 1827 5279 forte

75 5316 144 5362 susm
158 5307 302 5378 maiorem
316 5323 389 5374 esse,
405 5323 493 5381 quam
506 5308 682 5380 intelligeret
696 5309 743 5378 (lie
753 5307 819 5365 Orci.
831 5308 877 5363 tib.
889 5310 916 5372 9,
974 5310 1199 5366 contraderentur
1212 5313 1238 5366 et
1250 5310 1427 5365 evomuissent
1439 5307 1518 5363 illud.
1531 5305 1661 5375 legebam
1677 5319 1684 5357 ε
1698 5320 1712 5354 a
1724 5302 1826 5357 irasci·

10 5398 12 5403 '
74 5406 98 5449 ι.
110 5394 496 5470 t);sequeinpbilos0phie
509 5413 633 5468 puerum
647 5397 800 5465 fatebatur,
811 5397 918 5452 nedum
972 5402 1051 5467 mini,
1066 5402 1092 5453 ct
1114 5398 1197 5454 nolite
1214 5414 1334 5469 peccare.
1361 5415 1375 5452 s
1404 5399 1440 5452 lit
1460 5392 1590 5465 quomodo
1606 5389 1742 5457 monebar,
1757 5390 1827 5444 Deus

10 5514 12 5525 ·
77 5485 265 5558 tenpicntem
277 5486 433 5560 reputabat
443 5486 534 5556 (laia,
550 5487 598 5543 tib.
613 5490 676 5555 t,n.
695 5487 747 5559 ti).
761 5487 866 5542 Verum
876 5502 919 5541 ar·
974 5502 1057 5556 meus,
1073 5488 1122 5558 qui
1130 5489 1191 5559 jam
1205 5487 1354 5543 didiceram
1367 5486 1452 5541 irasci
1465 5483 1534 5538 miti
1548 5477 1829 5552 &metallicum

77 5567 226 5634 muana
247 5574 381 5637 diuendi
404 5574 500 5631 studio
522 5575 674 5649 tlagrnbat,
687 5575 764 5632 ctob
778 5574 808 5632 id
826 5590 918 5632 unum
974 5580 1067 5632 celcra
1081 5579 1339 5647 nonpeccaremt...
1352 5577 1405 5633 lica
1416 5572 1478 5644 jam
1492 5569 1713 5638 benamcasoria
1736 5568 1826 5628 crant.
