3884 6112
122 369 208 441 pisse.
227 369 298 423 Nam
313 363 409 419 nescio
430 379 487 434 qua
502 361 668 433 impellente
683 363 795 423 natura,
811 357 865 423 vel,
881 357 913 410 nt
928 370 972 407 ve-

123 458 185 513 rius
199 456 303 519 dicam,
319 455 386 521 Deo,
411 452 497 506 etiam
514 451 641 504 nesciens
661 445 806 518 quomodo
825 442 974 499 refellendi

125 549 230 610 essent,
246 548 342 598 tamen
357 541 397 596 eis
408 540 494 595 nimis
508 537 688 593 adversabar.

161 637 206 689 45.
220 633 269 687 llic
280 630 435 686 Licentins:
450 630 516 698 Ego,
529 626 632 697 inquit,
645 624 708 678 illos
720 623 848 678 nondum
863 621 973 676 desero.

126 724 211 793 Ergo,
230 720 269 774 ait
284 717 443 789 Trygetins,
459 714 591 770 dissentis
606 713 734 767 anobis?
749 708 974 781 Numquidnam,

126 811 175 866 ille
191 807 292 879 inquit,
322 822 370 858 vos
384 804 420 859 ab
435 802 536 872 Alypio
551 799 726 855 dissentitis?
753 798 804 853 Cui
822 813 890 867 ego:
912 796 976 849 Non

127 892 384 964 dubito,'inqnam,
402 892 470 963 quin
485 891 507 944 si
523 890 632 944 adesset
644 887 773 959 Alypius,
790 885 857 941 hnic
871 884 977 938 ratiun-

125 987 198 1040 culae
213 984 338 1039 cederet.
357 983 418 1035 Non
435 979 511 1033 enim
526 982 584 1032 tam
598 977 720 1031 absurde
736 975 841 1029 sentire
853 976 975 1045 poterat,

127 1079 160 1128 nt
170 1073 325 1128 antbeatus
336 1070 383 1125 ille
395 1069 565 1129 'videretnn
573 1067 623 1138 qui
633 1069 746 1120 tantum
757 1064 866 1118 bonnm
876 1060 976 1129 animi,

128 1162 204 1234 quod
218 1158 415 1215 ardentissime
429 1158 514 1211 vellet
525 1155 642 1219 habere,
658 1170 715 1209 non
732 1153 861 1218 baberet,
883 1154 932 1205 ant
947 1149 978 1202 il-

126 1249 169 1304 los
181 1249 256 1303 nolle
271 1247 399 1301 invenire
413 1245 573 1309 veritatem,
589 1247 638 1296 ant
652 1258 719 1296 eum
734 1239 784 1311 qni
804 1239 904 1293 beatus
919 1253 978 1291 non

128 1339 165 1392 sit
177 1353 237 1392 esse
253 1336 425 1406 sapientem:
442 1349 508 1387 nam
522 1331 566 1385 his
578 1331 678 1396 tribus,
693 1328 774 1400 qnasi
786 1328 879 1393 melle,
892 1327 976 1393 farre,

130 1430 216 1496 atque
229 1422 349 1489 nucleis,
364 1421 435 1475 illud
451 1421 528 1491 quod
549 1418 662 1484 metuis,
680 1423 804 1487 gustare,
817 1414 978 1469 consectum

130 1520 182 1569 est.
197 1513 296 1578 illene,
318 1510 421 1581 inquit,
443 1509 509 1564 hnic
526 1512 581 1562 tam
597 1522 691 1578 pravae
714 1520 869 1576 puerorum
885 1503 979 1557 illece-

130 1603 189 1657 brae
211 1602 333 1660 cederet,
349 1597 584 1653 Academicorum
606 1599 685 1649 tanta
707 1593 841 1647 ubertare
856 1590 976 1656 deserta,

131 1706 188 1761 qna
202 1688 360 1743 inundante
372 1687 425 1740 boc
440 1684 535 1739 nescio
551 1683 618 1754 quid
641 1683 725 1737 breve
752 1685 801 1734 ant
831 1680 978 1744 obruetur,

130 1783 180 1833 ant
195 1775 397 1849 pertrahetur?
409 1774 494 1839 Quasi
505 1790 582 1836 rero,
598 1772 726 1843 inquam,
739 1771 857 1840 longum
870 1767 980 1839 aliquid

87 1857 90 1864 ¹
130 1884 183 1922 nos
214 1881 386 1937 quaeramus,
412 1861 570 1934 praesertim
590 1860 725 1915 adversus
743 1859 891 1930 Alypium:
913 1872 980 1911 nem

130 1971 189 2009 non
208 1951 390 2008 mediocriter
406 1966 492 2021 parva
508 1949 562 2004 ista
581 1964 641 2003 esse
657 1947 741 2002 fortia
761 1951 789 2002 et
803 1945 896 2012 utilia,
912 1945 980 1998 satis

130 2041 182 2096 sibi
194 2042 255 2112 ipse
271 2039 305 2094 de
325 2055 377 2093 suo
392 2054 512 2110 corpore
527 2039 786 2108 argmmentaretnr.
816 2036 856 2089 Tu
883 2037 980 2087 autem

131 2130 181 2201 qui
196 2127 306 2200 elegisti
319 2128 353 2182 de
368 2126 491 2182 absentis
506 2124 672 2179 auctoritate
686 2123 821 2194 pendere,
838 2122 906 2193 qnid
924 2122 979 2177 ho·

129 2234 194 2273 rum
209 2233 268 2271 non
283 2215 405 2286 probast
420 2215 518 2267 Utrum
535 2213 650 2267 beatum
665 2227 725 2266 non
745 2227 816 2277 esse,
836 2210 886 2282 qui
902 2209 981 2281 qnod

130 2305 192 2361 vult
204 2320 262 2358 non
274 2302 380 2357 babet?
395 2319 431 2356 an
445 2302 510 2356 illos
524 2316 612 2371 negas
626 2300 698 2354 velle
714 2299 819 2354 habere
834 2299 981 2352 inventam

131 2393 293 2458 veritatem,
314 2406 401 2462 qnam
422 2390 608 2444 veliementer
628 2388 798 2460 inquirunt?
819 2405 855 2442 an
870 2387 982 2442 videtur

131 2479 185 2536 tibi
200 2479 353 2551 qnisquam
364 2477 477 2549 sapiens
487 2493 545 2531 non
556 2476 677 2531 beatus?
688 2478 806 2531 Prorsus
818 2476 917 2530 beatus
927 2480 979 2543 est,

132 2569 238 2641 inquit,
254 2568 304 2640 qui
319 2568 394 2640 quod
409 2567 470 2621 vult
492 2565 660 2633 nonhabet,
676 2565 756 2636 quasi
772 2566 981 2620 stomachanter

56 2644 60 2653 Α
133 2658 272 2712 arridens.
299 2657 379 2722 erod
407 2672 472 2711 cnm
490 2655 624 2727 Jubercm
652 2658 683 2708 nt
706 2653 890 2708 scriberetur:
920 2654 982 2708 Non

132 2747 202 2814 dixi,
217 2745 313 2818 inquit
328 2747 502 2801 exclamans.
536 2744 617 2809 Quod
633 2743 702 2798 item
730 2759 795 2797 enm
823 2757 980 2796 annuerem

133 2836 233 2891 scribi:
250 2835 324 2899 Dixi,
340 2834 444 2907 inquit.
464 2836 557 2904 Atque
572 2849 625 2904 ego
641 2831 729 2886 semel
743 2846 935 2902 praeceperam
949 2835 982 2885 ut

132 2925 245 2980 rrnllrrm
264 2923 383 2978 verbum
398 2927 503 2994 praeter
517 2921 625 2976 litteras
639 2919 818 2975 funderetur.
835 2921 876 2973 lta
890 2919 983 2974 adole-

99 3012 104 3021 “
132 3012 340 3067 scenteminter
349 3009 552 3066 verecundiam
563 3011 647 3081 atque
658 3008 846 3064 constantiam
861 3007 983 3079 exagita-

133 3104 194 3155 tum
210 3100 354 3154 tenebam.

171 3192 213 3243 lo.
231 3187 285 3242 Sed
300 3203 365 3241 eum
388 3186 433 3240 bis
446 3185 540 3241 verbis
555 3201 621 3241 eum
632 3184 772 3254 jocantes,
788 3185 869 3256 quasi
884 3184 920 3239 ad
934 3200 982 3239 vc-

133 3275 265 3330 scendam
280 3273 449 3346 particulam
462 3289 542 3328 snam
553 3287 783 3344 provocaremus,
794 3271 982 3327 animadverti

133 3367 249 3419 caeteros
262 3362 305 3417 rei
322 3361 408 3416 totins
423 3360 548 3432 ignaros,
562 3360 609 3414 sed
624 3360 695 3414 scire
706 3359 853 3430 cupientes
862 3359 930 3430 quid
941 3359 984 3412 in·

133 3456 244 3507 ternos
260 3452 334 3506 solos
349 3454 407 3505 tam
425 3449 550 3522 jucunde
565 3452 707 3520 ageretur,
720 3448 781 3503 sine
796 3448 852 3502 risn
871 3465 924 3503 nos
938 3449 981 3504 in·

133 3541 219 3596 tueri.
232 3540 286 3606 Qui
296 3541 369 3595 mibi
378 3554 495 3611 prorsus
506 3537 613 3592 similes
622 3536 673 3592 visi
685 3541 761 3603 sunt,
773 3536 851 3609 quod
860 3537 984 3608 plerom-

135 3646 190 3702 que
203 3629 267 3685 sieri
282 3629 363 3695 solet,
379 3628 415 3682 iis
438 3627 488 3699 qni
503 3643 567 3682 cnm
588 3627 741 3697 epulantur
764 3626 841 3681 inter
854 3625 982 3681 avidissi-

134 3735 197 3774 mos
212 3718 468 3789 rapacissimosque
483 3718 625 3784 convivas,
650 3734 666 3772 a
680 3717 817 3788 rapiendo
832 3718 875 3771 rel
892 3716 984 3787 gravi-

135 3810 193 3861 tate
208 3823 269 3861 sese
285 3805 438 3871 abstinent,
452 3805 497 3859 vel
510 3805 620 3876 pudore
635 3809 788 3859 terrentur.
803 3806 835 3859 Et
848 3804 916 3875 qnia
931 3820 983 3876 ego

134 3893 331 3958 invitaveram,
358 3895 387 3947 et
407 3891 505 3961 magni
520 3892 667 3963 enjusdam
681 3891 806 3946 bominis
819 3907 983 3961 personam,

134 3984 219 4052 atque
235 3985 266 4036 ut
280 3983 373 4034 totum
389 3979 536 4050 explicem,
551 3979 612 4034 veri
626 3979 753 4035 hominis
777 3979 865 4034 etiarn
879 3979 909 4034 in
925 3979 982 4035 illis

135 4070 227 4141 epulis
241 4069 423 4125 invitatorem
436 4067 582 4140 gerebam,
598 4068 736 4123 sustinere
746 4084 804 4123 non
816 4067 907 4139 potui,
920 4085 984 4123 con-

134 4158 282 4232 movitqne
298 4174 344 4212 me
362 4157 434 4212 'illa
447 4157 629 4228 inaequalitas
641 4173 747 4212 mense
762 4161 867 4212 nostrie
884 4161 912 4212 et
924 4157 981 4211 dis-

135 4246 293 4319 crepantia.
318 4244 407 4300 Arrisi
433 4245 527 4301 matri.
552 4247 645 4317 Atque
666 4245 715 4300 illa
739 4245 884 4301 liberrime
909 4245 984 4317 quod

136 4336 232 4392 minus
246 4334 401 4404 habebant,
425 4334 508 4405 quasi
530 4334 565 4389 de
585 4349 637 4388 suo
660 4334 773 4388 cellario
791 4335 985 4405 promendum

134 4425 297 4496 imperans:
314 4425 375 4479 lam
401 4423 445 4479 dic
459 4421 553 4488 nohis,
568 4422 673 4493 inquit,
697 4427 726 4477 et
754 4423 841 4478 redde
857 4423 906 4495 qui
928 4423 986 4477 sint

135 4513 183 4568 isti
199 4512 371 4581 Academici,
388 4514 416 4567 et
435 4510 503 4584 qnid
523 4510 576 4566 sibi
590 4510 698 4566 velint?
712 4511 763 4567 Cui
777 4511 900 4566 breviter
919 4527 985 4565 cum

135 4603 331 4673 exposuissem
346 4605 510 4673 aperteque,
525 4599 565 4654 ita
579 4604 611 4653 ut
624 4615 709 4654 nemo
735 4599 851 4654 illorum
867 4599 985 4670 ignarus

139 4687 318 4742 abscederet:
332 4687 382 4742 lsti
396 4688 538 4755 homines,
560 4686 665 4758 inquit,
680 4686 822 4741 caducarii
836 4690 903 4742 snut
917 4686 984 4758 (qno

135 4774 256 4829 nomine
268 4775 354 4847 vulgo
368 4777 443 4846 apud
454 4792 502 4831 eos
511 4779 658 4841 vocentur,
671 4789 743 4847 quos
751 4773 901 4829 comitialis
910 4789 986 4828 mor-

136 4864 191 4919 bus
205 4862 344 4918 snbvertit
353 4863 374 4934 ),
390 4867 418 4918 et
432 4864 517 4919 simul
529 4864 652 4919 surrexit
664 4868 697 4918 nt
712 4862 815 4931 abiret;
839 4867 924 4934 atque
938 4861 985 4917 hie

136 4969 241 5008 omnes
256 4953 315 5007 laeti
328 4967 359 5006 ac
372 4951 508 5021 ridentes,
531 4952 698 5025 interposito
720 4952 778 5008 tine
792 4951 983 5007 discessimus.

167 5131 176 5164 ¹
191 5127 245 5189 riti,
261 5127 322 5191 juxt
338 5126 396 5181 Ere,
411 5126 474 5176 Lov.
493 5127 526 5175 bi.

166 5194 177 5227 ²
193 5193 255 5241 Mes.
267 5189 406 5239 undecim:
418 5188 512 5240 inillis
518 5188 604 5253 epotis
612 5188 789 5240 iurriiotorem
797 5186 932 5239 sustinere
940 5186 986 5237 do·

136 5253 376 5314 coistt,oommoolt
384 5251 478 5310 me3nd
485 5264 563 5312 quam
571 5251 709 5300 lectionem
719 5265 798 5314 prope
805 5248 985 5299 acceduntnlii

136 5317 189 5366 duo
200 5317 245 5380 qui
261 5315 358 5375 terunt,
371 5313 544 5364 sustinebam
558 5313 633 5372 docti,
648 5315 791 5364 commovit
806 5325 858 5363 me.
874 5312 985 5360 Fortean

35 5391 37 5395 ·
136 5379 262 5429 docuerat
289 5376 444 5427 Theodorus
457 5375 499 5423 cni
516 5375 644 5424 tratendoe
661 5389 703 5424 res
717 5380 805 5424 essent
828 5386 888 5422 curn
903 5373 985 5434 impe·

135 5441 270 5490 ritioribus
280 5441 307 5489 in
323 5437 484 5503 ejuscemodi
494 5436 640 5500 colloquiis.
657 5438 685 5486 ld
700 5437 770 5500 quod
787 5435 915 5500 suspicari
925 5434 985 5482 licet

136 5516 168 5551 ex
180 5502 226 5552 lib.
242 5502 297 5552 lde
313 5502 419 5562 Ordine,
433 5514 489 5564 cup.
508 5502 545 5548 ll.

19 227 21 231 ‘
124 249 174 302 oei
720 236 768 292 ne
788 233 904 290 enirn
924 230 1019 296 vrri,
1040 229 1067 285 s.
1086 227 1277 286 croesum
1841 230 1887 284 oce

1030 352 1143 407 CAPUT
1162 353 1211 407 lll.
1224 383 1259 393 -
1273 354 1429 423 Disputatio
1442 353 1566 408 secunde
1574 352 1642 408 diei.
1662 353 1736 419 Quis
1751 355 1836 407 Deum
1850 353 1890 408 le

1066 441 1127 496 beot
1140 457 1168 495 eo
1183 441 1259 496 modo
1273 446 1304 495 ut
1317 440 1409 496 beatus
1424 443 1470 497 sit.
1492 441 1621 512 Spiritus
1651 440 1816 497 monades
1830 441 1889 497 duo

1065 531 1113 586 bers
1128 530 1216 585 modis
1231 531 1367 600 appellari
1381 531 1455 586 solet.

1067 623 1108 674 Π.
1124 618 1263 673 Postridie
1276 623 1371 673 antem
1387 636 1451 674 cnm
1473 620 1545 676 item
1564 625 1634 691 post
1654 619 1831 692 prandium,
1848 621 1890 675 sed

1030 708 1178 778 aliquanto
1194 724 1279 778 qnam
1294 707 1388 778 pridie
1403 709 1504 777 serius,
1520 710 1611 766 iidem
1630 710 1808 781 ibidemque
1829 725 1890 765 con·
1934 768 1936 787 Ι

1029 797 1223 853 sedissemus:
1240 797 1340 867 Tarde,
1356 795 1485 869 inquam,
1500 799 1620 854 venistis
1645 797 1684 852 ad
1705 797 1889 855 convivium:

1031 887 1108 958 quod
1128 885 1207 941 vobis
1226 902 1285 940 non
1294 886 1433 942 cruditate
1448 888 1583 943 accidisse
1596 887 1745 951 arbitror,
1761 886 1814 941 scd
1827 903 1890 957 pan·

1031 973 1124 1029 citatis
1143 973 1315 1028 ferculorum
1331 974 1494 1043 securitate;
1511 974 1588 1046 quod
1605 990 1671 1029 non
1695 979 1764 1029 tam
1787 978 1889 1030 mature

1033 1062 1257 1134 aggrediendum
1272 1063 1364 1117 visum
1379 1068 1430 1131 est,
1447 1064 1524 1135 qnod
1537 1064 1592 1119 cito
1603 1079 1656 1119 vos
1672 1079 1832 1135 peresuros
1841 1080 1889 1135 pn-

1032 1151 1120 1207 tastis.
1140 1152 1202 1205 Non
1214 1151 1338 1206 multum
1352 1151 1430 1206 enim
1439 1152 1632 1224 reliquiarum
1643 1152 1891 1208 credendnmerat

1033 1238 1267 1305 remansisse,ubi
1281 1239 1327 1294 die
1344 1239 1406 1311 ipso
1434 1245 1519 1312 atque
1542 1239 1737 1295 solemnitate
1763 1246 1823 1295 tam
1839 1241 1891 1295 exi·

1033 1344 1123 1400 gurim
1139 1332 1284 1399 repertum
1299 1333 1370 1384 crat.
1385 1330 1511 1385 Fortasse
1534 1333 1622 1384 reete.
1643 1329 1704 1385 Sed
1730 1329 1805 1402 quid
1823 1330 1892 1384 vobis

1034 1421 1226 1489 praeparatum
1244 1416 1288 1480 sit,
1307 1433 1359 1488 ego
1376 1433 1490 1489 quoqne
1516 1418 1671 1473 vobiscum
1692 1417 1808 1473 neseio.
1823 1419 1892 1473 Aliru

1034 1509 1076 1560 est
1090 1505 1166 1560 enim
1177 1505 1225 1576 (pri
1234 1504 1366 1560 omnibus
1379 1499 1445 1561 crim
1459 1522 1558 1561 omnes
1567 1508 1589 1575 ¹,
1602 1510 1669 1560 turn
1688 1505 1820 1560 maxime
1830 1505 1892 1560 tales

1035 1594 1133 1667 epulas
1147 1593 1275 1665 praebere
1288 1609 1345 1647 non
1362 1597 1472 1673 cessat:
1490 1594 1537 1649 sed
1559 1609 1614 1648 nos
1642 1593 1680 1648 ab
1708 1592 1835 1660 edendo,
1855 1593 1891 1647 vel

1035 1683 1241 1750 imbecillitate,
1259 1683 1302 1737 vel
1319 1682 1478 1749 saturitate,
1501 1682 1545 1737 vel
1572 1682 1701 1753 negotio
1729 1682 1891 1754 plerumque

1035 1788 1177 1827 cessamus
1191 1785 1197 1828 :
1209 1786 1296 1843 quem
1312 1775 1474 1826 manentem
1495 1771 1525 1826 in
1539 1770 1721 1826 hominibus
1737 1771 1838 1826 beatos
1850 1787 1889 1825 eos

1035 1861 1220 1927 tacere,inler
1235 1859 1363 1927 nosheri‚
1377 1859 1406 1914 ni
1420 1859 1512 1927 fallor,
1528 1859 1577 1930 pie
1594 1863 1889 1932 constanterqneoon·

1035 1954 1161 2005 venerat.
1178 1950 1249 2003 Nam
1263 1965 1329 2003 eurn
1342 1947 1415 2003 ratio
1438 1948 1665 2004 demonstrasset
1688 1964 1764 2003 enm
1786 1949 1888 2003 beatum

1035 2057 1095 2097 esse
1109 2038 1159 2110 qui
1175 2039 1263 2095 [lenm
1277 2036 1406 2104 haberet,
1420 2053 1474 2091 nec
1487 2035 1554 2091 hnic
1581 2036 1750 2108 quisquam
1777 2041 1886 2091 vestrum

1036 2128 1184 2185 sententiae
1198 2125 1358 2193 restitisset,
1373 2126 1527 2197 quoesitnm
1541 2129 1585 2180 est
1598 2125 1747 2198 quisnam
1762 2126 1839 2180 vobis
1853 2126 1885 2180 vi·

1036 2220 1151 2274 deretur
1165 2217 1254 2270 Deum
1269 2213 1385 2268 habere.
1407 2214 1446 2268 [le
1466 2229 1523 2284 qua
1551 2228 1593 2275 re,
1625 2212 1752 2269 sibene
1770 2212 1884 2278 memini,

1035 2311 1093 2361 tres
1108 2302 1256 2359 sententie
1273 2301 1356 2357 dictae
1370 2306 1446 2357 sunt.
1472 2302 1542 2356 tiam
1556 2301 1637 2372 parti
1661 2301 1791 2373 placuit,
1812 2302 1884 2357 mun

1035 2395 1141 2450 habere
1153 2393 1235 2447 illnm
1250 2390 1301 2463 qni
1314 2407 1348 2446 ea
1360 2390 1468 2445 taceret
1479 2406 1544 2461 quse
1559 2391 1638 2445 Dens
1652 2390 1760 2445 vellet.
1780 2389 1884 2454 Quidam

1036 2487 1132 2539 antem
1145 2481 1279 2536 dixerunt
1294 2478 1372 2550 qnod
1390 2479 1415 2533 is
1430 2480 1519 2535 [lenm
1532 2478 1668 2542 haberet,
1693 2479 1748 2551 qni
1772 2479 1841 2534 bene
1851 2477 1884 2531 vi·

1036 2575 1126 2627 voret.
1146 2569 1274 2640 Reliquis
1285 2584 1352 2624 vero
1368 2567 1399 2622 in
1414 2567 1453 2623 eis
1468 2570 1612 2623 beusesse
1624 2568 1713 2623 visus
1727 2572 1781 2631 est,
1796 2566 1884 2640 inqui·

1035 2660 1088 2717 bus
1102 2658 1151 2730 qni
1162 2656 1329 2713 immundus
1343 2655 1514 2728 appellatur,
1528 2654 1652 2727 spiritns
1670 2672 1736 2711 non
1753 2660 1805 2711 est.

1075 2751 1117 2803 l8.
1134 2746 1189 2801 Sed
1203 2747 1323 2801 fortasse
1335 2761 1435 2800 omnes
1449 2742 1566 2799 diversis
1582 2744 1686 2798 verbis
1704 2760 1797 2799 unum
1808 2743 1884 2799 idem-

1038 2854 1093 2911 que
1112 2835 1249 2891 sensistis.
1278 2834 1349 2889 Nam
1374 2832 1397 2888 si
1419 2832 1476 2887 dno
1498 2832 1594 2903 prima
1611 2832 1886 2899 consideremusst

1037 2925 1131 2982 omnis
1150 2923 1200 2996 qui
1214 2922 1288 2978 bene
1308 2921 1387 2989 vivit,
1411 2938 1445 2976 ea
1466 2920 1534 2976 facit
1558 2937 1627 2992 qnae
1656 2922 1726 2976 vult
1751 2922 1842 2987 Dens;
1865 2922 1886 2974 et

1038 3012 1132 3070 omnis
1146 3012 1196 3084 qni
1211 3028 1244 3066 ea
1268 3010 1336 3065 lacit
1357 3027 1421 3082 qnae
1443 3011 1502 3065 vult
1526 3011 1612 3078 Deus,
1636 3010 1718 3066 bene
1747 3010 1887 3079 vivit3nec

1037 3102 1195 3175 quidquam
1210 3102 1266 3155 'est
1288 3099 1368 3154 aliud
1392 3099 1466 3154 hene
1494 3097 1603 3164 vivere,
1632 3114 1730 3170 quam
1754 3115 1790 3154 ea
1811 3097 1887 3153 insen

1038 3207 1103 3264 quae
1130 3191 1187 3244 Deo
1210 3189 1362 3260 placeant:
1380 3186 1437 3242 nisi
1463 3185 1531 3258 quid
1555 3186 1639 3241 vobis
1671 3186 1755 3242 alind
1780 3185 1886 3241 videtin.

1037 3277 1283 3335 Assentiebantnr.
1299 3275 1425 3330 Tertium
1440 3290 1507 3330 vero
1528 3273 1602 3329 illud
1622 3275 1720 3345 paulo
1737 3274 1887 3346 diligentins

1038 3366 1277 3423 considerandum
1293 3368 1504 3437 est,propterea
1516 3362 1666 3435 quodritu
1672 3364 1888 3419 castissimorum

1038 3470 1184 3511 sacrorum
1211 3452 1329 3524 spiritns
1356 3451 1525 3507 immundus
1547 3455 1569 3520 ²,
1585 3456 1740 3523 quantum
1762 3451 1888 3522 intelligo,

1039 3544 1149 3599 dnobus
1164 3542 1257 3598 modis
1271 3540 1411 3612 appellari
1425 3540 1497 3595 solet
1511 3539 1573 3596 :vel
1592 3539 1644 3594 ille
1661 3541 1715 3613 qui
1726 3541 1888 3596 extrinsecus

1038 3630 1148 3688 invadit
1162 3629 1289 3686 animam
1314 3644 1472 3700 sensusque
1494 3628 1662 3696 conturbat,
1689 3633 1720 3685 et
1749 3629 1887 3702 quemdum

1039 3720 1205 3775 nominibus
1219 3719 1306 3774 infert
1320 3718 1465 3785 inrorem3
1480 3717 1527 3772 oui
1547 3716 1735 3773 excludendo
1757 3718 1810 3791 qni
1829 3732 1888 3790 pre

1039 3812 1116 3879 sunt,
1131 3824 1249 3864 manum
1265 3807 1413 3879 imponere
1431 3805 1475 3860 vel
1500 3805 1667 3862 exorcizare
1688 3806 1836 3875 dicuntur,
1848 3806 1888 3862 hoc

1040 3902 1093 3961 est,
1108 3913 1159 3970 per
1174 3896 1270 3952 divina
1284 3911 1350 3950 enm
1364 3893 1521 3966 adjurando
1530 3893 1796 3965 expellerezaliter
1810 3900 1888 3949 subn

1042 3984 1146 4041 dicitur
1162 3984 1279 4057 spiritus
1291 3984 1470 4053 immundus,
1484 3982 1579 4038 omnis
1591 3984 1721 4040 omnino
1735 3984 1833 4040 anima
1848 3983 1887 4037 in

1039 4072 1146 4129 munda
1159 4091 1166 4141 ;
1183 4073 1258 4146 qnod
1272 4072 1345 4129 nibil
1358 4076 1401 4128 est
1416 4071 1494 4127 alind
1507 4087 1596 4142 quam
1609 4071 1694 4127 vitiis
1713 4077 1747 4128 et
1759 4071 1888 4128 erroribus

1038 4162 1200 4235 inquinata.
1219 4161 1373 4234 ltaqueabs
1387 4166 1415 4217 te
1431 4176 1538 4233 quero,
1555 4165 1587 4215 tu
1606 4176 1696 4232 puer,
1711 4161 1767 4234 qui
1787 4161 1888 4216 tortasse

1039 4250 1186 4323 aliquanto
1203 4250 1347 4305 sereniore
1361 4265 1394 4304 ac
1404 4248 1570 4321 purgatiore
1589 4247 1702 4320 spi·itu
1724 4251 1813 4306 istam
1832 4262 1887 4303 seu-

1038 4339 1158 4394 tentiam
1173 4337 1327 4409 protulisti,
1344 4337 1409 4410 quis
1424 4335 1477 4392 tibi
1490 4336 1623 4392 videatur
1637 4335 1830 4394 immundum
1844 4334 1888 4407 spi·

1039 4428 1127 4483 ritum
1143 4443 1201 4481 non
1216 4424 1323 4480 habere
1340 4438 1347 4481 :
1364 4425 1449 4479 illene
1463 4423 1512 4495 qui
1530 4424 1699 4479 demonem
1719 4441 1785 4481 non
1806 4425 1889 4487 habet,

1040 4532 1097 4588 quo
1110 4514 1208 4570 vesani
1222 4513 1353 4569 homines
1368 4512 1431 4568 lieri
1445 4513 1554 4578 solent;
1569 4528 1606 4567 an
1629 4512 1683 4569 ille
1703 4514 1761 4586 qui
1778 4513 1890 4569 animan

1040 4620 1121 4660 snam
1135 4620 1152 4658 a
1166 4603 1242 4659 vitiis
1257 4602 1449 4674 omnibusque
1463 4599 1587 4672 peccatis
1601 4601 1784 4657 mundavit‘l
1794 4602 1821 4657 Is
1833 4596 1891 4657 milri

1039 4692 1162 4759 videtur,
1182 4691 1287 4763 inquit,
1303 4690 1485 4746 immundum
1500 4687 1636 4760 spiritum
1652 4705 1718 4744 non
1727 4686 1891 4759 habemqvi

1039 4785 1113 4836 casle
1128 4780 1206 4836 vivit.
1218 4780 1270 4835 Sed
1282 4785 1403 4841 castum,
1418 4778 1548 4849 inquam,
1564 4793 1654 4849 quem
1669 4781 1785 4835 vocas?
1799 4790 1891 4834 enmnr

1040 4869 1090 4942 qui
1105 4868 1178 4924 nihil
1188 4873 1296 4939 peccat,
1312 4885 1349 4924 nn
1363 4884 1430 4923 enm
1444 4866 1494 4940 qui
1505 4865 1540 4920 ab
1555 4864 1660 4921 illicito
1670 4871 1792 4923 tantum
1805 4881 1891 4923 eonon

1039 4958 1100 5013 bitn
1115 4959 1279 5029 temperet?
1293 4956 1453 5024 Quomodo,
1475 4953 1580 5026 inquit,
1598 4959 1698 5011 castus
1713 4960 1813 5028 potest
1831 4969 1890 5017 esse,

1042 5186 1047 5196 ἱ
1073 5120 1284 5233 ’ἱοιιέοονηίιὶίῠυς
1296 5121 1338 5172 eet
1348 5130 1504 5181 communes,
1514 5116 1591 5182 juxta
1603 5116 1653 5167 Er.
1671 5117 1716 5170 Vel
1731 5132 1800 5171 cusu
1813 5127 1891 5171 ansts

1051 5198 1115 5234 nra
1165 5198 1188 5232 v.
1233 5220 1238 5231 .

1038 5200 1047 5250 J
1071 5240 1889 5309 2lnpriusllddlogimr:erodritucristissr'moruruscierimus

1040 5321 1092 5373 quc
1107 5308 1254 5366 spirituum
1264 5309 1373 5371 spiritus
1385 5303 1618 5363 immunduseto..
1628 5304 1725 5354 minus
1735 5306 1815 5366 bene,
1824 5303 1889 5353 utin·

1040 5371 1167 5432 telligitnr
1181 5370 1244 5418 satis
1266 5384 1297 5418 ex
1319 5383 1346 5418 re
1358 5368 1478 5432 subjecte
1495 5369 1563 5416 etex
1576 5365 1642 5416 biss.
1665 5381 1738 5430 qnos
1758 5368 1888 5432 sequimur.

1040 5433 1087 5482 iiic
1099 5446 1193 5495 nempe
1202 5431 1414 5482 centuriatorum
1422 5440 1563 5480 sacrorum
1579 5429 1696 5480 nomine
1711 5428 1888 5481 commendan-

1041 5497 1085 5543 tur
1099 5496 1263 5543 encramentn
1275 5493 1420 5543 initiorum.
