3884 6112
92 228 125 280 83
683 225 769 281 vlla
795 225 821 282 S.
851 226 1044 284 AUGUSTlNl
1074 224 1244 280 EPlSCOPl.
1814 223 1849 276 Sl

90 348 247 422 respondit,
267 363 416 419 nnnquam
435 364 476 418 se,
497 349 562 405 licet
582 365 685 406 corona
703 349 752 406 illa
766 350 839 405 leret
854 366 941 405 aurea
994 347 1124 415 infamis3
1138 351 1166 402 et
1177 344 1201 399 si
1215 345 1386 418 meandoque
1398 343 1512 400 veritali
1527 347 1718 414 congruenter
1726 359 1845 415 respon-

92 441 121 493 et
134 435 314 504 immortalis,
330 436 374 491 vel
388 452 514 492 muscam
527 438 653 493 victoria
666 455 724 495 suoe
739 438 831 511 gratia
845 437 942 493 necari
995 436 1091 504 debat,
1107 450 1182 507 sape
1197 439 1293 490 nmen
1306 433 1517 489 allucinahatur
1530 432 1643 504 (Contra
1656 433 1842 501 Academicos,

90 527 300 599 permissurum
312 526 398 597 (Cous.
410 526 458 581 tio.
468 528 495 593 4,
505 543 565 597 cop.
576 531 603 595 t,
613 543 638 582 n.
648 527 687 598 3).
697 527 776 594 Quod
786 526 851 582 ideo
859 517 940 593 dixit,
996 526 1044 581 lib.
1060 530 1085 593 t,
1098 541 1145 580 nn.
1163 527 1206 591 tr,
1224 521 1279 594 te).

92 615 161 688 quia
182 615 213 670 in
237 614 417 670 exsecrandis
440 614 497 670 illis
515 615 659 671 sacriliciis
680 615 787 671 anolus
808 614 944 669 animalia
1033 616 1058 669 3.
1084 615 1145 668 Non
1168 611 1286 684 perinde
1309 611 1345 665 ab
1366 609 1530 682 astrologia,
1556 626 1643 681 quam
1663 608 1847 682 judiciariam

92 709 246 760 necaturus
269 708 340 771 erat,
363 708 395 758 ut
416 703 493 758 hisce
512 703 609 775 impiis
623 703 783 759 honoribus
798 702 944 757 daemonas
998 706 1107 770 vocant,
1123 706 1208 774 atqrm
1223 717 1241 755 a
1254 699 1349 770 magia
1368 699 1540 755 abhorrebat
1556 698 1749 771 Augustinus;
1770 700 1848 771 quod

91 793 252 864 Augustino
270 793 475 864 suffragaturos
494 792 636 847 invitaret.
655 795 791 846 Attamen
809 791 862 846 hac
877 807 945 846 con·
997 792 1047 848 illa
1068 790 1161 847 nullas
1183 790 1217 846 ad
1242 789 1430 845 divinandum
1454 788 1603 843 adhiberet
1626 803 1734 860 preces,
1755 789 1849 843 nullas

91 885 201 952 tempta
215 880 427 953 superstitione,
443 879 553 950 ingenii
568 879 677 933 viribus
693 895 828 934 coronam
843 880 945 951 agoni·
997 878 1161 936 immolaret
1182 878 1299 946 hostias,
1323 877 1403 932 omni
1423 892 1488 931 cum
1513 876 1644 931 damone
1666 875 1849 939 commercio,

92 971 190 1026 sticarn
213 968 377 1040 reportavit,
402 984 489 1039 quam
511 984 528 1022 a
551 965 718 1022 vindiciano
737 968 860 1035 medico,
882 972 944 1022 tuni
998 970 1135 1042 omnique
1150 969 1265 1024 demum
1282 965 1478 1037 superstitioso
1494 965 1550 1020 ritu
1565 982 1660 1019 carere
1672 964 1726 1020 sibi
1738 964 1849 1019 videre-

91 1058 271 1131 proconsule‚
295 1055 381 1127 capili
406 1070 457 1109 suo
484 1071 542 1110 non
573 1071 642 1110 sano
669 1055 832 1128 impositam
856 1056 944 1111 fuisse
997 1061 1055 1114 tur.
1069 1060 1105 1114 Ea
1119 1061 1237 1130 propter
1250 1056 1352 1128 planos
1365 1054 1440 1123 illos,
1458 1070 1528 1126 qnos
1544 1052 1613 1108 olim
1627 1052 1849 1108 mathematicos

91 1146 198 1201 scribit.
217 1147 250 1199 Et
263 1144 324 1198 haec
339 1144 456 1215 quidem
472 1160 507 1200 ex
519 1145 655 1200 narrandi
671 1144 782 1212 ordina,
797 1161 885 1217 quem
901 1150 944 1199 te·
997 1147 1189 1219 appellabant,
1205 1144 1353 1200 consulere
1368 1159 1427 1198 non
1446 1142 1598 1197 desistebat
1624 1158 1630 1196 :
1651 1142 1729 1213 quod
1752 1146 1851 1196 tamen

92 1239 141 1290 net
154 1233 342 1306 Augustinus,
353 1232 383 1288 in
395 1234 466 1290 illud
477 1237 657 1307 tempusque
671 1235 798 1307 Tagastae
812 1234 941 1300 docebat,
998 1235 1152 1291 christiana
1165 1238 1193 1289 et
1204 1250 1270 1289 vera
1282 1233 1373 1304 piatas
1387 1230 1502 1303 repellit
1515 1235 1544 1286 et
1554 1231 1681 1285 damnat.
1693 1231 1779 1286 Grata
1789 1233 1852 1285 erat

93 1323 242 1379 referenda
251 1326 428 1395 putaremus,
442 1322 498 1378 nisi
507 1322 653 1379 Possidius
662 1326 759 1395 aperte
771 1322 944 1394 signiticaret
996 1324 1074 1379 haud
1087 1323 1173 1379 dubie
1188 1320 1361 1378 adolescenti
1372 1320 1438 1376 trita
1450 1319 1499 1374 illa
1511 1335 1609 1374 eorum
1623 1319 1774 1375 bominum
1785 1336 1848 1375 ora·

93 1429 160 1469 eum
180 1412 270 1467 solam
290 1412 506 1483 grammaticam
524 1413 652 1483 'ingesta
676 1411 762 1467 fuisse
781 1412 941 1483 professum
997 1414 1048 1481 tio,
1060 1410 1219 1484 quapravis
1229 1408 1431 1482 cupiditatibus
1442 1408 1558 1480 egregie
1571 1408 1850 1465 adblandiebantur:

94 1502 252 1570 (Possidius,
268 1504 296 1557 in
318 1503 381 1557 Vito
399 1503 530 1571 August,
555 1519 578 1558 c.
605 1501 644 1572 l),
672 1506 700 1557 et
723 1501 779 1556 nisi
801 1505 943 1557 constaret
997 1502 1109 1558 Decoelo
1124 1502 1175 1556 titi
1188 1506 1227 1556 est
1240 1499 1406 1554 ineuitabilis
1421 1512 1505 1554 causa
1523 1499 1671 1568 peccandi3
1696 1500 1734 1563 et,
1762 1500 1852 1555 Venus

94 1591 268 1658 Numidiam,
284 1591 314 1646 in
328 1607 385 1663 qua
401 1591 454 1646 sita
466 1597 509 1646 est
523 1593 652 1663 Tagaste,
666 1607 725 1646 non
738 1608 753 1646 a
764 1592 942 1663 proconsule,
998 1591 1131 1658 torserit,
1147 1593 1196 1643 out
1207 1589 1352 1655 Saturnus,
1367 1591 1416 1642 cut
1430 1588 1505 1643 Mers
1523 1605 1531 1642 ε
1547 1588 1648 1643 scilicet
1662 1592 1694 1643 ut
1706 1588 1784 1643 bomo
1794 1591 1852 1643 sine

93 1684 126 1734 ut
141 1680 352 1752 Carthaginem,
368 1680 417 1736 sed
429 1697 444 1734 a
455 1680 598 1736 consulari
609 1680 695 1736 luisse
705 1679 943 1737 administratam.
997 1680 1078 1748 culpo
1091 1681 1138 1746 sit,
1153 1693 1216 1732 coro
1228 1681 1254 1732 et
1268 1678 1381 1746 somnis
1400 1680 1426 1729 et
1445 1676 1563 1746 superba
1583 1676 1715 1746 putred03
1736 1678 1851 1747 culpan-

92 1769 209 1825 Accedit
222 1769 303 1837 illud,
325 1769 400 1841 quod
418 1770 560 1840 ejusmodi
574 1769 729 1825 certamina
743 1768 889 1841 primariis
904 1769 943 1824 ci·
997 1767 1049 1822 dus
1063 1769 1100 1823 sit
1111 1772 1200 1822 autent
1214 1766 1273 1820 coeli
1287 1764 1446 1823 mtideuru
1456 1769 1562 1820 mentor
1571 1769 1596 1819 et
1606 1765 1747 1820 ndinotor
1758 1767 1849 1834 (Cous.

92 1857 227 1913 vitatibus
245 1858 337 1931 magis
361 1858 541 1914 conveniant.
564 1860 607 1914 Ita
628 1858 740 1914 videtur
767 1858 945 1930 Augustinus
997 1856 1045 1911 tib.
1062 1858 1089 1924 4,
1104 1872 1164 1926 cop.
1182 1859 1209 1926 3,
1223 1870 1253 1909 u.
1266 1855 1302 1924 4).
1319 1855 1413 1926 Atque
1427 1858 1460 1908 ut
1474 1858 1536 1909 erat
1547 1853 1665 1926 ingenio
1680 1853 1717 1909 ad
1733 1870 1851 1909 omnem

92 1947 238 2019 prioribus
260 1947 337 2003 hisce
359 1947 453 2020 quarti
473 1947 540 2003 libri
563 1947 777 2004 confessionum
803 1947 944 2018 capitibus
998 1945 1044 2000 cui
1059 1961 1119 2000 sese
1134 1944 1318 2017 applicuisset
1340 1942 1521 2015 disciplinam
1542 1947 1677 2014 prompto
1703 1942 1850 2014 expedito·

93 2036 193 2091 ordine
209 2052 305 2091 rerum
320 2053 352 2092 ac
367 2042 531 2108 temporum
552 2036 672 2092 minime
695 2041 818 2106 servato,
837 2036 944 2108 passim
997 2051 1066 2106 que,
1080 2038 1193 2089 mnium
1206 2033 1236 2088 in
1248 2032 1401 2105 nugatoria
1414 2031 1457 2087 illi
1469 2031 1615 2087 divinandi
1626 2037 1687 2087 arte
1698 2031 1851 2103 proiecisse

92 2129 179 2198 atque
199 2125 451 2181 indiscriminatim
472 2140 598 2193 narrare,
619 2141 684 2196 quos
706 2123 760 2196 ipsi
780 2125 945 2180 acciderunt
998 2123 1157 2190 videbatur,
1171 2126 1204 2178 ut
1217 2121 1306 2177 veluti
1320 2120 1512 2191 peritissimas
1526 2120 1605 2176 illius
1620 2120 1656 2175 ab
1670 2119 1792 2176 curiosis
1806 2120 1850 2175 ln-

93 2214 129 2269 ab
153 2229 228 2269 anno
249 2213 341 2268 aetatis
367 2212 582 2284 undevigesimo
604 2214 640 2268 ad
665 2211 942 2284 duodetrigesimum
998 2217 1130 2268 turorum
1140 2214 1294 2266 eventuum
1304 2209 1522 2282 inquisitoribus
1533 2209 1679 2265 interdum
1690 2211 1852 2265 consulere

93 2316 195 2371 usque,
212 2304 245 2355 ut
258 2300 319 2371 ipse
335 2299 430 2355 innuit
447 2299 530 2355 initio
552 2299 654 2372 capitis
677 2300 763 2372 primi
786 2316 792 2355 :
820 2316 944 2372 quorum
997 2306 1053 2357 tur.
1078 2301 1188 2372 Agebat
1210 2299 1311 2371 perid
1334 2305 1449 2371 tempus
1470 2298 1640 2370 Carthagine
1654 2297 1852 2367 Vindicianus,

93 2387 230 2459 pleraque
244 2387 321 2442 haud
340 2388 427 2443 dubie
448 2388 632 2460 contigerunt
652 2394 718 2460 post
736 2389 798 2460 ejus
819 2388 944 2444 reditum
999 2390 1049 2462 qui
1063 2391 1244 2461 proconsule
1259 2393 1329 2455 erat,
1345 2404 1436 2461 eoque
1452 2387 1852 2458 nominavictociAngustino

94 2476 311 2548 Carthaginem
329 2477 411 2549 qu'us
425 2482 522 2532 tamen
538 2478 616 2532 nulla
634 2481 723 2532 exstat
740 2478 848 2533 montio
862 2478 944 2549 prius
998 2494 1132 2534 coronam
1149 2495 1234 2551 supra
1254 2483 1442 2534 memoratam
1460 2477 1638 2548 imposuerat
1654 2476 1746 2548 (ltid,
1763 2493 1794 2530 n.
1815 2479 1852 2545 5).

94 2581 181 2638 quam
192 2566 285 2637 capite
299 2566 366 2621 libri
379 2566 508 2638 ejusdam
522 2566 654 2638 septimo.
999 2569 1042 2623 vir
1056 2584 1141 2640 sagax
1156 2567 1274 2623 medicae
1289 2567 1357 2623 artis
1371 2567 1569 2639 peritissimus,
1581 2570 1667 2638 atque
1683 2565 1714 2620 in
1724 2582 1759 2620 ea
1768 2565 1852 2621 nobi·

128 2657 156 2710 2.
173 2654 249 2710 Vidit
263 2655 292 2711 in
307 2655 364 2710 illis
378 2656 461 2710 annis
475 2655 646 2727 Carthagine
660 2654 817 2720 hominem,
834 2656 880 2710 cui
895 2657 943 2711 Al·
998 2656 1134 2723 tissimus,
1150 2655 1185 2710 de
1200 2671 1256 2727 quo
1271 2654 1384 2710 disertis
1398 2654 1428 2710 id
1442 2654 1535 2709 verbis
1554 2654 1637 2709 alleri
1653 2670 1660 2708 :
1676 2655 1821 2711 consultus
1835 2670 1852 2708 a

93 2742 199 2799 bicerio
212 2759 330 2805 nomen,
350 2749 430 2799 tanta
450 2744 597 2800 divinandi
617 2744 733 2799 solertia
756 2745 942 2812 celebratum,
999 2745 1126 2814 quodum,
1143 2743 1246 2816 inquit,
1261 2743 1349 2799 dolori
1363 2743 1422 2812 eius
1437 2742 1653 2812 adbiberijussit
1665 2742 1778 2812 quodin
1789 2746 1853 2797 tem-

93 2835 125 2887 ut
139 2848 202 2887 eam
212 2832 249 2887 ob
259 2848 373 2887 causam
384 2848 443 2887 non
452 2832 544 2887 solum
555 2832 591 2887 ab
600 2831 736 2903 imperita
745 2832 941 2899 multitudine,
996 2848 1061 2904 pore
1074 2847 1219 2902 congruere
1232 2831 1390 2897 uidebotnr3
1411 2831 1566 2886 adhibitum
1586 2832 1691 2886 sanitas
1710 2835 1853 2886 consecuto

93 2920 141 2975 sed
164 2919 250 2975 etiam
273 2920 309 2975 ab
331 2920 449 2975 eruditis
471 2919 538 2974 viris
558 2921 766 2975 conveniretur.
790 2920 943 2992 Quidpiam
998 2928 1046 2976 est.
1056 2921 1158 2977 hunde
1167 2924 1227 2990 post
1236 2936 1320 2976 annos
1328 2920 1632 2990 otiquoteodemrursus
1641 2921 1850 2990 corporiscnuso

92 3007 169 3062 inter
182 3008 239 3063 alia
252 3008 286 3064 da
301 3009 356 3063 boc
371 3009 460 3064 ariolo
479 3009 629 3064 memorias
645 3008 741 3080 prodit
754 3010 942 3081 Augustinus,
998 3016 1137 3078 commoto,
1153 3011 1200 3065 toc
1214 3010 1285 3065 idem
1299 3011 1345 3064 itte
1355 3011 1467 3080 putauit
1481 3008 1680 3075 adhibendum
1695 3007 1851 3064 adhibitum

95 3097 171 3168 quod
189 3096 343 3151 insolentia
360 3114 411 3151 sua
432 3103 460 3153 et
479 3097 677 3168 magnitudine
699 3096 785 3153 tidem
809 3115 944 3171 superare
997 3101 1078 3156 uertit
1091 3101 1122 3154 in
1133 3099 1221 3169 pejus.
1241 3101 1359 3154 lllirutus
1381 3100 1498 3152 recurrit
1519 3097 1557 3151 od
1576 3097 1719 3164 medicum,
1746 3097 1850 3152 indicat

94 3183 233 3238 videatur.
251 3185 321 3239 Nam
336 3201 394 3240 uno
409 3201 443 3239 ex
458 3185 611 3256 Augustini
625 3185 772 3256 discipulis
783 3202 849 3241 eum
859 3188 944 3242 laces·
997 3190 1110 3256 sactum.
1130 3189 1170 3243 At
1185 3189 1240 3254 itte,
1262 3192 1366 3243 uteret
1380 3189 1539 3255 cemimus,
1556 3190 1597 3242 ito
1611 3186 1772 3257 respondit:
1788 3188 1851 3243 ldeo

95 3276 173 3326 sente
195 3288 228 3326 ac
248 3273 412 3344 petulanter
435 3278 554 3344 rogante
577 3277 608 3327 ut
630 3273 754 3329 ediceret
775 3274 942 3343 Albicerius,
997 3279 1067 3332 mute
1080 3281 1204 3347 acceptus
1219 3292 1255 3345 es,
1273 3279 1340 3346 quio
1355 3292 1402 3344 ego
1415 3293 1467 3332 nou
1481 3278 1571 3346 jussi,·
1589 3282 1620 3331 ut
1632 3292 1722 3332 omnes
1737 3278 1786 3346 qui
1798 3293 1848 3331 un·

94 3361 163 3433 quid
177 3360 238 3433 ipse
256 3361 306 3434 qui
321 3361 441 3433 rogabat
453 3377 548 3416 secum
565 3361 662 3416 animo
676 3361 778 3417 tacitus
794 3364 918 3420 volverat
934 3383 941 3421 :
998 3366 1110 3431 dissent,
1123 3381 1276 3436 purumque
1294 3366 1429 3420 bominem
1442 3370 1560 3432 nossent,
1577 3380 1630 3420 non
1644 3380 1702 3419 eum
1717 3370 1777 3420 orte
1795 3381 1847 3420 me·

93 3449 204 3522 Virgilii
218 3467 331 3505 versum
355 3466 421 3506 eum
445 3451 571 3522 cogitare
591 3450 750 3522 respondit.
773 3451 854 3516 Quod
877 3469 943 3509 cum
997 3455 1112 3510 diciuoli
1124 3453 1216 3524 fidae,
1230 3453 1278 3509 sed
1290 3457 1378 3509 risseio
1393 3471 1448 3524 ouo
1463 3456 1561 3510 illicito
1573 3457 1695 3525 potentio
1707 3458 1846 3524 putarent.

92 3538 214 3594 inficiari
241 3556 299 3594 non
327 3544 424 3611 posset
450 3541 626 3610 adolescens,
654 3539 781 3611 perrexit
802 3557 942 3613 quaerere,
999 3542 1073 3598 Unde
1087 3558 1146 3596 cum
1159 3542 1429 3612 essetoquibusdom
1441 3547 1534 3613 posteo
1547 3543 1716 3613 stupentibus
1731 3545 1846 3598 interro·

94 3627 225 3700 quisnam
241 3627 265 3682 is
280 3645 377 3684 versus
391 3634 466 3683 esset
489 3645 495 3684 :
518 3627 675 3685 Albicerius
696 3629 826 3700 quamvis
847 3646 942 3702 gram-
996 3636 1087 3700 potus,
1102 3633 1210 3702 operuit
1224 3630 1296 3700 qrrod
1306 3647 1359 3686 non
1373 3632 1571 3701 intelleaerunt,
1586 3631 1762 3686 uidelicetitii
1770 3633 1847 3686 atati

92 3718 204 3774 maticoe
219 3718 343 3772 scholam
357 3718 402 3772 vix
416 3717 556 3772 transiens
569 3717 685 3773 vidisset
699 3717 862 3790 aliqnando,
880 3736 942 3774 ver·
992 3720 1054 3789 jam
1068 3735 1122 3774 uon
1135 3722 1183 3775 boc
1197 3735 1225 3774 se
1237 3721 1325 3786 notem
1335 3720 1592 3790 jussurumth'pist.
1608 3721 1669 3787 138,
1683 3735 1711 3774 n.
1729 3720 1765 3788 3).
1783 3721 1847 3775 llaec

15 3873 20 3886 ι
92 3823 155 3862 sum
176 3807 271 3878 ipsum
293 3807 428 3860 continuo
448 3807 570 3861 tidenter
584 3811 612 3861 et
630 3807 755 3878 jocunde
770 3807 940 3864 decantavit.
996 3807 1031 3862 de
1048 3806 1214 3863 vindiciano
1228 3807 1405 3879 Augustinus
1421 3824 1428 3863 :
1446 3807 1576 3880 quicum
1592 3808 1622 3862 in
1636 3808 1722 3879 hujus
1736 3808 1791 3863 viri
1806 3807 1846 3863 la-

93 3894 255 3948 Flaecianus
269 3910 384 3965 quoque
402 3894 446 3948 vir
469 3894 652 3962 clarissimus,
676 3896 727 3966 qui
744 3897 942 3966 proconsulari
995 3895 1189 3952 miliaritatem
1213 3913 1273 3952 sesa
1295 3896 1421 3969 penitius
1447 3897 1631 3964 insinuasset,
1655 3897 1739 3969 eique
1762 3913 1846 3952 suum

92 3980 257 4036 munerein
273 3981 497 4036 Airicaiunctus
516 3985 568 4049 est,
584 3997 649 4036 cum
665 3980 803 4037 deiundo
820 3984 941 4039 emendo
996 4002 1064 4057 arga
1093 3985 1343 4042 Genethliacorum
1371 3986 1459 4041 libros
1489 3986 1616 4041 studium
1644 3985 1674 4040 in
1702 3985 1846 4058 colloquio

91 4070 238 4143 cogitaret,
254 4070 385 4141 quaesivit
405 4086 438 4124 ex
460 4069 560 4125 eodem
579 4070 731 4138 Albicerio,
754 4077 886 4143 possetne
900 4074 942 4128 in·
995 4074 1173 4146 aperuisset,
1201 4075 1273 4130 nihil
1299 4075 1347 4130 ille
1374 4075 1519 4147 reliquum
1547 4075 1632 4138 lecit,
1662 4090 1720 4147 quo
1749 4074 1844 4130 adole·

91 4159 164 4216 itum
177 4177 195 4214 a
209 4177 239 4214 se
251 4160 285 4215 de
299 4175 330 4213 re
344 4159 471 4231 gerenda
480 4158 631 4215 consilium
645 4159 755 4231 aperire
768 4175 775 4214 ε
786 4160 834 4215 ille
846 4161 941 4217 statim
995 4168 1120 4218 scantem
1146 4163 1181 4218 ab
1205 4163 1397 4220 ludificatoria
1417 4168 1477 4219 arta
1501 4168 1645 4230 avocaret;
1670 4162 1796 4234 benigne
1814 4180 1845 4218 ac

91 4254 119 4305 et
132 4248 242 4322 negotii
255 4265 355 4322 genus,
370 4252 398 4303 et
410 4248 506 4320 ipsum
516 4248 598 4304 tundi
611 4265 715 4303 nomen
726 4249 941 4320 pronuntiavit;
994 4256 1111 4323 paterne
1125 4253 1199 4325 (erat
1214 4252 1291 4308 enim
1312 4253 1357 4307 vir
1378 4252 1407 4307 ie
1426 4252 1565 4324 temporis
1587 4251 1744 4307 admodum
1763 4255 1844 4306 asten

91 4355 156 4394 cum
177 4338 218 4393 ita
238 4343 312 4393 esset
328 4338 497 4404 absurdum,
517 4337 608 4393 utvix
623 4337 685 4408 ejas
701 4336 863 4393 Flaccianus
879 4338 940 4411 ipse
994 4342 1155 4413 provectus)
1187 4358 1254 4398 eum
1285 4342 1463 4408 adhortatus,
1496 4345 1529 4396 ut
1561 4358 1596 4395 ne
1629 4356 1727 4396 curam
1759 4345 1844 4412 atque

90 4426 276 4483 meminisset.
296 4425 459 4482 Flaccianus
478 4429 585 4492 tamen,
603 4425 661 4480 alta
679 4429 774 4480 menta
789 4427 937 4497 preditus,
994 4445 1111 4502 operam
1133 4429 1219 4485 rebus
1240 4429 1359 4485 utilibus
1378 4428 1577 4496 necessariam,
1596 4427 1714 4483 vanitati
1732 4425 1775 4482 illi
1788 4427 1844 4483 iru-

89 4515 160 4570 illud
175 4514 358 4570 divinationis
371 4530 462 4587 genus
480 4514 638 4578 deridebat,
656 4515 734 4586 quod
749 4515 874 4587 cuipiam
889 4518 939 4572 ab·
993 4521 1051 4573 stra
1075 4519 1264 4590 impenderet.
1287 4518 1388 4573 Aiebat
1410 4533 1439 4573 se
1460 4533 1575 4590 quoque
1599 4517 1679 4572 inani
1699 4517 1767 4572 huic
1788 4521 1843 4571 stu·

86 4603 243 4678 jectissimo
265 4603 378 4675 spiritui
399 4604 556 4671 tribuebat;
582 4620 639 4675 quo
661 4603 709 4659 ille
730 4604 855 4674 aillatus,
879 4605 940 4660 haec
994 4606 1041 4662 dio
1057 4623 1148 4678 usqua
1162 4606 1234 4660 adeo
1246 4606 1307 4677 jam
1326 4606 1392 4661 inde
1410 4623 1427 4661 a
1447 4607 1540 4678 prima
1554 4609 1637 4660 atate
1657 4604 1798 4673 deditum,
1813 4608 1845 4660 ut

88 4691 262 4764 respondere
276 4692 373 4748 solitus
388 4697 463 4748 esset
478 4709 485 4747 :
500 4692 607 4765 quippe
619 4708 685 4748 oum
699 4697 743 4748 sat
756 4693 897 4749 acuminis
911 4700 940 4751 et
992 4694 1079 4750 etiam
1090 4711 1123 4750 er
1132 4710 1165 4749 eo
1176 4700 1317 4768 quaestum
1328 4695 1419 4750 iacere
1429 4696 1617 4752 deliberaret:
1630 4710 1728 4750 verum
1739 4698 1844 4750 retecta

88 4779 253 4835 subtilitatis
262 4779 527 4846 insitdaemonibus,
538 4782 625 4838 etiam
635 4782 671 4837 ad
679 4798 714 4836 ea
723 4799 787 4854 quas
795 4782 825 4837 in
833 4799 939 4839 memo·
993 4782 1055 4853 ejus
1070 4782 1138 4837 artis
1157 4782 1257 4839 fraude
1280 4783 1408 4839 animum
1431 4784 1465 4839 ad
1489 4784 1661 4840 medicinam
1684 4784 1842 4855 appulisse;

88 4870 161 4926 riam
175 4872 302 4924 nostram
317 4869 497 4934 incurrerint,
519 4869 726 4942 cognoscenda.
746 4871 951 4936 Quamobrem·
992 4871 1070 4943 qnod
1088 4870 1240 4942 indignum
1256 4873 1408 4944 judicaret,
1425 4872 1594 4928 deludendis
1611 4872 1843 4945 decipiendisque

87 4957 256 5014 hortabatur
269 4973 319 5012 eos
337 4957 387 5029 qui
406 4957 441 5013 da
458 4958 513 5013 hoc
530 4957 647 5013 fatidico
662 4959 860 5031 loquerentur,
876 4959 938 5015 ani·
991 4960 1156 5016 hominibus
1168 4960 1339 5017 victumsibi
1350 4978 1450 5034 parare
1464 4979 1471 5017 ε
1483 4963 1599 5017 tametsi
1609 4962 1844 5034 huicqualicuvn·

87 5064 150 5104 mos
165 5054 196 5104 ut
210 5064 275 5104 suos
288 5047 331 5102 illi
344 5047 515 5103 divinationi
528 5050 708 5121 preferrent,
723 5066 828 5121 eosque
842 5050 884 5106 ita
893 5067 938 5106 ro·
991 5064 1047 5122 que
1061 5049 1219 5120 disciplinas
1234 5050 1425 5122 percipiente
1444 5051 1521 5107 haud
1541 5052 1682 5124 imparem
1705 5067 1734 5105 se
1755 5050 1842 5107 fuisse

86 5139 232 5207 horarent,
248 5142 280 5194 ut
292 5138 395 5194 horum
409 5137 597 5193 invisibilium
608 5138 682 5194 aeris
692 5137 846 5211 spirituum
856 5143 936 5196 natu·
991 5138 1175 5202 existimarat,
1190 5139 1241 5211 qui
1260 5139 1348 5196 libros
1363 5140 1542 5212 Hippocratis
1561 5145 1644 5213 captu
1666 5141 1752 5212 longe
1770 5139 1843 5196 difli-

86 5244 148 5283 ram
170 5232 288 5300 possent
310 5225 521 5283 transcendere.
545 5227 640 5298 quue
665 5226 775 5283 facilius
799 5227 826 5282 id
850 5244 935 5284 omne
989 5227 1843 5303 cillicimossinemaguonegotiolegieset,atqueintellexis·

86 5315 162 5370 cradi
188 5317 300 5388 poterat
323 5313 462 5370 daemonis
490 5329 550 5367 esse
576 5312 745 5386 ludibrium,
772 5316 849 5388 qnod
875 5332 934 5373 non
988 5323 1032 5374 set
1048 5334 1054 5373 :
1070 5333 1128 5390 quo
1141 5318 1233 5389 magis
1245 5317 1287 5374 illi
1300 5317 1458 5387 videbatur,
1469 5319 1663 5391 Augustinum
1675 5334 1710 5374 ea
1719 5318 1842 5390 abjicere

85 5403 216 5458 omnium
232 5405 319 5461 modo
338 5401 523 5459 scientiarum
544 5402 776 5474 imperitissimus
800 5409 860 5460 erat
881 5406 935 5462 iste
989 5406 1104 5475 debere,
1115 5406 1151 5461 ad
1161 5423 1226 5480 quse
1235 5406 1369 5462 sectanda
1379 5407 1458 5462 nulla
1466 5407 1508 5463 rei
1517 5407 1841 5463 familiarisnecessitata

84 5488 251 5558 Albicerius,
274 5492 322 5549 sed
345 5490 432 5548 etiam
456 5488 573 5562 llagitiis
591 5495 677 5562 atque
698 5491 777 5547 omni
795 5492 932 5549 dedecore
987 5494 1282 5570 adigeretur;quippe
1292 5496 1339 5551 cui
1348 5501 1587 5568 proestoassetars
1595 5497 1748 5564 rhetorica,
1757 5497 1840 5569 cujus
