3884 6112
102 237 173 292 1355
585 232 633 289 DE
651 231 809 290 boninus
829 226 1116 297 utnlclimoliuit,
1137 224 1165 282 S.
1186 224 1381 284 tuebuntur

98 373 157 414 non
171 361 214 413 est
226 376 234 424 ;
245 370 298 411 nac
312 358 465 410 renovatur
477 355 573 411 anima
590 370 642 426 per
655 370 753 410 veram
762 353 950 425 religionem,
1011 353 1107 405 autem
1123 350 1256 406 nocitura
1268 353 1409 414 sret‚non
1429 363 1499 403 esse
1513 345 1609 402 illam
1623 347 1815 404 natnraminai

9 446 13 454 '
97 447 166 518 quia
179 446 336 500 inveterata
350 459 408 498 non
423 448 480 512 est3
498 460 550 499 nec
558 443 712 514 signaculis
727 443 827 499 vestris
836 443 947 516 perlici·
1005 438 1148 511 ptibilem,
1163 438 1369 511 qualisnatura
1384 437 1440 493 Dei
1456 452 1526 492 essa
1543 434 1692 492 debebat.
1705 437 1815 510 lnbaaq

97 542 155 603 tur,
171 534 238 606 quia
256 532 382 603 perfecta
397 538 457 599 est;
479 548 532 586 nec
547 531 573 586 ai
594 532 670 587 Deus
692 547 776 603 opem
800 531 864 599 tert,
880 529 952 603 quia
1005 528 1098 583 stione
1111 544 1173 583 non
1185 526 1276 582 debiit
1289 526 1340 600 qui
1353 526 1479 594 diceret,
1497 541 1568 581 non
1591 525 1693 581 Deum
1706 527 1782 581 malo
1793 543 1815 582 ci

97 640 157 681 non
169 622 293 693 indiget,
309 637 360 676 nec
372 621 500 675 medicus
510 624 553 675 est
568 620 705 687 Christus,
721 621 790 692 quia
802 636 872 674 sana
885 624 948 675 est:
1005 616 1141 686 voluisse,
1164 620 1215 672 aut
1234 631 1271 672 ne
1291 615 1347 671 sibi
1368 619 1538 671 noceretur
1554 613 1687 682 casiam,
1714 614 1764 671 aed
1776 631 1815 686 pri

97 729 150 768 nec
163 712 247 767 beata
259 709 285 763 ei
296 709 355 764 vita
370 713 445 764 recte
459 709 650 780 promittitur.
664 709 740 775 Quid
756 708 833 780 quod
850 707 951 765 libera·
1005 706 1164 760 naturalem
1179 705 1336 760 bonitatem
1349 720 1434 760 suam
1446 703 1607 775 inquieta».
1617 704 1815 777 'perverseque

98 805 143 856 tor
157 799 260 854 dicitur
280 798 371 865 tosus,
387 798 465 868 quod
479 801 508 853 at
530 796 639 868 ipsein
658 796 811 868 Evangelio
826 798 949 852 clamat:
1005 797 1088 857 turia,
1107 798 1139 848 ut
1159 793 1290 849 ordinata
1312 797 1385 848 esset
1403 792 1558 864 prodesse
1585 792 1733 847 voluisse.
1753 793 1807 849 lion

98 890 129 946 St
146 903 192 942 uos
205 888 294 942 Filius
310 886 475 953 liberaverit,
494 891 633 942 luncueve
652 887 732 942 libert
746 887 846 942 eri'tt's‘l
859 886 949 956 (ioan.
1004 886 1108 936 sonant
1124 881 1192 936 libri
1206 880 1507 949 manichaei30avisse
1530 882 1637 936 Deum
1655 895 1696 936 ne
1710 881 1815 937 invadet

97 976 228 1045 vn1,3ti.)
245 977 278 1030 lit
295 975 441 1046 apostolus
464 976 569 1030 Paulus
597 976 656 1030 ait:
685 978 737 1033 Vos
749 977 780 1030 in
801 976 952 1031 libertatern
1004 969 1040 1024 ab
1054 968 1193 1038 hostibus,
1208 969 1365 1043 sepissime
1379 970 1421 1027 ihi
1443 970 1659 1042 significatur,
1674 970 1815 1043 saepisiiui

96 1064 410 1134 cocatiesttstaatais,
431 1065 480 1134 is).
496 1064 589 1119 Servii
602 1080 670 1135 ergo
683 1064 780 1119 anima
794 1080 859 1136 qum
867 1063 951 1119 istam
1005 1058 1089 1114 citur.
1113 1058 1168 1115 Sed
1185 1059 1374 1115 concedamus
1390 1060 1450 1115 ista
1475 1059 1692 1115 llanichaeum
1712 1060 1815 1116 sensisti

96 1155 259 1210 libertatem
273 1153 403 1207 nondum
419 1157 462 1207 est
473 1158 611 1208 assecuta.
629 1154 703 1208 Deus
713 1152 892 1225 igiturvobis
902 1168 948 1207 an·
1004 1146 1053 1202 ille
1068 1147 1189 1215 dicabat,
1216 1147 1267 1220 qui
1286 1164 1346 1203 non
1359 1147 1539 1204 inveniebat
1565 1148 1653 1203 aliud
1669 1149 1751 1220 quod
1763 1148 1815 1205 dieu

98 1243 235 1311 oloribus,
250 1240 393 1314 siquidem
408 1257 475 1312 pars
494 1241 544 1295 Dei
565 1245 608 1296 est
622 1242 697 1296 Deus
711 1246 739 1296 et
752 1240 873 1296 stultitia
887 1255 949 1296 eor-
1004 1235 1137 1290 numista
1146 1235 1256 1291 ratione
1271 1238 1370 1292 lleusa
1382 1237 1570 1292 crudelitate
1586 1241 1643 1292 aut
1653 1236 1812 1293 infirmitate

98 1331 254 1403 rumpitur,
279 1336 307 1385 et
324 1329 451 1384 cadendo
479 1332 608 1384 mutatus
623 1333 675 1396 est,
696 1333 725 1383 et
738 1329 842 1384 amissa
856 1328 949 1401 perie-
1003 1322 1153 1379 funditur?
1165 1324 1428 1397 Heccnimejusiu
1443 1326 1614 1381 adversam
1628 1326 1815 1397 gentemboni

97 1418 189 1473 ctione
203 1417 333 1482 violatus,
358 1418 386 1470 cl
400 1416 464 1486 opis
483 1415 603 1487 indiget,
628 1416 769 1472 etdebilis
793 1417 906 1480 morbo,
923 1420 952 1471 et
1004 1411 1111 1469 insuos
1125 1413 1233 1468 exstitit
1246 1429 1350 1486 magna
1363 1413 1530 1486 pernicies.
1554 1415 1624 1469 Huc
1639 1413 1764 1485 accedit,
1778 1416 1815 1486 qia'

98 1520 251 1576 oppressus
263 1503 390 1565 miseria,
407 1507 435 1556 et
448 1502 584 1558 servitute
596 1507 729 1575 turpatus
744 1507 796 1559 est.
1004 1504 1108 1555 natura
1122 1501 1199 1556 illius
1208 1501 1354 1574 corrumpi
1362 1501 1618 1575 commutarique
1635 1518 1703 1558 non
1714 1508 1808 1574 posset

133 1595 179 1648 23.
195 1591 276 1657 Quod
290 1590 314 1645 si
324 1590 375 1646 llei
389 1606 457 1661 pars
471 1591 546 1645 Deus
559 1606 621 1646 non
635 1595 691 1659 est;
703 1608 755 1647 nec
767 1591 952 1665 incorruptus
1004 1604 1057 1644 nos
1073 1589 1130 1645 ulla
1143 1589 1230 1661 pestis
1243 1594 1436 1646 commutaret
1445 1595 1545 1664 atque
1559 1595 1814 1664 corrumperent

24 1751 26 1756 s
97 1684 193 1751 potest
209 1694 281 1747 esse,
296 1680 327 1734 in
342 1679 423 1750 cujus
437 1683 519 1750 parte
535 1680 682 1752 corruptio
696 1683 754 1747 est;
771 1697 824 1736 nec
838 1680 950 1737 iueom-
1005 1677 1076 1733 ordo
1094 1678 1145 1751 qui
1158 1683 1269 1735 naturas
1283 1679 1385 1736 abenas
1408 1680 1613 1752 praestandus
1628 1680 1701 1750 tuit,
1718 1684 1815 1753 possiti

98 1772 237 1836 mutatus,
253 1768 303 1840 qui
317 1784 352 1822 ax
367 1768 464 1840 aliqua
479 1772 559 1839 parte
574 1773 702 1824 mutatus
715 1772 774 1841 est;
791 1786 845 1825 nec
857 1768 951 1825 invio-
1004 1771 1101 1822 nostra
1115 1769 1299 1840 perversitate
1314 1769 1457 1841 prestari.

97 1859 182 1924 latus,
203 1857 253 1929 qui
274 1873 334 1913 non
357 1873 391 1912 ex
409 1857 489 1912 omni
504 1863 584 1930 parta
598 1857 759 1931 perlectns;
783 1876 877 1932 neque
890 1876 950 1916 non
1039 1856 1087 1910 26·
1111 1855 1187 1911 Illud
1210 1871 1277 1912 vero
1299 1857 1430 1912 nondum
1452 1856 1580 1912 dictum
1607 1862 1689 1927 erat,
1706 1859 1815 1931 quodni

97 1946 241 2019 indigens,
252 1946 303 2018 qui
318 1945 485 2018 seduloagit
495 1946 591 2002 nisibi
602 1946 948 2018 restituatpartemsnam;
1005 1942 1083 2014 apud
1108 1943 1307 2016 Carthaginem
1329 1944 1429 2000 audivi
1454 1943 1513 2017 (α).
1546 1947 1628 2002 Cum
1652 1947 1737 2003 enim
1759 1945 1815 2019 quit

99 2050 151 2091 nec
177 2035 296 2090 omnino
311 2049 408 2102 sanus,
427 2033 581 2106 quialiqua
591 2038 672 2106 parte
685 2031 822 2088 imbecilli
831 2036 887 2099 est3
898 2046 951 2087 nso
1004 2047 1092 2103 quem
1101 2033 1226 2088 maxime
1235 2032 1285 2088 illo
1295 2049 1390 2088 errore
1400 2034 1495 2104 cupio
1508 2034 1720 2106 liberari,liac
1729 2034 1815 2108 quasti

97 2123 290 2190 beatissimus,
302 2122 352 2194 qui
361 2123 448 2178 habet
461 2122 586 2194 aliquem
598 2127 710 2194 partam
725 2122 883 2193 subjectam
897 2119 951 2175 mi·
1003 2118 1035 2174 in
1049 2120 1164 2176 easdam
1178 2121 1414 2193 compingeretur
1429 2123 1610 2193 angustias,
1621 2140 1717 2180 ausus
1729 2121 1815 2180 esitii

97 2213 196 2282 seriae;
213 2228 266 2266 nec
281 2211 399 2266 omnino
413 2210 496 2277 liber,
521 2211 602 2283 cujus
621 2227 687 2282 pars
700 2210 795 2282 aliqua
811 2207 951 2283 premitur
1004 2208 1244 2280 scilicetragnum
1257 2208 1658 2280 habuissequosdamfines
1671 2210 1815 2284 suos,qai1

99 2301 245 2356 servitute.
261 2299 326 2353 lloec
341 2298 438 2353 omnia
452 2297 590 2370 cogimini
609 2298 714 2369 dicere,
730 2314 796 2354 cum
810 2298 949 2369 animam,
1004 2299 1068 2352 sent
1080 2295 1177 2351 invadi
1188 2314 1205 2352 a
1216 2302 1301 2368 gente
1311 2296 1476 2366 annuatim
1495 2313 1577 2353 nam
1589 2299 1700 2371 ipsum
1710 2301 1815 2355 Deumn

98 2403 187 2459 quam
201 2386 289 2441 tantis
303 2386 442 2441 obrutam
459 2385 669 2442 calamitatibus
693 2385 821 2457 cernitis,
838 2390 949 2458 partem
1004 2384 1091 2441 modo
1104 2384 1233 2456 potiiisse
1257 2384 1367 2441 violari.
1383 2385 1441 2442 Sed
1456 2385 1542 2443 dixit
1557 2388 1648 2461 quod
1679 2405 1772 2461 neque
1783 2403 1815 2443 aiii

97 2475 150 2530 Del
175 2489 237 2529 essa
254 2472 421 2545 perhibetis.
447 2474 512 2528 lice
533 2479 562 2529 et
585 2475 678 2531 multa
700 2474 899 2546 hujuscemodi
914 2475 949 2531 de
1003 2471 1051 2528 ille
1071 2478 1164 2530 vester
1178 2475 1237 2529 ullo
1258 2473 1344 2530 modo
1357 2473 1454 2530 dicere
1466 2478 1815 2548 cogereturividereta

98 2561 316 2618 sectavcstrasi
332 2559 449 2632 potestis
467 2561 951 2628 auferre,tuncdemnmdic1teos
1002 2561 1123 2617 tortasse
1144 2567 1350 2634 consequentes
1372 2562 1477 2618 ruinas
1499 2581 1571 2620 suae
1611 2570 1705 2623 sectis
1726 2567 1802 2622 mallo

98 2655 224 2706 vesunm
245 2664 341 2704 carere
351 2647 546 2720 blasphemiis.
560 2651 621 2705 lmo
644 2654 750 2706 sectam
764 2650 844 2706 illam
866 2651 948 2706 dess-
1003 2650 1078 2705 lianc
1092 2651 1276 2720 sententiam,
1286 2667 1436 2724 quamper
1445 2652 1547 2708 aliam
1561 2655 1730 2712 faciliores.
1743 2657 1815 2712 Etru

97 2742 171 2796 rite:
187 2754 256 2794 uam
268 2736 292 2792 si
303 2738 358 2792 hoc
372 2737 448 2808 quod
464 2737 513 2793 ille
528 2737 640 2809 scripsit
652 2739 818 2796 destiteritis
832 2740 948 2796 credere
1002 2737 1043 2793 ita
1056 2755 1085 2795 sc
1099 2738 1154 2795 hoc
1164 2739 1261 2808 habel,
1274 2744 1307 2795 ul
1320 2738 1345 2794 si
1359 2739 1526 2812 quisquam
1543 2744 1716 2800 mediocris
1734 2743 1810 2800 niti

98 2827 250 2896 aedicere,
266 2825 419 2882 manichaei
433 2825 533 2898 ntique
547 2843 608 2882 non
618 2827 706 2883 eritis.
1001 2825 1087 2882 dierit
1099 2826 1132 2883 in
1144 2831 1247 2883 natura
1261 2827 1311 2882 illa
1322 2828 1409 2884 tuisse
1420 2829 1509 2887 alind
1521 2830 1687 2906 violabile,
1702 2833 1773 2890 alind
1783 2832 1815 2887 ivi

133 2912 176 2966 at.
190 2910 343 2966 Summum
356 2908 606 2977 bonumomnino,
621 2913 650 2965 et
663 2915 795 2982 quo'esse
811 2911 947 2985 auteogi·
1001 2914 1097 2984 labile,
1109 2915 1191 2972 facile
1212 2916 1352 2989 intelligat
1366 2932 1427 2972 non
1450 2918 1523 2989 jam
1551 2921 1648 2990 duas,
1665 2923 1718 2979 sad
1744 2928 1815 2979 baia

96 2999 153 3055 tari
164 2999 268 3054 melius
280 2997 352 3052 nibil
360 2997 460 3068 possit,
474 2997 749 3070 autintelligendus,
764 3004 814 3055 aut
827 2999 947 3056 credan-
1000 3005 1127 3070 naturas,
1143 3020 1233 3059 unam
1245 3003 1454 3074 inviolabilem,
1470 3007 1616 3066 alteram
1631 3010 1815 3079 violabilem

98 3088 152 3143 dns
166 3088 241 3142 Deus
256 3090 308 3152 est,
325 3085 349 3140 si
363 3086 549 3157 blasphemiis
565 3102 662 3142 carere
677 3086 845 3158 cogitamus.
862 3087 946 3144 Ratio
1002 3089 1072 3145 tiam
1087 3092 1276 3149 violatricem.

96 3176 194 3246 aliqua
207 3189 397 3230 numerorum
416 3173 518 3229 violari
532 3179 562 3229 et
581 3175 753 3231 commutari
767 3177 847 3231 nullo
862 3181 946 3248 pacto
1000 3179 1114 3235 CAPUT
1130 3181 1247 3238 lllll.-
1259 3183 1320 3240 Noii
1339 3197 1373 3236 aa
1393 3180 1479 3238 rebus
1492 3184 1549 3239 sed
1568 3201 1610 3241 aar
1626 3187 1815 3254 interitionem

94 3267 199 3337 potest,
214 3277 268 3317 nec
283 3261 339 3316 ulla
354 3264 457 3316 natura
471 3261 599 3333 qualibet
621 3262 756 3318 violentia
776 3263 901 3320 elicuerit
914 3268 947 3320 ut
1034 3271 1223 3326 estimantur:
1240 3272 1302 3326 lituo
1311 3270 1586 3331 deManictiaaorum
1602 3276 1815 3345 abstinentiam

95 3357 262 3424 postunum
275 3348 325 3421 qui
340 3348 470 3420 sequitur
480 3364 626 3419 numerus,
642 3351 798 3423 nouduplo
813 3352 945 3408 eiconci·
1035 3358 1100 3414 dum
1112 3358 1260 3428 judiciuin.

95 3444 153 3497 nat.
169 3441 226 3495 lloc
239 3437 409 3493 commutari
428 3437 508 3493 nullo
522 3443 605 3509 pacto
619 3441 721 3510 potest,
735 3445 763 3495 et
777 3441 945 3498 Deusavo·
1033 3449 1077 3502 27.
1094 3449 1143 3503 llae
1156 3448 1246 3520 igilur
1262 3447 1460 3520 blasphemiae,
1483 3465 1560 3507 cum
1582 3469 1604 3508 a
1626 3452 1815 3527 cordeprotet

94 3530 137 3587 bis
157 3526 369 3584 commutabilis¹
384 3525 508 3583 diciturl
530 3528 620 3582 Tenet
638 3526 778 3583 istaratio
791 3529 946 3586 iuviolabi-
998 3535 1126 3606 quotidie
1148 3536 1178 3591 iii
1205 3552 1254 3593 ore
1279 3542 1372 3593 vestro
1385 3536 1540 3608 habitent,
1557 3542 1701 3601 desinite
1728 3544 1815 3616 aliqva

90 3619 152 3675 l'cm
161 3616 354 3689 integritatem
364 3630 457 3682 suam,
469 3619 498 3669 et
513 3615 539 3670 ei
554 3616 656 3672 saltmn
665 3632 765 3688 parem
776 3619 868 3674 lleiim
883 3635 945 3676 essa
998 3623 1178 3695 signaculum
1200 3625 1258 3680 oris
1283 3625 1380 3693 vestri,
1402 3626 1439 3682 ad
1453 3625 1688 3700 imperitorum
1706 3630 1815 3689 ittarta

92 3723 153 3763 non
164 3705 266 3761 vultis!
286 3703 380 3759 Faciat
393 3703 531 3775 quaelibet
545 3720 615 3776 gens
628 3704 822 3774 tenebrarum,
842 3709 875 3762 ut
887 3710 945 3762 ter·
998 3712 1081 3783 quasi
1093 3728 1232 3785 magnum
1243 3712 1350 3786 aliquid
1360 3714 1540 3786 predicare.
1555 3720 1630 3776 Nisi
1640 3722 1720 3778 torte
1733 3719 1815 3795 quoti

94 3793 192 3848 narius
215 3789 404 3861 intelligibilis
425 3805 574 3859 numerus,
597 3791 628 3846 in
643 3808 700 3863 quo
714 3792 754 3847 ita
777 3809 870 3848 unum
889 3797 942 3861 est,
997 3800 1146 3856 vescimini
1155 3802 1300 3873 carnibus,
1316 3808 1345 3859 at
1356 3802 1458 3858 vinum
1475 3821 1542 3862 non
1559 3808 1686 3879 bibitis,
1700 3807 1815 3884 sigerat

93 3880 170 3953 quod
180 3893 273 3933 unum
287 3881 340 3941 est,
357 3880 389 3931 ut
402 3877 533 3946 partibus
548 3883 664 3947 careat3
679 3880 764 3935 iaciat
782 3897 851 3953 ergo
874 3897 944 3954 gens
998 3888 1056 3943 oris
1074 3889 1239 3946 mirandum
1256 3894 1285 3947 et
1299 3890 1482 3947 laudandum
1497 3897 1637 3966 putatis.
1655 3901 1738 3965 Quod
1751 3913 1815 3972 quan

91 3969 146 4023 ista
161 3966 357 4032 tenebrarum,
373 3967 405 4018 ut
426 3979 565 4020 numerus
585 3965 638 4022 iste
657 3968 800 4024 ternarius
826 3969 857 4023 in
872 3970 943 4027 duas
997 3977 1148 4050 vobisque
1163 3977 1348 4034 flneladmis.
1372 3979 1449 4034 Finis
1471 3983 1563 4041 enim
1582 4003 1650 4059 quo
1667 3990 1814 4046 referum

92 4059 189 4127 partes
202 4053 328 4125 equales
337 4050 492 4107 dividatur.
503 4052 588 4109 Videt
600 4059 677 4110 certe
691 4071 773 4111 mans
782 4057 944 4114 vestrannl·
997 4082 1063 4138 quae
1077 4067 1209 4137 facimus,
1223 4067 1253 4123 id
1264 4072 1306 4123 est
1320 4073 1438 4140 propior
1460 4085 1563 4142 quom
1583 4077 1719 4135 facim,
1738 4076 1815 4152 quq,

92 4143 148 4200 lius
161 4144 190 4199 id
213 4140 415 4197 malevolentia
439 4156 523 4212 possa
538 4142 716 4215 confingere.
732 4144 802 4209 Qua
814 4161 882 4217 ergo
892 4162 943 4201 ra-
995 4155 1125 4220 sacimus,
1136 4155 1159 4210 si
1173 4171 1232 4211 non
1246 4157 1338 4211 solum
1353 4155 1562 4230 inculpabilis,
1577 4166 1737 4225 „dogm
1748 4164 1815 4224 hug,

91 4234 201 4290 tionem
211 4229 327 4287 numeri
336 4229 445 4283 violare
455 4243 514 4284 non
524 4233 646 4301 potarat,
663 4236 775 4304 poterat
792 4234 903 4290 Deum?
912 4234 942 4290 Si
998 4243 1032 4299 lis
1046 4244 1139 4307 fucrit,
1154 4249 1223 4299 tunc
1236 4244 1355 4301 demum
1370 4244 1459 4301 etiam
1486 4247 1573 4308 faci,
1589 4261 1699 4313 nost„
1715 4257 1815 4313 lm„

91 4318 943 4394 autemnonpoterat,quoe,obsccro,necessitasfuitutpars
996 4347 1053 4404 qua
1077 4331 1165 4404 digna
1181 4337 1266 4389 suni:
1300 4333 1346 4388 sin
1365 4333 1415 4388 ille
1433 4334 1506 4406 jur,
1528 4343 1715 4418 meritoque
1735 4346 1815 4418 ΝΜ

92 4412 153 4482 ejus
160 4409 327 4466 misceretur
338 4407 422 4474 malo,
434 4410 464 4461 et
472 4405 503 4462 in
515 4411 609 4463 tantas
619 4407 749 4465 miserias
758 4411 942 4467 truderetur?
995 4436 1082 4492 quem
1093 4421 1457 4492 spectamusetiniuemur‚
1470 4440 1546 4483 cum
1556 4429 1596 4486 in
1612 4433 1719 4508 ,liquo
1731 4447 1815 4491 ,em

145 4498 258 4556 CAPUT
270 4497 328 4552 llll.
340 4525 375 4537 -
389 4495 522 4552 Ecctudi't
532 4497 742 4553 manicheorum
755 4498 886 4570 sufficia.
995 4508 1100 4577 officio,
1116 4509 1145 4565 id
1160 4525 1276 4582 quoque
1292 4510 1418 4566 officium
1432 4527 1527 4571 nemo
1540 4516 1815 4593 impmbmdm·

125 4590 170 4641 25.
187 4585 258 4641 ilinc
272 4584 351 4639 enim
373 4582 447 4639 illud
467 4589 599 4640 exortum
614 4589 667 4652 ast,
683 4587 760 4658 quod
774 4587 860 4643 etiam
874 4603 940 4645 cum
994 4596 1213 4669 periuriumque
1225 4597 1409 4655 dubitaverit,

92 4673 217 4772 studiose
229 4688 279 4726 vos
293 4670 470 4771 audiremus,
488 4688 542 4728 nos
555 4673 672 4772 magnis
686 4675 838 4746 premebat
848 4692 939 4749 augu-
1029 4686 1121 4741 iubs
1136 4685 1256 4742 Catilina
1270 4685 1417 4743 memoriae
1432 4691 1605 4759 proditum
1622 4704 1670 4757 est
1689 4702 1770 4775 qaod
1780 4699 1815 4770 trit

90 4766 152 4816 stirs
163 4777 171 4827 3
181 4775 234 4814 nec
242 4759 334 4815 ullum
345 4764 455 4815 exitum
468 4762 692 4832 reperiebamus,
703 4762 940 4835 quaerentesquid

90 4844 199 4899 iactura
210 4846 270 4897 erat
286 4843 344 4898 [leo
359 4860 430 4915 gens
453 4847 650 4910 tenebrarum,
675 4847 699 4902 si
716 4864 781 4903 cum
800 4863 834 4903 ea
847 4848 938 4904 nollet
1026 4858 1063 4921 (a)
1071 4858 1131 4908 Etsi
1138 4860 1337 4924 vox‚nupar,ad
1348 4861 1448 4924 aliquot
1459 4877 1556 4917 annos
1568 4875 1738 4939 porrigatur
1753 4886 1815 4926 mn

89 4932 240 4986 cumtanta
254 4930 343 5001 partis
358 4947 417 4987 suae
427 4934 588 4991 calamitate
601 4951 740 5008 pugnare.
753 4935 783 4991 Si
792 4935 870 4992 anim
880 4952 939 4993 non
992 4921 1815 5064 fffflffifflffiffigffissfflltligffi{liblyffitgffiffi

88 5024 150 5074 erat
163 5016 294 5073 nocitura
308 5017 479 5116 quiescenti,
493 5021 647 5077 crudeliter
670 5022 818 5079 nobiscum
840 5029 937 5081 actum
992 5044 1249 5118 vigilantibusque
1260 5046 1595 5111 cutbagmeaNcbridio
1628 5063 1731 5125 copem
1746 5061 1815 5114 colai

88 5107 290 5180 querebamur,
306 5121 356 5178 qui
369 5106 485 5163 adistis
506 5126 649 5166 aerumnas
664 5111 745 5166 missi
768 5128 886 5168 sumus:
912 5115 937 5170 si
992 5107 1188 5170 ⁰2¹1081m11⁸¹¹1
1200 5107 1271 5159 lul-⁷
1290 5109 1480 5174 C⁰¹1ft³=⁵³·0t²l>·
1497 5116 1524 5173 2,
1537 5130 1572 5168 11·
1589 5122 1606 5170 3
1623 5124 1815 5188 responsoriis

418 5218 422 5228 Ι
479 5220 485 5230 1
701 5223 706 5234 ,
880 5226 886 5237 ³
991 5167 1104 5218 alterum
1114 5182 1161 5233 pro
1169 5170 1321 5220 Manicliaeis
1330 5170 1465 5223 redditum
1481 5187 1555 5240 esse,
1570 5194 1635 5233 non
1649 5187 1800 5249 primatem

87 5224 144 5270 tum
157 5223 278 5293 sanetum
292 5217 466 5284 personaliter
477 5234 505 5270 in
520 5235 548 5293 sa
563 5235 620 5272 esse
626 5224 810 5285 mentiebatur,
826 5239 859 5276 ex
868 5225 935 5278 libro
990 5231 1153 5293 propositasa
1162 5232 1286 5282 Nebridii
1295 5233 1461 5296 questionis,
1472 5241 1524 5288 aut
1533 5253 1573 5292 eo
1582 5257 1645 5308 quo
1656 5248 1779 5300 studio„

87 5282 318 5355 tConiassionum,
331 5295 388 5345 cap.
401 5283 424 5341 5.
437 5295 465 5333 n.
478 5284 502 5333 8.
517 5283 565 5356 llic
578 5289 666 5335 autam
682 5286 760 5350 paulo
775 5292 835 5351 post
847 5289 936 5353 legaii-
990 5291 1077 5342 chaos
1092 5293 1215 5343 audiebat
1232 5294 1405 5358 Augustinus,
1424 5297 1473 5346 sed
1495 5300 1533 5350 ali
1557 5311 1652 5359 uento
1660 5312 1814 5370 recentiore,

85 5344 932 5418 damvidatur,iiecrenouaturanioiapervestramrettptonaiu:
989 5352 1537 5420 ieiunoriumpostipsiusregissaumax
1566 5368 1646 5420 teba.
1660 5372 1742 5430 Quod
1751 5374 1815 5423 stitit

84 5406 201 5478 etpnulo
214 5405 435 5480 interiushabent
465 5406 565 5472 latique
592 5408 740 5475 llis.,qui'o
750 5415 859 5465 mutato
876 5424 934 5465 ttou
989 5414 1057 5466 libro
1071 5416 1134 5467 huic
1147 5417 1238 5468 lioriias
1253 5432 1269 5468 a
1282 5418 1416 5484 asscripto
1430 5419 1527 5474 locum
1543 5425 1629 5482 hunc
1643 5436 1815 5487 secundm

85 5471 141 5528 ast3
156 5468 202 5517 ubi
217 5480 306 5518 excusi
322 5470 422 5521 licerer
450 5482 477 5520 a.
988 5477 1046 5540 ejus
1056 5479 1261 5541 publicationem
1277 5479 1371 5530 differt.

301 5750 372 5761 Aa*
