<?xml version="1.0" encoding="UTF-8"?>
<!DOCTYPE html PUBLIC "-//W3C//DTD XHTML 1.0 Transitional//EN"
    "http://www.w3.org/TR/xhtml1/DTD/xhtml1-transitional.dtd">
<html xmlns="http://www.w3.org/1999/xhtml" xml:lang="en" lang="en">
 <head>
  <title>
</title>
<meta http-equiv="Content-Type" content="text/html;charset=utf-8" />
  <meta name='ocr-system' content='tesseract 3.04.00' />
  <meta name='ocr-capabilities' content='ocr_page ocr_carea ocr_par ocr_line ocrx_word'/>
</head>
<body>
  <div class='ocr_page' id='page_1' title='image "./patrologiaecurs02migngoog/patrologiaecurs02migngoog_0120.png"; bbox 0 0 3884 6112; ppageno 0'>
   <div class='ocr_carea' id='block_1_1' title="bbox 1794 208 1846 260">
    <p class='ocr_par' dir='ltr' id='par_1_1' title="bbox 1794 208 1846 260">
     <span class='ocr_line' id='line_1_1' title="bbox 1794 208 1846 260; baseline 0.038 -2"><span class='ocrx_word' id='word_1_1' title='bbox 1794 208 1846 260; x_wconf 78' lang='lat'>&#39;2¹20</span> 
     </span>
    </p>
   </div>
   <div class='ocr_carea' id='block_1_2' title="bbox 628 167 1242 269">
    <p class='ocr_par' dir='ltr' id='par_1_2' title="bbox 628 167 1242 269">
     <span class='ocr_line' id='line_1_2' title="bbox 628 167 1242 269; baseline -0.015 0"><span class='ocrx_word' id='word_1_2' title='bbox 628 167 631 171; x_wconf 44' lang='grc'><em>’</em></span> <span class='ocrx_word' id='word_1_3' title='bbox 680 211 766 268; x_wconf 78' lang='lat' dir='ltr'><strong><em>vira</em></strong></span> <span class='ocrx_word' id='word_1_4' title='bbox 793 210 820 266; x_wconf 88' lang='grc'><strong><em>4.</em></strong></span> <span class='ocrx_word' id='word_1_5' title='bbox 850 208 1042 269; x_wconf 77' lang='lat' dir='ltr'><strong><em>annosum</em></strong></span> <span class='ocrx_word' id='word_1_6' title='bbox 1072 206 1242 264; x_wconf 83' lang='lat' dir='ltr'><strong><em>nrrseom.</em></strong></span> 
     </span>
    </p>
   </div>
   <div class='ocr_carea' id='block_1_3' title="bbox 89 219 182 270">
    <p class='ocr_par' dir='ltr' id='par_1_3' title="bbox 89 219 182 270">
     <span class='ocr_line' id='line_1_3' title="bbox 89 219 182 270; baseline 0 0"><span class='ocrx_word' id='word_1_7' title='bbox 89 219 140 270; x_wconf 71' lang='grc'><strong>’449</strong></span> <span class='ocrx_word' id='word_1_8' title='bbox 171 240 182 261; x_wconf 85' lang='grc'><em>·</em></span> 
     </span>
    </p>
   </div>
   <div class='ocr_carea' id='block_1_4' title="bbox 86 325 1850 1917">
    <p class='ocr_par' dir='ltr' id='par_1_4' title="bbox 86 325 1850 1917">
     <span class='ocr_line' id='line_1_4' title="bbox 88 325 1847 411; baseline -0.006 -17"><span class='ocrx_word' id='word_1_9' title='bbox 88 338 192 411; x_wconf 86' lang='lat' dir='ltr'><strong><em>inquit,</em></strong></span> <span class='ocrx_word' id='word_1_10' title='bbox 208 336 314 392; x_wconf 88' lang='lat' dir='ltr'><strong><em>elmete</em></strong></span> <span class='ocrx_word' id='word_1_11' title='bbox 327 338 442 392; x_wconf 82' lang='lat' dir='ltr'><strong><em>miserias</em></strong></span> <span class='ocrx_word' id='word_1_12' title='bbox 459 351 532 404; x_wconf 80' lang='lat' dir='ltr'><strong><em>mee,</em></strong></span> <span class='ocrx_word' id='word_1_13' title='bbox 546 338 715 406; x_wconf 81' lang='lat' dir='ltr'><strong><em>agitaveram</em></strong></span> <span class='ocrx_word' id='word_1_14' title='bbox 733 337 763 390; x_wconf 91' lang='lat' dir='ltr'><strong><em>in</em></strong></span> <span class='ocrx_word' id='word_1_15' title='bbox 782 334 870 401; x_wconf 89' lang='lat' dir='ltr'><strong><em>corde,</em></strong></span> <span class='ocrx_word' id='word_1_16' title='bbox 881 349 940 388; x_wconf 92' lang='lat' dir='ltr'><strong><em>me-</em></strong></span> <span class='ocrx_word' id='word_1_17' title='bbox 993 331 1047 399; x_wconf 89' lang='lat' dir='ltr'><strong><em>bis,</em></strong></span> <span class='ocrx_word' id='word_1_18' title='bbox 1063 330 1281 387; x_wconf 72' lang='lat' dir='ltr'><strong><em>vestimentorum</em></strong></span> <span class='ocrx_word' id='word_1_19' title='bbox 1294 333 1457 396; x_wconf 87' lang='lat' dir='ltr'><strong><em>nostrorum,</em></strong></span> <span class='ocrx_word' id='word_1_20' title='bbox 1471 343 1537 383; x_wconf 92' lang='lat' dir='ltr'><strong><em>eum</em></strong></span> <span class='ocrx_word' id='word_1_21' title='bbox 1550 325 1614 382; x_wconf 88' lang='lat' dir='ltr'><strong><em>aliis</em></strong></span> <span class='ocrx_word' id='word_1_22' title='bbox 1630 326 1847 399; x_wconf 87' lang='lat' dir='ltr'><strong><em>comprehendit</em></strong></span> 
     </span>
     <span class='ocr_line' id='line_1_5' title="bbox 87 415 1846 497; baseline -0.007 -14"><span class='ocrx_word' id='word_1_23' title='bbox 87 431 244 497; x_wconf 86' lang='lat' dir='ltr'><strong><em>ditatusque</em></strong></span> <span class='ocrx_word' id='word_1_24' title='bbox 255 429 362 494; x_wconf 71' lang='lat' dir='ltr'><strong><em>sueram</em></strong></span> <span class='ocrx_word' id='word_1_25' title='bbox 371 429 468 496; x_wconf 73' lang='grc'><strong>44344</strong></span> <span class='ocrx_word' id='word_1_26' title='bbox 480 428 509 482; x_wconf 89' lang='lat' dir='ltr'><strong><em>in</em></strong></span> <span class='ocrx_word' id='word_1_27' title='bbox 519 427 705 493; x_wconf 67' lang='lat' dir='ltr'><strong><em>solitudinum</em></strong></span> <span class='ocrx_word' id='word_1_28' title='bbox 718 425 766 481; x_wconf 88' lang='lat' dir='ltr'><strong><em>sed</em></strong></span> <span class='ocrx_word' id='word_1_29' title='bbox 772 423 940 496; x_wconf 85' lang='lat' dir='ltr'><strong><em>prohibuisti</em></strong></span> <span class='ocrx_word' id='word_1_30' title='bbox 992 422 1091 492; x_wconf 83' lang='lat' dir='ltr'><strong><em>(serm.</em></strong></span> <span class='ocrx_word' id='word_1_31' title='bbox 1117 423 1161 485; x_wconf 80' lang='grc'><strong><em>34,</em></strong></span> <span class='ocrx_word' id='word_1_32' title='bbox 1176 434 1207 474; x_wconf 92' lang='lat' dir='ltr'><strong><em>n.</em></strong></span> <span class='ocrx_word' id='word_1_33' title='bbox 1228 417 1268 490; x_wconf 88' lang='grc'><strong><em>0).</em></strong></span> <span class='ocrx_word' id='word_1_34' title='bbox 1292 417 1378 473; x_wconf 82' lang='lat' dir='ltr'><strong><em>atiud</em></strong></span> <span class='ocrx_word' id='word_1_35' title='bbox 1403 432 1518 490; x_wconf 77' lang='lat' dir='ltr'><strong><em>maeque</em></strong></span> <span class='ocrx_word' id='word_1_36' title='bbox 1538 416 1667 488; x_wconf 77' lang='lat' dir='ltr'>gestabat</span> <span class='ocrx_word' id='word_1_37' title='bbox 1686 415 1846 471; x_wconf 77' lang='lat' dir='ltr'>indumenti</span> 
     </span>
     <span class='ocr_line' id='line_1_6' title="bbox 88 505 1845 587; baseline -0.008 -13"><span class='ocrx_word' id='word_1_38' title='bbox 88 535 137 587; x_wconf 91' lang='lat' dir='ltr'><strong><em>mc,</em></strong></span> <span class='ocrx_word' id='word_1_39' title='bbox 152 522 177 573; x_wconf 89' lang='lat' dir='ltr'><strong><em>ct</em></strong></span> <span class='ocrx_word' id='word_1_40' title='bbox 191 517 357 587; x_wconf 70' lang='lat' dir='ltr'><strong><em>confirmasti</em></strong></span> <span class='ocrx_word' id='word_1_41' title='bbox 367 531 410 570; x_wconf 87' lang='lat' dir='ltr'><strong><em>mc</em></strong></span> <span class='ocrx_word' id='word_1_42' title='bbox 424 516 514 571; x_wconf 88' lang='lat' dir='ltr'><strong><em>dicens</em></strong></span> <span class='ocrx_word' id='word_1_43' title='bbox 532 531 538 570; x_wconf 96' lang='lat'><strong>:</strong></span> <span class='ocrx_word' id='word_1_44' title='bbox 555 533 569 566; x_wconf 83' lang='lat' dir='ltr'><strong><em>a</em></strong></span> <span class='ocrx_word' id='word_1_45' title='bbox 584 514 648 570; x_wconf 79' lang='lat' dir='ltr'><strong><em>ideo</em></strong></span> <span class='ocrx_word' id='word_1_46' title='bbox 660 529 711 584; x_wconf 90' lang='lat' dir='ltr'><strong><em>pre</em></strong></span> <span class='ocrx_word' id='word_1_47' title='bbox 724 513 847 569; x_wconf 78' lang='lat' dir='ltr'><strong><em>omatibus</em></strong></span> <span class='ocrx_word' id='word_1_48' title='bbox 860 511 938 568; x_wconf 84' lang='lat' dir='ltr'><strong><em>Chri·</em></strong></span> <span class='ocrx_word' id='word_1_49' title='bbox 994 527 1095 583; x_wconf 88' lang='lat' dir='ltr'><strong><em>genus,</em></strong></span> <span class='ocrx_word' id='word_1_50' title='bbox 1118 508 1258 581; x_wconf 87' lang='lat' dir='ltr'><strong>byrrhum</strong></span> <span class='ocrx_word' id='word_1_51' title='bbox 1279 511 1371 568; x_wconf 82' lang='lat' dir='ltr'><strong><em>vocat,</em></strong></span> <span class='ocrx_word' id='word_1_52' title='bbox 1387 523 1445 580; x_wconf 91' lang='lat' dir='ltr'><strong><em>quo</em></strong></span> <span class='ocrx_word' id='word_1_53' title='bbox 1466 505 1529 561; x_wconf 90' lang='grc'><strong>14444</strong></span> <span class='ocrx_word' id='word_1_54' title='bbox 1551 506 1660 578; x_wconf 88' lang='lat' dir='ltr'><strong><em>pariter</em></strong></span> <span class='ocrx_word' id='word_1_55' title='bbox 1683 506 1845 563; x_wconf 89' lang='lat' dir='ltr'><strong><em>utebantur.</em></strong></span> 
     </span>
     <span class='ocr_line' id='line_1_7' title="bbox 88 593 1847 674; baseline -0.009 -11"><span class='ocrx_word' id='word_1_56' title='bbox 88 612 145 664; x_wconf 84' lang='lat' dir='ltr'><strong><em>stas</em></strong></span> <span class='ocrx_word' id='word_1_57' title='bbox 154 610 275 662; x_wconf 88' lang='lat' dir='ltr'><strong><em>mortuns</em></strong></span> <span class='ocrx_word' id='word_1_58' title='bbox 287 608 326 660; x_wconf 89' lang='lat' dir='ltr'><strong><em>est</em></strong></span> <span class='ocrx_word' id='word_1_59' title='bbox 336 608 366 659; x_wconf 89' lang='lat' dir='ltr'><strong><em>ut</em></strong></span> <span class='ocrx_word' id='word_1_60' title='bbox 376 607 424 674; x_wconf 89' lang='lat' dir='ltr'><strong><em>qai</em></strong></span> <span class='ocrx_word' id='word_1_61' title='bbox 432 607 536 669; x_wconf 84' lang='grc'><strong>444444,</strong></span> <span class='ocrx_word' id='word_1_62' title='bbox 545 604 605 674; x_wconf 81' lang='lat' dir='ltr'><strong><em>jem</em></strong></span> <span class='ocrx_word' id='word_1_63' title='bbox 615 619 668 658; x_wconf 86' lang='lat' dir='ltr'><strong><em>nore</em></strong></span> <span class='ocrx_word' id='word_1_64' title='bbox 678 603 731 658; x_wconf 88' lang='lat' dir='ltr'><strong><em>sibi</em></strong></span> <span class='ocrx_word' id='word_1_65' title='bbox 741 604 847 667; x_wconf 83' lang='lat' dir='ltr'><strong><em>uiuant,</em></strong></span> <span class='ocrx_word' id='word_1_66' title='bbox 858 599 941 655; x_wconf 89' lang='lat' dir='ltr'><strong><em>sedei</em></strong></span> <span class='ocrx_word' id='word_1_67' title='bbox 996 599 1086 656; x_wconf 88' lang='lat' dir='ltr'><strong><em>Habes</em></strong></span> <span class='ocrx_word' id='word_1_68' title='bbox 1100 599 1131 654; x_wconf 91' lang='lat' dir='ltr'><strong><em>in</em></strong></span> <span class='ocrx_word' id='word_1_69' title='bbox 1149 598 1275 670; x_wconf 89' lang='lat' dir='ltr'><strong><em>quodam</em></strong></span> <span class='ocrx_word' id='word_1_70' title='bbox 1291 613 1422 652; x_wconf 82' lang='lat' dir='ltr'><strong>sermone</strong></span> <span class='ocrx_word' id='word_1_71' title='bbox 1435 597 1531 651; x_wconf 89' lang='lat' dir='ltr'><strong><em>locum</em></strong></span> <span class='ocrx_word' id='word_1_72' title='bbox 1546 596 1582 652; x_wconf 87' lang='lat' dir='ltr'><strong><em>de</em></strong></span> <span class='ocrx_word' id='word_1_73' title='bbox 1597 595 1774 651; x_wconf 84' lang='lat' dir='ltr'><strong><em>vestimentis</em></strong></span> <span class='ocrx_word' id='word_1_74' title='bbox 1788 593 1847 667; x_wconf 85' lang='lat' dir='ltr'><strong><em>ejns</em></strong></span> 
     </span>
     <span class='ocr_line' id='line_1_8' title="bbox 89 683 1848 767; baseline -0.009 -16"><span class='ocrx_word' id='word_1_75' title='bbox 89 698 137 766; x_wconf 87' lang='lat' dir='ltr'><strong><em>qui</em></strong></span> <span class='ocrx_word' id='word_1_76' title='bbox 149 710 200 767; x_wconf 89' lang='lat' dir='ltr'><strong><em>pro</em></strong></span> <span class='ocrx_word' id='word_1_77' title='bbox 209 696 277 766; x_wconf 89' lang='lat' dir='ltr'><strong><em>ipsis</em></strong></span> <span class='ocrx_word' id='word_1_78' title='bbox 291 698 413 749; x_wconf 89' lang='lat' dir='ltr'><strong><em>mortuas</em></strong></span> <span class='ocrx_word' id='word_1_79' title='bbox 427 698 466 748; x_wconf 92' lang='lat' dir='ltr'><strong><em>cst</em></strong></span> <span class='ocrx_word' id='word_1_80' title='bbox 480 692 515 764; x_wconf 93' lang='lat' dir='ltr'><strong><em>(ll</em></strong></span> <span class='ocrx_word' id='word_1_81' title='bbox 530 694 589 750; x_wconf 84' lang='lat' dir='ltr'><strong><em>Cor.</em></strong></span> <span class='ocrx_word' id='word_1_82' title='bbox 607 709 632 758; x_wconf 86' lang='grc'><strong><em>4,</em></strong></span> <span class='ocrx_word' id='word_1_83' title='bbox 647 691 700 761; x_wconf 75' lang='lat' dir='ltr'><strong><em>te).</em></strong></span> <span class='ocrx_word' id='word_1_84' title='bbox 718 689 793 745; x_wconf 87' lang='lat' dir='ltr'><strong><em>Nihil</em></strong></span> <span class='ocrx_word' id='word_1_85' title='bbox 804 704 872 760; x_wconf 88' lang='lat' dir='ltr'><strong><em>ergo</em></strong></span> <span class='ocrx_word' id='word_1_86' title='bbox 886 686 940 742; x_wconf 88' lang='lat' dir='ltr'><strong><em>sibi</em></strong></span> <span class='ocrx_word' id='word_1_87' title='bbox 993 703 1060 743; x_wconf 87' lang='lat' dir='ltr'><strong><em>sane</em></strong></span> <span class='ocrx_word' id='word_1_88' title='bbox 1083 685 1321 760; x_wconf 89' lang='lat' dir='ltr'><strong><em>pulcherrimum.</em></strong></span> <span class='ocrx_word' id='word_1_89' title='bbox 1344 687 1434 752; x_wconf 87' lang='lat' dir='ltr'><strong><em>Nemo,</em></strong></span> <span class='ocrx_word' id='word_1_90' title='bbox 1458 685 1564 757; x_wconf 89' lang='lat' dir='ltr'><strong><em>inquit,</em></strong></span> <span class='ocrx_word' id='word_1_91' title='bbox 1583 685 1628 740; x_wconf 89' lang='lat' dir='ltr'><strong><em>det</em></strong></span> <span class='ocrx_word' id='word_1_92' title='bbox 1651 685 1793 755; x_wconf 76' lang='lat' dir='ltr'><strong><em>byrrhum,</em></strong></span> <span class='ocrx_word' id='word_1_93' title='bbox 1808 683 1848 736; x_wconf 86' lang='lat' dir='ltr'><strong><em>rei</em></strong></span> 
     </span>
     <span class='ocr_line' id='line_1_9' title="bbox 88 773 1846 855; baseline -0.008 -15"><span class='ocrx_word' id='word_1_94' title='bbox 88 784 230 855; x_wconf 90' lang='lat' dir='ltr'><strong><em>reliquum</em></strong></span> <span class='ocrx_word' id='word_1_95' title='bbox 246 798 307 837; x_wconf 88' lang='lat' dir='ltr'><strong><em>esse</em></strong></span> <span class='ocrx_word' id='word_1_96' title='bbox 321 780 463 854; x_wconf 82' lang='lat' dir='ltr'><strong><em>cognorit,</em></strong></span> <span class='ocrx_word' id='word_1_97' title='bbox 481 779 536 835; x_wconf 87' lang='lat' dir='ltr'><strong><em>nisi</em></strong></span> <span class='ocrx_word' id='word_1_98' title='bbox 555 785 587 835; x_wconf 89' lang='lat' dir='ltr'><strong><em>ut</em></strong></span> <span class='ocrx_word' id='word_1_99' title='bbox 607 779 637 835; x_wconf 93' lang='lat' dir='ltr'><strong><em>in</em></strong></span> <span class='ocrx_word' id='word_1_100' title='bbox 652 780 742 833; x_wconf 87' lang='lat' dir='ltr'><strong><em>Deum</em></strong></span> <span class='ocrx_word' id='word_1_101' title='bbox 754 777 876 848; x_wconf 86' lang='lat' dir='ltr'><strong><em>jactaret</em></strong></span> <span class='ocrx_word' id='word_1_102' title='bbox 890 792 939 831; x_wconf 94' lang='lat' dir='ltr'><strong><em>cu·</em></strong></span> <span class='ocrx_word' id='word_1_103' title='bbox 992 793 1079 833; x_wconf 87' lang='lat' dir='ltr'><strong><em>meam</em></strong></span> <span class='ocrx_word' id='word_1_104' title='bbox 1092 778 1222 844; x_wconf 74' lang='lat' dir='ltr'><strong><em>tunnam,</em></strong></span> <span class='ocrx_word' id='word_1_105' title='bbox 1237 791 1284 832; x_wconf 91' lang='lat' dir='ltr'><strong><em>seu</em></strong></span> <span class='ocrx_word' id='word_1_106' title='bbox 1302 775 1410 846; x_wconf 89' lang='lat' dir='ltr'><strong><em>aliquid</em></strong></span> <span class='ocrx_word' id='word_1_107' title='bbox 1429 777 1486 830; x_wconf 90' lang='lat' dir='ltr'><strong><em>nisi</em></strong></span> <span class='ocrx_word' id='word_1_108' title='bbox 1499 777 1528 829; x_wconf 88' lang='lat' dir='ltr'><strong><em>in</em></strong></span> <span class='ocrx_word' id='word_1_109' title='bbox 1548 790 1708 830; x_wconf 87' lang='lat' dir='ltr'><strong><em>commune:</em></strong></span> <span class='ocrx_word' id='word_1_110' title='bbox 1728 773 1762 829; x_wconf 89' lang='lat' dir='ltr'><strong><em>de</em></strong></span> <span class='ocrx_word' id='word_1_111' title='bbox 1779 788 1846 829; x_wconf 93' lang='lat' dir='ltr'><strong><em>com·</em></strong></span> 
     </span>
     <span class='ocr_line' id='line_1_10' title="bbox 88 863 1846 939; baseline -0.005 -12"><span class='ocrx_word' id='word_1_112' title='bbox 88 889 149 928; x_wconf 89' lang='lat' dir='ltr'><strong><em>ram</em></strong></span> <span class='ocrx_word' id='word_1_113' title='bbox 168 888 259 938; x_wconf 90' lang='lat' dir='ltr'><strong><em>suam,</em></strong></span> <span class='ocrx_word' id='word_1_114' title='bbox 275 874 307 927; x_wconf 91' lang='lat' dir='ltr'><strong><em>ut</em></strong></span> <span class='ocrx_word' id='word_1_115' title='bbox 319 869 425 924; x_wconf 80' lang='lat' dir='ltr'><strong><em>viveret</em></strong></span> <span class='ocrx_word' id='word_1_116' title='bbox 443 869 657 939; x_wconf 73' lang='lat' dir='ltr'><strong><em>(confessionum</em></strong></span> <span class='ocrx_word' id='word_1_117' title='bbox 672 867 719 923; x_wconf 88' lang='lat' dir='ltr'><strong><em>tib.</em></strong></span> <span class='ocrx_word' id='word_1_118' title='bbox 746 868 789 934; x_wconf 95' lang='grc'><strong>10,</strong></span> <span class='ocrx_word' id='word_1_119' title='bbox 804 869 874 936; x_wconf 77' lang='lat' dir='ltr'><strong><em>&#39;cap</em></strong></span> <span class='ocrx_word' id='word_1_120' title='bbox 893 867 938 933; x_wconf 86' lang='grc'><strong><em>43,</em></strong></span> <span class='ocrx_word' id='word_1_121' title='bbox 992 868 1069 921; x_wconf 87' lang='lat' dir='ltr'><strong><em>muni</em></strong></span> <span class='ocrx_word' id='word_1_122' title='bbox 1082 867 1184 937; x_wconf 86' lang='lat' dir='ltr'><strong><em>occipio</em></strong></span> <span class='ocrx_word' id='word_1_123' title='bbox 1199 869 1224 921; x_wconf 90' lang='lat' dir='ltr'><strong><em>et</em></strong></span> <span class='ocrx_word' id='word_1_124' title='bbox 1242 866 1389 935; x_wconf 89' lang='lat' dir='ltr'><strong><em>mihiipsi,</em></strong></span> <span class='ocrx_word' id='word_1_125' title='bbox 1405 880 1465 920; x_wconf 88' lang='lat' dir='ltr'><strong><em>cum</em></strong></span> <span class='ocrx_word' id='word_1_126' title='bbox 1484 866 1569 919; x_wconf 86' lang='lat' dir='ltr'><strong><em>sciam</em></strong></span> <span class='ocrx_word' id='word_1_127' title='bbox 1585 879 1723 919; x_wconf 85' lang='lat' dir='ltr'><strong><em>commune</em></strong></span> <span class='ocrx_word' id='word_1_128' title='bbox 1741 878 1783 918; x_wconf 83' lang='lat' dir='ltr'><strong><em>nee</em></strong></span> <span class='ocrx_word' id='word_1_129' title='bbox 1796 863 1846 917; x_wconf 86' lang='lat' dir='ltr'><strong><em>ha-</em></strong></span> 
     </span>
     <span class='ocr_line' id='line_1_11' title="bbox 86 953 1846 1031; baseline -0.001 -16"><span class='ocrx_word' id='word_1_130' title='bbox 86 977 114 1015; x_wconf 90' lang='lat' dir='ltr'><strong><em>n.</em></strong></span> <span class='ocrx_word' id='word_1_131' title='bbox 131 960 186 1031; x_wconf 79' lang='lat'><strong><em>70).</em></strong></span> <span class='ocrx_word' id='word_1_132' title='bbox 202 960 283 1016; x_wconf 81' lang='lat' dir='ltr'><strong><em>Filios</em></strong></span> <span class='ocrx_word' id='word_1_133' title='bbox 298 965 367 1026; x_wconf 88' lang='lat' dir='ltr'><strong><em>tuos,</em></strong></span> <span class='ocrx_word' id='word_1_134' title='bbox 384 957 433 1025; x_wconf 89' lang='grc'><strong>444,</strong></span> <span class='ocrx_word' id='word_1_135' title='bbox 446 973 502 1013; x_wconf 88' lang='lat' dir='ltr'><strong><em>esse</em></strong></span> <span class='ocrx_word' id='word_1_136' title='bbox 514 958 625 1012; x_wconf 86' lang='grc'><strong>44444444</strong></span> <span class='ocrx_word' id='word_1_137' title='bbox 643 955 764 1011; x_wconf 88' lang='lat' dir='ltr'><strong><em>dominos</em></strong></span> <span class='ocrx_word' id='word_1_138' title='bbox 781 971 861 1022; x_wconf 91' lang='lat' dir='ltr'><strong><em>meos,</em></strong></span> <span class='ocrx_word' id='word_1_139' title='bbox 877 956 939 1024; x_wconf 90' lang='lat' dir='ltr'><strong><em>qui·</em></strong></span> <span class='ocrx_word' id='word_1_140' title='bbox 993 955 1053 1010; x_wconf 89' lang='lat' dir='ltr'><strong><em>bere</em></strong></span> <span class='ocrx_word' id='word_1_141' title='bbox 1066 956 1131 1011; x_wconf 88' lang='grc'><strong>44444</strong></span> <span class='ocrx_word' id='word_1_142' title='bbox 1154 953 1291 1026; x_wconf 88' lang='lat' dir='ltr'><strong><em>quidquid</em></strong></span> <span class='ocrx_word' id='word_1_143' title='bbox 1310 954 1399 1008; x_wconf 90' lang='lat' dir='ltr'><strong><em>habeo.</em></strong></span> <span class='ocrx_word' id='word_1_144' title='bbox 1419 954 1485 1010; x_wconf 88' lang='lat' dir='ltr'><strong><em>Noto</em></strong></span> <span class='ocrx_word' id='word_1_145' title='bbox 1509 954 1578 1008; x_wconf 88' lang='lat' dir='ltr'><strong><em>talio</em></strong></span> <span class='ocrx_word' id='word_1_146' title='bbox 1598 953 1697 1023; x_wconf 70' lang='lat' dir='ltr'><strong><em>offeret</em></strong></span> <span class='ocrx_word' id='word_1_147' title='bbox 1709 954 1846 1014; x_wconf 81' lang='lat' dir='ltr'><strong><em>Sanctitas</em></strong></span> 
     </span>
     <span class='ocr_line' id='line_1_12' title="bbox 87 1041 1846 1118; baseline -0.002 -14"><span class='ocrx_word' id='word_1_148' title='bbox 87 1050 135 1104; x_wconf 87' lang='lat' dir='ltr'><strong><em>bus</em></strong></span> <span class='ocrx_word' id='word_1_149' title='bbox 146 1049 258 1118; x_wconf 73' lang='lat' dir='ltr'><strong><em>insonti</em></strong></span> <span class='ocrx_word' id='word_1_150' title='bbox 271 1052 301 1102; x_wconf 88' lang='lat' dir='ltr'><strong><em>ut</em></strong></span> <span class='ocrx_word' id='word_1_151' title='bbox 323 1049 450 1109; x_wconf 78' lang='lat' dir='ltr'><strong><em>sconiam,</em></strong></span> <span class='ocrx_word' id='word_1_152' title='bbox 468 1048 493 1101; x_wconf 91' lang='lat' dir='ltr'><strong><em>si</em></strong></span> <span class='ocrx_word' id='word_1_153' title='bbox 511 1047 570 1101; x_wconf 87' lang='lat' dir='ltr'><strong><em>uoto</em></strong></span> <span class='ocrx_word' id='word_1_154' title='bbox 585 1050 670 1101; x_wconf 86' lang='lat' dir='ltr'><strong><em>tecum</em></strong></span> <span class='ocrx_word' id='word_1_155' title='bbox 691 1044 724 1099; x_wconf 93' lang='lat' dir='ltr'><strong><em>dc</em></strong></span> <span class='ocrx_word' id='word_1_156' title='bbox 745 1048 770 1100; x_wconf 94' lang='lat' dir='ltr'><strong><em>te</em></strong></span> <span class='ocrx_word' id='word_1_157' title='bbox 784 1046 884 1100; x_wconf 84' lang='lat' dir='ltr'><strong><em>uiuere.</em></strong></span> <span class='ocrx_word' id='word_1_158' title='bbox 905 1044 940 1099; x_wconf 78' lang='grc'><strong><em>44</em></strong></span> <span class='ocrx_word' id='word_1_159' title='bbox 993 1049 1094 1109; x_wconf 85' lang='lat' dir='ltr'><strong><em>nestra,</em></strong></span> <span class='ocrx_word' id='word_1_160' title='bbox 1115 1044 1213 1113; x_wconf 86' lang='lat' dir='ltr'><strong><em>quibus</em></strong></span> <span class='ocrx_word' id='word_1_161' title='bbox 1232 1059 1279 1112; x_wconf 89' lang='lat' dir='ltr'><strong><em>epo</em></strong></span> <span class='ocrx_word' id='word_1_162' title='bbox 1301 1044 1373 1099; x_wconf 89' lang='lat' dir='ltr'><strong><em>solus</em></strong></span> <span class='ocrx_word' id='word_1_163' title='bbox 1392 1043 1473 1112; x_wconf 82' lang='lat' dir='ltr'><strong><em>quasi</em></strong></span> <span class='ocrx_word' id='word_1_164' title='bbox 1491 1041 1627 1097; x_wconf 76' lang='lat' dir='ltr'><strong><em>decentius</em></strong></span> <span class='ocrx_word' id='word_1_165' title='bbox 1645 1047 1726 1110; x_wconf 87' lang='lat' dir='ltr'><strong><em>ntar;</em></strong></span> <span class='ocrx_word' id='word_1_166' title='bbox 1751 1044 1846 1115; x_wconf 75' lang='lat' dir='ltr'><strong><em>offerat</em></strong></span> 
     </span>
     <span class='ocr_line' id='line_1_13' title="bbox 87 1133 940 1205; baseline -0.005 -13"><span class='ocrx_word' id='word_1_167' title='bbox 87 1138 135 1192; x_wconf 89' lang='lat' dir='ltr'><strong><em>hoc</em></strong></span> <span class='ocrx_word' id='word_1_168' title='bbox 153 1137 222 1191; x_wconf 71' lang='lat' dir='ltr'><strong><em>mitti</em></strong></span> <span class='ocrx_word' id='word_1_169' title='bbox 238 1136 348 1191; x_wconf 82' lang='grc'><strong>4444444</strong></span> <span class='ocrx_word' id='word_1_170' title='bbox 363 1140 439 1190; x_wconf 74' lang='lat' dir='ltr'><strong><em>rotam</em></strong></span> <span class='ocrx_word' id='word_1_171' title='bbox 457 1150 556 1205; x_wconf 82' lang='lat' dir='ltr'><strong><em>pamm</em></strong></span> <span class='ocrx_word' id='word_1_172' title='bbox 570 1138 639 1197; x_wconf 87' lang='lat' dir='ltr'><strong><em>erat.</em></strong></span> <span class='ocrx_word' id='word_1_173' title='bbox 655 1135 680 1190; x_wconf 88' lang='lat' dir='ltr'><strong><em>si</em></strong></span> <span class='ocrx_word' id='word_1_174' title='bbox 694 1133 825 1204; x_wconf 89' lang='lat' dir='ltr'><strong><em>loquendo</em></strong></span> <span class='ocrx_word' id='word_1_175' title='bbox 842 1133 940 1204; x_wconf 77' lang='lat' dir='ltr'><strong><em>praci-</em></strong></span> 
     </span>
     <span class='ocr_line' id='line_1_14' title="bbox 86 1222 941 1296; baseline -0.005 -15"><span class='ocrx_word' id='word_1_176' title='bbox 86 1230 170 1296; x_wconf 88' lang='lat' dir='ltr'><strong><em>peret,</em></strong></span> <span class='ocrx_word' id='word_1_177' title='bbox 185 1227 242 1282; x_wconf 88' lang='lat' dir='ltr'><strong><em>nisi</em></strong></span> <span class='ocrx_word' id='word_1_178' title='bbox 255 1226 415 1293; x_wconf 68' lang='lat' dir='ltr'><strong><em>olfaciendo</em></strong></span> <span class='ocrx_word' id='word_1_179' title='bbox 426 1227 545 1296; x_wconf 82' lang='lat' dir='ltr'><strong><em>praeiret.</em></strong></span> <span class='ocrx_word' id='word_1_180' title='bbox 560 1227 594 1280; x_wconf 82' lang='lat' dir='ltr'><strong><em>iit</em></strong></span> <span class='ocrx_word' id='word_1_181' title='bbox 608 1239 655 1294; x_wconf 83' lang='lat' dir='ltr'><strong><em>eqo</em></strong></span> <span class='ocrx_word' id='word_1_182' title='bbox 665 1224 696 1279; x_wconf 92' lang='lat' dir='ltr'><strong><em>id</em></strong></span> <span class='ocrx_word' id='word_1_183' title='bbox 705 1239 755 1292; x_wconf 83' lang='lat' dir='ltr'><strong><em>eqo</em></strong></span> <span class='ocrx_word' id='word_1_184' title='bbox 765 1225 848 1291; x_wconf 80' lang='lat' dir='ltr'><strong><em>sactis</em></strong></span> <span class='ocrx_word' id='word_1_185' title='bbox 861 1228 886 1278; x_wconf 91' lang='lat' dir='ltr'><strong><em>et</em></strong></span> <span class='ocrx_word' id='word_1_186' title='bbox 899 1222 941 1277; x_wconf 91' lang='lat' dir='ltr'><strong><em>di·</em></strong></span> 
     </span>
     <span class='ocr_line' id='line_1_15' title="bbox 86 1313 939 1383; baseline -0.006 -12"><span class='ocrx_word' id='word_1_187' title='bbox 86 1319 152 1383; x_wconf 86' lang='lat' dir='ltr'><strong><em>ctis;</em></strong></span> <span class='ocrx_word' id='word_1_188' title='bbox 168 1315 198 1369; x_wconf 84' lang='lat' dir='ltr'><strong><em>id</em></strong></span> <span class='ocrx_word' id='word_1_189' title='bbox 221 1329 272 1382; x_wconf 83' lang='lat' dir='ltr'><strong><em>apo</em></strong></span> <span class='ocrx_word' id='word_1_190' title='bbox 287 1315 336 1370; x_wconf 90' lang='lat' dir='ltr'><strong><em>sub</em></strong></span> <span class='ocrx_word' id='word_1_191' title='bbox 350 1315 403 1369; x_wconf 89' lang='lat' dir='ltr'><strong><em>otis</em></strong></span> <span class='ocrx_word' id='word_1_192' title='bbox 425 1315 479 1369; x_wconf 86' lang='lat' dir='ltr'><strong><em>tais</em></strong></span> <span class='ocrx_word' id='word_1_193' title='bbox 503 1315 583 1368; x_wconf 91' lang='lat' dir='ltr'><strong><em>nimis</em></strong></span> <span class='ocrx_word' id='word_1_194' title='bbox 604 1327 664 1368; x_wconf 90' lang='lat' dir='ltr'><strong><em>oum</em></strong></span> <span class='ocrx_word' id='word_1_195' title='bbox 686 1314 791 1381; x_wconf 80' lang='lat' dir='ltr'><strong><em>ingenti</em></strong></span> <span class='ocrx_word' id='word_1_196' title='bbox 808 1313 939 1383; x_wconf 86' lang='lat' dir='ltr'><strong><em>periculo,</em></strong></span> 
     </span>
     <span class='ocr_line' id='line_1_16' title="bbox 88 1401 940 1474; baseline -0.004 -17"><span class='ocrx_word' id='word_1_197' title='bbox 88 1405 144 1459; x_wconf 81' lang='grc'><strong>44444</strong></span> <span class='ocrx_word' id='word_1_198' title='bbox 158 1406 225 1474; x_wconf 87' lang='lat' dir='ltr'><strong><em>quio</em></strong></span> <span class='ocrx_word' id='word_1_199' title='bbox 237 1403 287 1459; x_wconf 92' lang='lat' dir='ltr'><strong><em>sub</em></strong></span> <span class='ocrx_word' id='word_1_200' title='bbox 302 1404 354 1458; x_wconf 87' lang='lat' dir='ltr'><strong><em>aiis</em></strong></span> <span class='ocrx_word' id='word_1_201' title='bbox 368 1404 423 1459; x_wconf 88' lang='lat' dir='ltr'><strong><em>tuis</em></strong></span> <span class='ocrx_word' id='word_1_202' title='bbox 433 1402 486 1457; x_wconf 88' lang='lat' dir='ltr'><strong><em>sibi</em></strong></span> <span class='ocrx_word' id='word_1_203' title='bbox 499 1401 611 1457; x_wconf 87' lang='lat' dir='ltr'><strong><em>subdita</em></strong></span> <span class='ocrx_word' id='word_1_204' title='bbox 622 1405 661 1457; x_wconf 92' lang='lat' dir='ltr'><strong><em>est</em></strong></span> <span class='ocrx_word' id='word_1_205' title='bbox 669 1402 762 1456; x_wconf 78' lang='lat' dir='ltr'><strong><em>emma</em></strong></span> <span class='ocrx_word' id='word_1_206' title='bbox 774 1416 844 1468; x_wconf 91' lang='lat' dir='ltr'><strong><em>mea,</em></strong></span> <span class='ocrx_word' id='word_1_207' title='bbox 856 1404 882 1455; x_wconf 89' lang='lat' dir='ltr'><strong><em>et</em></strong></span> <span class='ocrx_word' id='word_1_208' title='bbox 897 1401 940 1455; x_wconf 90' lang='lat' dir='ltr'><strong><em>in·</em></strong></span> 
     </span>
     <span class='ocr_line' id='line_1_17' title="bbox 87 1488 1850 1562; baseline 0 -15"><span class='ocrx_word' id='word_1_209' title='bbox 87 1494 203 1561; x_wconf 76' lang='grc'><strong>14444444</strong></span> <span class='ocrx_word' id='word_1_210' title='bbox 214 1507 274 1548; x_wconf 88' lang='lat' dir='ltr'><strong><em>mee</em></strong></span> <span class='ocrx_word' id='word_1_211' title='bbox 289 1492 340 1548; x_wconf 91' lang='lat' dir='ltr'><strong><em>tibi</em></strong></span> <span class='ocrx_word' id='word_1_212' title='bbox 353 1496 418 1546; x_wconf 87' lang='lat' dir='ltr'><strong><em>nota</em></strong></span> <span class='ocrx_word' id='word_1_213' title='bbox 430 1496 469 1547; x_wconf 90' lang='lat' dir='ltr'><strong><em>est</em></strong></span> <span class='ocrx_word' id='word_1_214' title='bbox 483 1490 576 1562; x_wconf 84' lang='lat' dir='ltr'><strong><em>(ibid,</em></strong></span> <span class='ocrx_word' id='word_1_215' title='bbox 591 1505 652 1562; x_wconf 88' lang='lat' dir='ltr'><strong><em>cop.</em></strong></span> <span class='ocrx_word' id='word_1_216' title='bbox 667 1491 695 1558; x_wconf 90' lang='grc'><strong><em>4,</em></strong></span> <span class='ocrx_word' id='word_1_217' title='bbox 710 1505 739 1546; x_wconf 90' lang='lat' dir='ltr'><strong><em>n.</em></strong></span> <span class='ocrx_word' id='word_1_218' title='bbox 756 1490 793 1560; x_wconf 87' lang='grc'><strong><em>6).</em></strong></span> <span class='ocrx_word' id='word_1_219' title='bbox 812 1488 940 1561; x_wconf 86' lang='lat' dir='ltr'><strong><em>Denique</em></strong></span> <span class='ocrx_word' id='word_1_220' title='bbox 994 1506 1049 1547; x_wconf 90' lang='lat' dir='ltr'><strong><em>sem</em></strong></span> <span class='ocrx_word' id='word_1_221' title='bbox 1066 1490 1213 1545; x_wconf 88' lang='lat' dir='ltr'><strong><em>habereoet</em></strong></span> <span class='ocrx_word' id='word_1_222' title='bbox 1228 1489 1258 1543; x_wconf 88' lang='lat' dir='ltr'><strong><em>in</em></strong></span> <span class='ocrx_word' id='word_1_223' title='bbox 1278 1488 1355 1544; x_wconf 92' lang='lat' dir='ltr'><strong><em>domo</em></strong></span> <span class='ocrx_word' id='word_1_224' title='bbox 1367 1489 1458 1559; x_wconf 90' lang='lat' dir='ltr'><strong><em>patris</em></strong></span> <span class='ocrx_word' id='word_1_225' title='bbox 1471 1489 1534 1553; x_wconf 91' lang='lat' dir='ltr'><strong><em>mei,</em></strong></span> <span class='ocrx_word' id='word_1_226' title='bbox 1550 1488 1592 1543; x_wconf 89' lang='grc'><strong><em>444</em></strong></span> <span class='ocrx_word' id='word_1_227' title='bbox 1605 1491 1635 1543; x_wconf 84' lang='grc'><strong><em>44</em></strong></span> <span class='ocrx_word' id='word_1_228' title='bbox 1645 1492 1646 1496; x_wconf 78' lang='grc'>’</span> <span class='ocrx_word' id='word_1_229' title='bbox 1656 1488 1707 1544; x_wconf 87' lang='lat' dir='ltr'><strong><em>itia</em></strong></span> <span class='ocrx_word' id='word_1_230' title='bbox 1725 1493 1850 1547; x_wconf 79' lang='grc'><strong>4444444</strong></span> 
     </span>
     <span class='ocr_line' id='line_1_18' title="bbox 87 1575 1849 1653; baseline -0.002 -18"><span class='ocrx_word' id='word_1_231' title='bbox 87 1580 131 1636; x_wconf 82' lang='grc'><strong><em>444</em></strong></span> <span class='ocrx_word' id='word_1_232' title='bbox 156 1580 309 1653; x_wconf 88' lang='lat' dir='ltr'><strong><em>aliquando</em></strong></span> <span class='ocrx_word' id='word_1_233' title='bbox 333 1580 484 1647; x_wconf 86' lang='grc'><strong>4411444444,</strong></span> <span class='ocrx_word' id='word_1_234' title='bbox 505 1583 538 1635; x_wconf 90' lang='lat' dir='ltr'><strong><em>ut</em></strong></span> <span class='ocrx_word' id='word_1_235' title='bbox 559 1578 637 1647; x_wconf 90' lang='lat' dir='ltr'><strong><em>dicit,</em></strong></span> <span class='ocrx_word' id='word_1_236' title='bbox 659 1579 769 1634; x_wconf 85' lang='lat' dir='ltr'><strong><em>calamo</em></strong></span> <span class='ocrx_word' id='word_1_237' title='bbox 791 1578 941 1634; x_wconf 85' lang='lat' dir='ltr'><strong><em>enuntiare</em></strong></span> <span class='ocrx_word' id='word_1_238' title='bbox 992 1580 1160 1651; x_wconf 78' lang='lat' dir='ltr'><strong><em>professione</em></strong></span> <span class='ocrx_word' id='word_1_239' title='bbox 1169 1593 1238 1633; x_wconf 90' lang='lat' dir='ltr'><strong><em>mee.</em></strong></span> <span class='ocrx_word' id='word_1_240' title='bbox 1252 1579 1312 1635; x_wconf 89' lang='lat' dir='ltr'><strong><em>Non</em></strong></span> <span class='ocrx_word' id='word_1_241' title='bbox 1326 1576 1417 1632; x_wconf 88' lang='lat' dir='ltr'><strong><em>decet:</em></strong></span> <span class='ocrx_word' id='word_1_242' title='bbox 1432 1577 1512 1632; x_wconf 87' lang='lat' dir='ltr'><strong><em>tatem</em></strong></span> <span class='ocrx_word' id='word_1_243' title='bbox 1526 1575 1605 1631; x_wconf 88' lang='lat' dir='ltr'><strong><em>debeo</em></strong></span> <span class='ocrx_word' id='word_1_244' title='bbox 1620 1576 1727 1645; x_wconf 89' lang='lat' dir='ltr'><strong><em>habere,</em></strong></span> <span class='ocrx_word' id='word_1_245' title='bbox 1743 1579 1849 1649; x_wconf 89' lang='lat' dir='ltr'><strong><em>quatem</em></strong></span> 
     </span>
     <span class='ocr_line' id='line_1_19' title="bbox 87 1663 1848 1740; baseline -0.003 -14"><span class='ocrx_word' id='word_1_246' title='bbox 87 1670 184 1727; x_wconf 91' lang='lat' dir='ltr'><strong><em>omnia</em></strong></span> <span class='ocrx_word' id='word_1_247' title='bbox 199 1670 249 1725; x_wconf 79' lang='lat' dir='ltr'><strong><em>liei</em></strong></span> <span class='ocrx_word' id='word_1_248' title='bbox 262 1670 453 1736; x_wconf 89' lang='lat' dir='ltr'><strong><em>hortamenta,</em></strong></span> <span class='ocrx_word' id='word_1_249' title='bbox 469 1684 568 1724; x_wconf 87' lang='grc'><strong>44444</strong></span> <span class='ocrx_word' id='word_1_250' title='bbox 588 1672 712 1723; x_wconf 89' lang='lat' dir='ltr'><strong><em>terrores</em></strong></span> <span class='ocrx_word' id='word_1_251' title='bbox 726 1671 755 1724; x_wconf 90' lang='lat' dir='ltr'><strong><em>et</em></strong></span> <span class='ocrx_word' id='word_1_252' title='bbox 768 1666 939 1723; x_wconf 85' lang='lat' dir='ltr'><strong><em>consolatio·</em></strong></span> <span class='ocrx_word' id='word_1_253' title='bbox 992 1684 1112 1740; x_wconf 88' lang='lat' dir='ltr'><strong><em>possum,</em></strong></span> <span class='ocrx_word' id='word_1_254' title='bbox 1129 1669 1155 1722; x_wconf 90' lang='lat' dir='ltr'><strong><em>si</em></strong></span> <span class='ocrx_word' id='word_1_255' title='bbox 1173 1682 1227 1722; x_wconf 90' lang='lat' dir='ltr'><strong><em>non</em></strong></span> <span class='ocrx_word' id='word_1_256' title='bbox 1245 1666 1381 1733; x_wconf 87' lang='lat' dir='ltr'><strong><em>habuerit,</em></strong></span> <span class='ocrx_word' id='word_1_257' title='bbox 1395 1666 1482 1732; x_wconf 75' lang='lat' dir='ltr'><strong><em>fratri</em></strong></span> <span class='ocrx_word' id='word_1_258' title='bbox 1499 1679 1555 1719; x_wconf 90' lang='lat' dir='ltr'><strong><em>meo</em></strong></span> <span class='ocrx_word' id='word_1_259' title='bbox 1575 1663 1652 1720; x_wconf 85' lang='lat' dir='ltr'><strong><em>dore.</em></strong></span> <span class='ocrx_word' id='word_1_260' title='bbox 1675 1665 1788 1732; x_wconf 79' lang='lat' dir='ltr'><strong><em>Qualem</em></strong></span> <span class='ocrx_word' id='word_1_261' title='bbox 1799 1681 1848 1737; x_wconf 88' lang='lat' dir='ltr'><strong><em>po·</em></strong></span> 
     </span>
     <span class='ocr_line' id='line_1_20' title="bbox 88 1753 1849 1832; baseline -0.002 -18"><span class='ocrx_word' id='word_1_262' title='bbox 88 1775 138 1815; x_wconf 88' lang='lat' dir='ltr'><strong><em>nes</em></strong></span> <span class='ocrx_word' id='word_1_263' title='bbox 153 1762 181 1815; x_wconf 91' lang='lat' dir='ltr'><strong><em>et</em></strong></span> <span class='ocrx_word' id='word_1_264' title='bbox 194 1758 427 1832; x_wconf 80' lang='lat' dir='ltr'><strong><em>gubernationes,</em></strong></span> <span class='ocrx_word' id='word_1_265' title='bbox 442 1757 547 1830; x_wconf 87' lang='lat' dir='ltr'><strong><em>quibus</em></strong></span> <span class='ocrx_word' id='word_1_266' title='bbox 561 1773 627 1812; x_wconf 87' lang='lat' dir='ltr'><strong><em>enm</em></strong></span> <span class='ocrx_word' id='word_1_267' title='bbox 647 1757 683 1812; x_wconf 89' lang='lat' dir='ltr'><strong><em>ad</em></strong></span> <span class='ocrx_word' id='word_1_268' title='bbox 698 1756 875 1812; x_wconf 88' lang='lat' dir='ltr'><strong><em>subeundam</em></strong></span> <span class='ocrx_word' id='word_1_269' title='bbox 889 1773 940 1828; x_wconf 91' lang='lat' dir='ltr'><strong><em>pa·</em></strong></span> <span class='ocrx_word' id='word_1_270' title='bbox 996 1759 1046 1811; x_wconf 88' lang='lat' dir='ltr'><strong><em>test</em></strong></span> <span class='ocrx_word' id='word_1_271' title='bbox 1058 1756 1156 1811; x_wconf 89' lang='lat' dir='ltr'><strong><em>habere</em></strong></span> <span class='ocrx_word' id='word_1_272' title='bbox 1161 1755 1314 1826; x_wconf 83' lang='lat' dir='ltr'><strong><em>presbyter,</em></strong></span> <span class='ocrx_word' id='word_1_273' title='bbox 1326 1754 1433 1824; x_wconf 88' lang='lat' dir='ltr'><strong><em>qualem</em></strong></span> <span class='ocrx_word' id='word_1_274' title='bbox 1444 1757 1533 1824; x_wconf 87' lang='lat' dir='ltr'><strong><em>petest</em></strong></span> <span class='ocrx_word' id='word_1_275' title='bbox 1543 1754 1640 1808; x_wconf 87' lang='lat' dir='ltr'><strong><em>hebere</em></strong></span> <span class='ocrx_word' id='word_1_276' title='bbox 1652 1753 1776 1819; x_wconf 85' lang='lat' dir='ltr'><strong><em>decenter</em></strong></span> <span class='ocrx_word' id='word_1_277' title='bbox 1790 1755 1849 1811; x_wconf 84' lang='lat' dir='ltr'><strong><em>dia·</em></strong></span> 
     </span>
     <span class='ocr_line' id='line_1_21' title="bbox 87 1843 1850 1917; baseline -0.001 -13"><span class='ocrx_word' id='word_1_278' title='bbox 87 1847 201 1904; x_wconf 90' lang='lat' dir='ltr'><strong><em>storalis</em></strong></span> <span class='ocrx_word' id='word_1_279' title='bbox 225 1846 313 1903; x_wconf 88' lang='lat' dir='ltr'><strong><em>oitieii</em></strong></span> <span class='ocrx_word' id='word_1_280' title='bbox 341 1846 482 1901; x_wconf 80' lang='lat' dir='ltr'><strong><em>sarcinam</em></strong></span> <span class='ocrx_word' id='word_1_281' title='bbox 511 1845 644 1917; x_wconf 81' lang='lat' dir='ltr'><strong><em>perduxit</em></strong></span> <span class='ocrx_word' id='word_1_282' title='bbox 680 1846 773 1916; x_wconf 79' lang='lat' dir='ltr'><strong><em>(ibid,</em></strong></span> <span class='ocrx_word' id='word_1_283' title='bbox 808 1847 855 1900; x_wconf 92' lang='lat' dir='ltr'><strong><em>tib.</em></strong></span> <span class='ocrx_word' id='word_1_284' title='bbox 897 1848 939 1914; x_wconf 92' lang='lat' dir='ltr'><strong><em>tt,</em></strong></span> <span class='ocrx_word' id='word_1_285' title='bbox 994 1861 1076 1901; x_wconf 89' lang='lat' dir='ltr'><strong><em>conus</em></strong></span> <span class='ocrx_word' id='word_1_286' title='bbox 1090 1850 1115 1900; x_wconf 91' lang='lat' dir='ltr'><strong><em>et</em></strong></span> <span class='ocrx_word' id='word_1_287' title='bbox 1129 1845 1321 1911; x_wconf 78' lang='lat' dir='ltr'><strong><em>subdiaconus,</em></strong></span> <span class='ocrx_word' id='word_1_288' title='bbox 1338 1844 1418 1898; x_wconf 89' lang='lat' dir='ltr'><strong><em>talem</em></strong></span> <span class='ocrx_word' id='word_1_289' title='bbox 1431 1843 1490 1898; x_wconf 86' lang='lat' dir='ltr'><strong><em>uoto</em></strong></span> <span class='ocrx_word' id='word_1_290' title='bbox 1505 1844 1642 1913; x_wconf 86' lang='lat' dir='ltr'><strong><em>acciperc;</em></strong></span> <span class='ocrx_word' id='word_1_291' title='bbox 1657 1845 1725 1912; x_wconf 88' lang='lat' dir='ltr'><strong><em>qnia</em></strong></span> <span class='ocrx_word' id='word_1_292' title='bbox 1738 1845 1769 1898; x_wconf 89' lang='lat' dir='ltr'><strong><em>in</em></strong></span> <span class='ocrx_word' id='word_1_293' title='bbox 1784 1860 1850 1903; x_wconf 83' lang='lat' dir='ltr'><strong><em>com.-</em></strong></span> 
     </span>
    </p>
   </div>
   <div class='ocr_carea' id='block_1_5' title="bbox 993 1131 1849 1472">
    <p class='ocr_par' dir='ltr' id='par_1_5' title="bbox 993 1131 1849 1472">
     <span class='ocr_line' id='line_1_22' title="bbox 993 1131 1843 1206; baseline 0.001 -18"><span class='ocrx_word' id='word_1_294' title='bbox 993 1134 1072 1200; x_wconf 87' lang='lat' dir='ltr'><strong><em>mihi,</em></strong></span> <span class='ocrx_word' id='word_1_295' title='bbox 1087 1133 1163 1188; x_wconf 86' lang='lat' dir='ltr'><strong><em>uerbi</em></strong></span> <span class='ocrx_word' id='word_1_296' title='bbox 1176 1134 1278 1202; x_wconf 87' lang='lat' dir='ltr'><strong><em>qratia,</em></strong></span> <span class='ocrx_word' id='word_1_297' title='bbox 1292 1131 1424 1202; x_wconf 73' lang='lat' dir='ltr'><strong><em>byrrhum</em></strong></span> <span class='ocrx_word' id='word_1_298' title='bbox 1433 1132 1596 1202; x_wconf 88' lang='lat' dir='ltr'><strong><em>pretiosum;</em></strong></span> <span class='ocrx_word' id='word_1_299' title='bbox 1611 1133 1683 1199; x_wconf 79' lang='lat' dir='ltr'><strong><em>sorte</em></strong></span> <span class='ocrx_word' id='word_1_300' title='bbox 1697 1133 1771 1189; x_wconf 78' lang='lat' dir='ltr'><strong><em>siccet</em></strong></span> <span class='ocrx_word' id='word_1_301' title='bbox 1784 1138 1843 1206; x_wconf 86' lang='lat' dir='ltr'><strong><em>epi-</em></strong></span> 
     </span>
     <span class='ocr_line' id='line_1_23' title="bbox 994 1220 1846 1294; baseline 0.004 -16"><span class='ocrx_word' id='word_1_302' title='bbox 994 1238 1113 1294; x_wconf 88' lang='lat' dir='ltr'><strong><em>scopum,</em></strong></span> <span class='ocrx_word' id='word_1_303' title='bbox 1129 1222 1253 1292; x_wconf 85' lang='lat' dir='ltr'><strong><em>quamuis</em></strong></span> <span class='ocrx_word' id='word_1_304' title='bbox 1268 1236 1322 1276; x_wconf 93' lang='lat' dir='ltr'><strong><em>non</em></strong></span> <span class='ocrx_word' id='word_1_305' title='bbox 1335 1221 1426 1276; x_wconf 87' lang='lat' dir='ltr'><strong><em>deceat</em></strong></span> <span class='ocrx_word' id='word_1_306' title='bbox 1440 1220 1682 1289; x_wconf 58' lang='lat' dir='ltr'><strong><em>emmerammo</em></strong></span> <span class='ocrx_word' id='word_1_307' title='bbox 1695 1226 1746 1290; x_wconf 91' lang='lat' dir='ltr'><strong><em>est,</em></strong></span> <span class='ocrx_word' id='word_1_308' title='bbox 1762 1223 1846 1280; x_wconf 87' lang='lat' dir='ltr'><strong><em>homi·</em></strong></span> 
     </span>
     <span class='ocr_line' id='line_1_24' title="bbox 993 1309 1849 1382; baseline 0.006 -15"><span class='ocrx_word' id='word_1_309' title='bbox 993 1328 1053 1367; x_wconf 91' lang='lat' dir='ltr'><strong><em>nem</em></strong></span> <span class='ocrx_word' id='word_1_310' title='bbox 1065 1326 1223 1382; x_wconf 81' lang='lat' dir='ltr'><strong><em>pauperem,</em></strong></span> <span class='ocrx_word' id='word_1_311' title='bbox 1237 1310 1270 1364; x_wconf 92' lang='lat' dir='ltr'><strong><em>de</em></strong></span> <span class='ocrx_word' id='word_1_312' title='bbox 1279 1310 1446 1381; x_wconf 83' lang='lat' dir='ltr'><strong><em>pauperibus</em></strong></span> <span class='ocrx_word' id='word_1_313' title='bbox 1457 1313 1562 1365; x_wconf 88' lang='lat' dir='ltr'><strong><em>notum.</em></strong></span> <span class='ocrx_word' id='word_1_314' title='bbox 1578 1309 1658 1366; x_wconf 87' lang='grc'><strong>44444</strong></span> <span class='ocrx_word' id='word_1_315' title='bbox 1670 1310 1774 1367; x_wconf 85' lang='lat' dir='ltr'><strong><em>dietari</em></strong></span> <span class='ocrx_word' id='word_1_316' title='bbox 1784 1319 1849 1373; x_wconf 84' lang='lat' dir='ltr'><strong><em>sant</em></strong></span> 
     </span>
     <span class='ocr_line' id='line_1_25' title="bbox 995 1401 1845 1472; baseline 0.004 -16"><span class='ocrx_word' id='word_1_317' title='bbox 995 1402 1121 1466; x_wconf 87' lang='lat' dir='ltr'><strong><em>homines,</em></strong></span> <span class='ocrx_word' id='word_1_318' title='bbox 1138 1403 1204 1470; x_wconf 87' lang='lat' dir='ltr'><strong><em>qaia</em></strong></span> <span class='ocrx_word' id='word_1_319' title='bbox 1221 1401 1313 1455; x_wconf 83' lang='lat' dir='ltr'><strong><em>incmi</em></strong></span> <span class='ocrx_word' id='word_1_320' title='bbox 1331 1401 1464 1470; x_wconf 89' lang='lat' dir='ltr'><strong><em>pretiosos</em></strong></span> <span class='ocrx_word' id='word_1_321' title='bbox 1478 1403 1572 1466; x_wconf 89' lang='grc'><strong>444444,</strong></span> <span class='ocrx_word' id='word_1_322' title='bbox 1589 1415 1657 1470; x_wconf 88' lang='lat' dir='ltr'><strong><em>quas</em></strong></span> <span class='ocrx_word' id='word_1_323' title='bbox 1672 1415 1727 1456; x_wconf 90' lang='lat' dir='ltr'><strong><em>non</em></strong></span> <span class='ocrx_word' id='word_1_324' title='bbox 1742 1404 1845 1472; x_wconf 66' lang='lat' dir='ltr'><strong><em>potun-</em></strong></span> 
     </span>
    </p>
   </div>
   <div class='ocr_carea' id='block_1_6' title="bbox 79 1932 945 5384">
    <p class='ocr_par' dir='ltr' id='par_1_6' title="bbox 86 1932 945 4673">
     <span class='ocr_line' id='line_1_26' title="bbox 87 1932 940 2008; baseline -0.005 -16"><span class='ocrx_word' id='word_1_325' title='bbox 87 1953 147 2008; x_wconf 90' lang='lat' dir='ltr'><strong><em>cop.</em></strong></span> <span class='ocrx_word' id='word_1_326' title='bbox 160 1940 188 2006; x_wconf 75' lang='lat'><strong><em>2,</em></strong></span> <span class='ocrx_word' id='word_1_327' title='bbox 202 1951 230 1990; x_wconf 95' lang='lat' dir='ltr'><strong><em>n.</em></strong></span> <span class='ocrx_word' id='word_1_328' title='bbox 251 1935 291 2005; x_wconf 79' lang='grc'><strong><em>4).</em></strong></span> <span class='ocrx_word' id='word_1_329' title='bbox 312 1936 350 1990; x_wconf 88' lang='lat' dir='ltr'><strong><em>Eo</em></strong></span> <span class='ocrx_word' id='word_1_330' title='bbox 369 1933 539 1989; x_wconf 89' lang='lat' dir='ltr'><strong><em>constitutus</em></strong></span> <span class='ocrx_word' id='word_1_331' title='bbox 553 1935 626 2001; x_wconf 91' lang='lat' dir='ltr'><strong><em>loeo,</em></strong></span> <span class='ocrx_word' id='word_1_332' title='bbox 641 1949 707 1989; x_wconf 92' lang='lat' dir='ltr'><strong><em>enm</em></strong></span> <span class='ocrx_word' id='word_1_333' title='bbox 722 1933 752 1989; x_wconf 95' lang='lat' dir='ltr'><strong><em>in</em></strong></span> <span class='ocrx_word' id='word_1_334' title='bbox 767 1933 863 1989; x_wconf 84' lang='lat' dir='ltr'><strong><em>divina</em></strong></span> <span class='ocrx_word' id='word_1_335' title='bbox 877 1932 940 2004; x_wconf 88' lang='lat' dir='ltr'><strong><em>lege</em></strong></span> 
     </span>
     <span class='ocr_line' id='line_1_27' title="bbox 86 2021 940 2094; baseline -0.004 -13"><span class='ocrx_word' id='word_1_336' title='bbox 86 2024 219 2082; x_wconf 90' lang='lat' dir='ltr'><strong><em>meditari</em></strong></span> <span class='ocrx_word' id='word_1_337' title='bbox 232 2023 301 2080; x_wconf 91' lang='lat' dir='ltr'><strong><em>olim</em></strong></span> <span class='ocrx_word' id='word_1_338' title='bbox 316 2023 516 2094; x_wconf 75' lang='lat' dir='ltr'><strong><em>inardesceret,</em></strong></span> <span class='ocrx_word' id='word_1_339' title='bbox 531 2023 648 2079; x_wconf 87' lang='lat' dir='ltr'><strong><em>nolebat</em></strong></span> <span class='ocrx_word' id='word_1_340' title='bbox 659 2023 688 2078; x_wconf 91' lang='lat' dir='ltr'><strong><em>in</em></strong></span> <span class='ocrx_word' id='word_1_341' title='bbox 699 2021 777 2079; x_wconf 86' lang='grc'><strong>41444</strong></span> <span class='ocrx_word' id='word_1_342' title='bbox 790 2023 875 2078; x_wconf 87' lang='lat' dir='ltr'><strong><em>horas</em></strong></span> <span class='ocrx_word' id='word_1_343' title='bbox 887 2022 940 2078; x_wconf 91' lang='lat' dir='ltr'><strong><em>dil·</em></strong></span> 
     </span>
     <span class='ocr_line' id='line_1_28' title="bbox 88 2110 940 2185; baseline -0.007 -15"><span class='ocrx_word' id='word_1_344' title='bbox 88 2117 189 2181; x_wconf 84' lang='grc'><strong>1144444,</strong></span> <span class='ocrx_word' id='word_1_345' title='bbox 206 2130 277 2185; x_wconf 88' lang='lat' dir='ltr'><strong><em>quas</em></strong></span> <span class='ocrx_word' id='word_1_346' title='bbox 300 2111 548 2168; x_wconf 88' lang='lat' dir='ltr'><strong><em>aneeessitatibus</em></strong></span> <span class='ocrx_word' id='word_1_347' title='bbox 562 2111 620 2167; x_wconf 79' lang='lat' dir='ltr'><strong><em>sive</em></strong></span> <span class='ocrx_word' id='word_1_348' title='bbox 643 2110 791 2167; x_wconf 84' lang='lat' dir='ltr'><strong><em>reficiendi</em></strong></span> <span class='ocrx_word' id='word_1_349' title='bbox 814 2110 940 2183; x_wconf 87' lang='lat' dir='ltr'><strong><em>eorporis</em></strong></span> 
     </span>
     <span class='ocr_line' id='line_1_29' title="bbox 88 2198 940 2271; baseline -0.005 -14"><span class='ocrx_word' id='word_1_350' title='bbox 88 2203 142 2271; x_wconf 88' lang='lat' dir='ltr'><strong><em>sui,</em></strong></span> <span class='ocrx_word' id='word_1_351' title='bbox 163 2202 221 2258; x_wconf 88' lang='grc'><strong>4444</strong></span> <span class='ocrx_word' id='word_1_352' title='bbox 244 2200 386 2260; x_wconf 84' lang='lat' dir='ltr'><strong><em>serviendi</em></strong></span> <span class='ocrx_word' id='word_1_353' title='bbox 405 2199 571 2256; x_wconf 89' lang='lat' dir='ltr'><strong><em>hominibus</em></strong></span> <span class='ocrx_word' id='word_1_354' title='bbox 594 2215 670 2255; x_wconf 73' lang='lat' dir='ltr'><strong><em>cura</em></strong></span> <span class='ocrx_word' id='word_1_355' title='bbox 694 2215 754 2255; x_wconf 82' lang='grc'><strong>444.</strong></span> <span class='ocrx_word' id='word_1_356' title='bbox 772 2198 940 2267; x_wconf 88' lang='lat' dir='ltr'><strong><em>commissis,</em></strong></span> 
     </span>
     <span class='ocr_line' id='line_1_30' title="bbox 89 2287 941 2361; baseline -0.004 -14"><span class='ocrx_word' id='word_1_357' title='bbox 89 2291 194 2348; x_wconf 87' lang='lat' dir='ltr'><strong><em>liberas</em></strong></span> <span class='ocrx_word' id='word_1_358' title='bbox 214 2289 379 2346; x_wconf 84' lang='lat' dir='ltr'><strong><em>inveniebat</em></strong></span> <span class='ocrx_word' id='word_1_359' title='bbox 395 2306 401 2344; x_wconf 93' lang='lat'>:</span> <span class='ocrx_word' id='word_1_360' title='bbox 426 2288 551 2345; x_wconf 84' lang='lat' dir='ltr'><strong><em>maxime</em></strong></span> <span class='ocrx_word' id='word_1_361' title='bbox 566 2304 632 2344; x_wconf 91' lang='lat' dir='ltr'><strong><em>cum</em></strong></span> <span class='ocrx_word' id='word_1_362' title='bbox 646 2304 676 2345; x_wconf 89' lang='lat' dir='ltr'><strong><em>se</em></strong></span> <span class='ocrx_word' id='word_1_363' title='bbox 690 2287 833 2361; x_wconf 85' lang='lat' dir='ltr'><strong><em>ejusmodi</em></strong></span> <span class='ocrx_word' id='word_1_364' title='bbox 847 2287 941 2344; x_wconf 91' lang='lat' dir='ltr'><strong><em>studio</em></strong></span> 
     </span>
     <span class='ocr_line' id='line_1_31' title="bbox 88 2377 940 2450; baseline -0.005 -13"><span class='ocrx_word' id='word_1_365' title='bbox 88 2398 148 2437; x_wconf 90' lang='lat' dir='ltr'><strong><em>non</em></strong></span> <span class='ocrx_word' id='word_1_366' title='bbox 174 2379 229 2436; x_wconf 91' lang='lat' dir='ltr'><strong><em>sibi</em></strong></span> <span class='ocrx_word' id='word_1_367' title='bbox 256 2378 321 2450; x_wconf 87' lang='lat' dir='ltr'><strong><em>soli,</em></strong></span> <span class='ocrx_word' id='word_1_368' title='bbox 349 2378 397 2434; x_wconf 89' lang='lat' dir='ltr'><strong><em>sed</em></strong></span> <span class='ocrx_word' id='word_1_369' title='bbox 424 2379 558 2434; x_wconf 75' lang='lat' dir='ltr'><strong><em>fraternae</em></strong></span> <span class='ocrx_word' id='word_1_370' title='bbox 583 2377 715 2433; x_wconf 87' lang='lat' dir='ltr'><strong><em>charitati</em></strong></span> <span class='ocrx_word' id='word_1_371' title='bbox 741 2377 827 2433; x_wconf 89' lang='lat' dir='ltr'><strong><em>simul</em></strong></span> <span class='ocrx_word' id='word_1_372' title='bbox 852 2377 940 2448; x_wconf 89' lang='lat' dir='ltr'><strong><em>prod-</em></strong></span> 
     </span>
     <span class='ocr_line' id='line_1_32' title="bbox 88 2465 941 2540; baseline -0.001 -18"><span class='ocrx_word' id='word_1_373' title='bbox 88 2484 148 2523; x_wconf 85' lang='lat' dir='ltr'><strong><em>esse</em></strong></span> <span class='ocrx_word' id='word_1_374' title='bbox 175 2472 295 2540; x_wconf 88' lang='lat' dir='ltr'><strong><em>optaret.</em></strong></span> <span class='ocrx_word' id='word_1_375' title='bbox 321 2467 412 2524; x_wconf 71' lang='lat' dir='ltr'><strong><em>ueste</em></strong></span> <span class='ocrx_word' id='word_1_376' title='bbox 444 2465 555 2522; x_wconf 78' lang='lat' dir='ltr'><strong><em>deliciae</em></strong></span> <span class='ocrx_word' id='word_1_377' title='bbox 585 2466 674 2538; x_wconf 87' lang='lat' dir='ltr'><strong><em>ipsius</em></strong></span> <span class='ocrx_word' id='word_1_378' title='bbox 706 2470 787 2522; x_wconf 89' lang='lat' dir='ltr'><strong><em>erant</em></strong></span> <span class='ocrx_word' id='word_1_379' title='bbox 815 2465 941 2537; x_wconf 87' lang='lat' dir='ltr'><strong><em>Scriptu-</em></strong></span> 
     </span>
     <span class='ocr_line' id='line_1_33' title="bbox 88 2553 941 2627; baseline -0.005 -15"><span class='ocrx_word' id='word_1_380' title='bbox 88 2573 128 2612; x_wconf 68' lang='lat' dir='ltr'><strong><em>ras</em></strong></span> <span class='ocrx_word' id='word_1_381' title='bbox 152 2555 217 2625; x_wconf 88' lang='lat' dir='ltr'><strong><em>Dei;</em></strong></span> <span class='ocrx_word' id='word_1_382' title='bbox 242 2555 322 2627; x_wconf 84' lang='lat' dir='ltr'><strong><em>cujus</em></strong></span> <span class='ocrx_word' id='word_1_383' title='bbox 343 2571 397 2610; x_wconf 78' lang='lat' dir='ltr'><strong><em>uox</em></strong></span> <span class='ocrx_word' id='word_1_384' title='bbox 421 2554 511 2626; x_wconf 89' lang='lat' dir='ltr'><strong><em>ipsius</em></strong></span> <span class='ocrx_word' id='word_1_385' title='bbox 538 2554 688 2627; x_wconf 88' lang='lat' dir='ltr'><strong><em>gaudium,</em></strong></span> <span class='ocrx_word' id='word_1_386' title='bbox 712 2554 795 2626; x_wconf 89' lang='lat' dir='ltr'><strong><em>cujus</em></strong></span> <span class='ocrx_word' id='word_1_387' title='bbox 819 2570 874 2609; x_wconf 82' lang='lat' dir='ltr'><strong><em>vox</em></strong></span> <span class='ocrx_word' id='word_1_388' title='bbox 900 2553 941 2608; x_wconf 92' lang='lat' dir='ltr'><strong><em>illi</em></strong></span> 
     </span>
     <span class='ocr_line' id='line_1_34' title="bbox 88 2642 939 2717; baseline -0.002 -17"><span class='ocrx_word' id='word_1_389' title='bbox 88 2649 150 2700; x_wconf 86' lang='lat' dir='ltr'><strong><em>erat</em></strong></span> <span class='ocrx_word' id='word_1_390' title='bbox 177 2660 264 2717; x_wconf 86' lang='lat' dir='ltr'><strong><em>super</em></strong></span> <span class='ocrx_word' id='word_1_391' title='bbox 295 2643 470 2699; x_wconf 84' lang='lat' dir='ltr'><strong><em>affluentiam</em></strong></span> <span class='ocrx_word' id='word_1_392' title='bbox 504 2643 686 2715; x_wconf 83' lang='lat' dir='ltr'><strong><em>voluptatum</em></strong></span> <span class='ocrx_word' id='word_1_393' title='bbox 721 2642 813 2716; x_wconf 79' lang='grc'><strong>(1444,</strong></span> <span class='ocrx_word' id='word_1_394' title='bbox 842 2659 870 2698; x_wconf 94' lang='lat' dir='ltr'><strong><em>n.</em></strong></span> <span class='ocrx_word' id='word_1_395' title='bbox 901 2645 939 2712; x_wconf 93' lang='grc'><strong>3).</strong></span> 
     </span>
     <span class='ocr_line' id='line_1_35' title="bbox 89 2732 942 2806; baseline -0.005 -16"><span class='ocrx_word' id='word_1_396' title='bbox 89 2734 283 2805; x_wconf 77' lang='lat' dir='ltr'><strong><em>Praeterquam</em></strong></span> <span class='ocrx_word' id='word_1_397' title='bbox 304 2733 382 2806; x_wconf 89' lang='lat' dir='ltr'><strong><em>quod</em></strong></span> <span class='ocrx_word' id='word_1_398' title='bbox 400 2732 432 2788; x_wconf 91' lang='lat' dir='ltr'><strong><em>in</em></strong></span> <span class='ocrx_word' id='word_1_399' title='bbox 455 2749 553 2788; x_wconf 90' lang='lat' dir='ltr'><strong><em>rerum</em></strong></span> <span class='ocrx_word' id='word_1_400' title='bbox 575 2732 662 2789; x_wconf 89' lang='lat' dir='ltr'><strong><em>etiam</em></strong></span> <span class='ocrx_word' id='word_1_401' title='bbox 683 2735 845 2790; x_wconf 85' lang='lat' dir='ltr'><strong><em>creatarum</em></strong></span> <span class='ocrx_word' id='word_1_402' title='bbox 870 2748 942 2788; x_wconf 91' lang='lat' dir='ltr'><strong><em>eon-</em></strong></span> 
     </span>
     <span class='ocr_line' id='line_1_36' title="bbox 88 2820 941 2895; baseline -0.004 -17"><span class='ocrx_word' id='word_1_403' title='bbox 88 2821 261 2878; x_wconf 89' lang='lat' dir='ltr'><strong><em>sideratione</em></strong></span> <span class='ocrx_word' id='word_1_404' title='bbox 287 2824 376 2878; x_wconf 88' lang='lat' dir='ltr'><strong><em>Deum</em></strong></span> <span class='ocrx_word' id='word_1_405' title='bbox 405 2838 549 2895; x_wconf 88' lang='lat' dir='ltr'><strong><em>quaerens,</em></strong></span> <span class='ocrx_word' id='word_1_406' title='bbox 582 2839 614 2878; x_wconf 89' lang='lat' dir='ltr'><strong><em>ae</em></strong></span> <span class='ocrx_word' id='word_1_407' title='bbox 642 2822 678 2878; x_wconf 87' lang='lat' dir='ltr'><strong><em>de</em></strong></span> <span class='ocrx_word' id='word_1_408' title='bbox 712 2820 847 2878; x_wconf 92' lang='lat' dir='ltr'><strong><em>omnibus</em></strong></span> <span class='ocrx_word' id='word_1_409' title='bbox 875 2837 941 2876; x_wconf 88' lang='lat' dir='ltr'><strong><em>eum</em></strong></span> 
     </span>
     <span class='ocr_line' id='line_1_37' title="bbox 86 2910 941 2984; baseline -0.002 -18"><span class='ocrx_word' id='word_1_410' title='bbox 86 2911 248 2979; x_wconf 88' lang='lat' dir='ltr'><strong><em>consulens,</em></strong></span> <span class='ocrx_word' id='word_1_411' title='bbox 265 2911 383 2979; x_wconf 82' lang='lat' dir='ltr'><strong><em>ausint,</em></strong></span> <span class='ocrx_word' id='word_1_412' title='bbox 398 2910 469 2983; x_wconf 88' lang='lat' dir='ltr'><strong><em>qnid</em></strong></span> <span class='ocrx_word' id='word_1_413' title='bbox 488 2910 555 2975; x_wconf 88' lang='lat' dir='ltr'><strong><em>sint,</em></strong></span> <span class='ocrx_word' id='word_1_414' title='bbox 569 2914 598 2967; x_wconf 89' lang='lat' dir='ltr'><strong><em>et</em></strong></span> <span class='ocrx_word' id='word_1_415' title='bbox 616 2910 718 2984; x_wconf 86' lang='lat' dir='ltr'><strong><em>quanti</em></strong></span> <span class='ocrx_word' id='word_1_416' title='bbox 733 2926 856 2983; x_wconf 77' lang='lat' dir='ltr'><strong><em>quaeque</em></strong></span> <span class='ocrx_word' id='word_1_417' title='bbox 871 2926 941 2983; x_wconf 90' lang='lat' dir='ltr'><strong><em>pen·</em></strong></span> 
     </span>
     <span class='ocr_line' id='line_1_38' title="bbox 88 2998 943 3071; baseline 0 -17"><span class='ocrx_word' id='word_1_418' title='bbox 88 2998 180 3055; x_wconf 88' lang='lat' dir='ltr'><strong><em>denda</em></strong></span> <span class='ocrx_word' id='word_1_419' title='bbox 197 2999 265 3066; x_wconf 90' lang='lat' dir='ltr'><strong><em>sint,</em></strong></span> <span class='ocrx_word' id='word_1_420' title='bbox 281 3000 415 3056; x_wconf 89' lang='lat' dir='ltr'><strong><em>audiebat</em></strong></span> <span class='ocrx_word' id='word_1_421' title='bbox 432 2999 574 3055; x_wconf 86' lang='lat' dir='ltr'><strong><em>dicentem</em></strong></span> <span class='ocrx_word' id='word_1_422' title='bbox 594 3017 626 3055; x_wconf 92' lang='lat' dir='ltr'><strong><em>ae</em></strong></span> <span class='ocrx_word' id='word_1_423' title='bbox 641 3000 803 3071; x_wconf 88' lang='lat' dir='ltr'><strong><em>jubentem.</em></strong></span> <span class='ocrx_word' id='word_1_424' title='bbox 820 3003 856 3056; x_wconf 78' lang='lat' dir='ltr'><strong><em>ne</em></strong></span> <span class='ocrx_word' id='word_1_425' title='bbox 874 3014 943 3070; x_wconf 73' lang='lat' dir='ltr'><strong><em>sepe</em></strong></span> 
     </span>
     <span class='ocr_line' id='line_1_39' title="bbox 88 3072 942 3159; baseline 0 -15"><span class='ocrx_word' id='word_1_426' title='bbox 88 3089 164 3144; x_wconf 90' lang='lat' dir='ltr'><strong><em>istud</em></strong></span> <span class='ocrx_word' id='word_1_427' title='bbox 174 3091 258 3157; x_wconf 76' lang='lat' dir='ltr'><strong><em>socio,</em></strong></span> <span class='ocrx_word' id='word_1_428' title='bbox 272 3087 382 3159; x_wconf 90' lang='lat' dir='ltr'><strong><em>inquit;</em></strong></span> <span class='ocrx_word' id='word_1_429' title='bbox 396 3089 442 3143; x_wconf 92' lang='lat' dir='ltr'><strong><em>hoc</em></strong></span> <span class='ocrx_word' id='word_1_430' title='bbox 455 3104 496 3143; x_wconf 94' lang='lat' dir='ltr'><strong><em>me</em></strong></span> <span class='ocrx_word' id='word_1_431' title='bbox 510 3089 633 3155; x_wconf 85' lang='lat' dir='ltr'><strong><em>detestat,</em></strong></span> <span class='ocrx_word' id='word_1_432' title='bbox 647 3095 671 3144; x_wconf 92' lang='lat' dir='ltr'><strong><em>ct</em></strong></span> <span class='ocrx_word' id='word_1_433' title='bbox 682 3089 715 3142; x_wconf 88' lang='lat' dir='ltr'><strong><em>ub</em></strong></span> <span class='ocrx_word' id='word_1_434' title='bbox 731 3089 882 3144; x_wconf 87' lang='lat' dir='ltr'><strong><em>actionibus</em></strong></span> <span class='ocrx_word' id='word_1_435' title='bbox 896 3072 942 3144; x_wconf 82' lang='lat' dir='ltr'><strong><em>nc·</em></strong></span> 
     </span>
     <span class='ocr_line' id='line_1_40' title="bbox 89 3177 943 3249; baseline 0.001 -16"><span class='ocrx_word' id='word_1_436' title='bbox 89 3179 223 3233; x_wconf 85' lang='grc'><strong>4444444444</strong></span> <span class='ocrx_word' id='word_1_437' title='bbox 233 3181 366 3247; x_wconf 86' lang='lat' dir='ltr'><strong><em>quantum</em></strong></span> <span class='ocrx_word' id='word_1_438' title='bbox 376 3177 501 3231; x_wconf 78' lang='lat' dir='ltr'><strong><em>reinseri</em></strong></span> <span class='ocrx_word' id='word_1_439' title='bbox 508 3192 630 3247; x_wconf 91' lang='lat' dir='ltr'><strong><em>possum,</em></strong></span> <span class='ocrx_word' id='word_1_440' title='bbox 640 3178 677 3232; x_wconf 91' lang='lat' dir='ltr'><strong><em>ad</em></strong></span> <span class='ocrx_word' id='word_1_441' title='bbox 687 3180 767 3233; x_wconf 87' lang='lat' dir='ltr'><strong><em>istem</em></strong></span> <span class='ocrx_word' id='word_1_442' title='bbox 778 3179 943 3249; x_wconf 86' lang='lat' dir='ltr'><strong><em>uoluptatem</em></strong></span> 
     </span>
     <span class='ocr_line' id='line_1_41' title="bbox 88 3267 942 3338; baseline 0 -13"><span class='ocrx_word' id='word_1_443' title='bbox 88 3270 205 3336; x_wconf 74' lang='lat' dir='ltr'><strong><em>retuqio.</em></strong></span> <span class='ocrx_word' id='word_1_444' title='bbox 222 3268 314 3338; x_wconf 85' lang='lat' dir='ltr'><strong><em>licque</em></strong></span> <span class='ocrx_word' id='word_1_445' title='bbox 332 3269 362 3322; x_wconf 91' lang='lat' dir='ltr'><strong><em>in</em></strong></span> <span class='ocrx_word' id='word_1_446' title='bbox 384 3268 426 3322; x_wconf 91' lang='lat' dir='ltr'><strong><em>his</em></strong></span> <span class='ocrx_word' id='word_1_447' title='bbox 441 3267 563 3323; x_wconf 88' lang='lat' dir='ltr'><strong><em>omnibus</em></strong></span> <span class='ocrx_word' id='word_1_448' title='bbox 578 3283 637 3337; x_wconf 81' lang='lat' dir='ltr'><strong><em>quoe</em></strong></span> <span class='ocrx_word' id='word_1_449' title='bbox 648 3283 788 3338; x_wconf 86' lang='lat' dir='ltr'><strong><em>percurro,</em></strong></span> <span class='ocrx_word' id='word_1_450' title='bbox 805 3269 942 3325; x_wconf 80' lang='lat' dir='ltr'><strong><em>emuniens</em></strong></span> 
     </span>
     <span class='ocr_line' id='line_1_42' title="bbox 89 3355 941 3426; baseline 0 -14"><span class='ocrx_word' id='word_1_451' title='bbox 89 3363 124 3424; x_wconf 90' lang='lat' dir='ltr'><strong><em>te,</em></strong></span> <span class='ocrx_word' id='word_1_452' title='bbox 138 3356 245 3411; x_wconf 88' lang='lat' dir='ltr'><strong><em>invenio</em></strong></span> <span class='ocrx_word' id='word_1_453' title='bbox 258 3359 346 3410; x_wconf 86' lang='lat' dir='ltr'><strong><em>tutum</em></strong></span> <span class='ocrx_word' id='word_1_454' title='bbox 361 3355 447 3410; x_wconf 89' lang='lat' dir='ltr'><strong><em>locum</em></strong></span> <span class='ocrx_word' id='word_1_455' title='bbox 461 3357 559 3412; x_wconf 79' lang='lat' dir='ltr'><strong><em>animae</em></strong></span> <span class='ocrx_word' id='word_1_456' title='bbox 568 3371 644 3423; x_wconf 79' lang='lat' dir='ltr'><strong><em>mea,</em></strong></span> <span class='ocrx_word' id='word_1_457' title='bbox 658 3357 715 3412; x_wconf 86' lang='lat' dir='ltr'><strong><em>nisi</em></strong></span> <span class='ocrx_word' id='word_1_458' title='bbox 727 3359 756 3411; x_wconf 91' lang='lat' dir='ltr'><strong><em>in</em></strong></span> <span class='ocrx_word' id='word_1_459' title='bbox 771 3361 805 3424; x_wconf 88' lang='lat' dir='ltr'><strong><em>te,</em></strong></span> <span class='ocrx_word' id='word_1_460' title='bbox 821 3372 874 3426; x_wconf 89' lang='lat' dir='ltr'><strong><em>qno</em></strong></span> <span class='ocrx_word' id='word_1_461' title='bbox 888 3357 941 3412; x_wconf 90' lang='lat' dir='ltr'><strong><em>cot·</em></strong></span> 
     </span>
     <span class='ocr_line' id='line_1_43' title="bbox 89 3443 940 3515; baseline -0.001 -14"><span class='ocrx_word' id='word_1_462' title='bbox 89 3446 211 3514; x_wconf 88' lang='lat' dir='ltr'><strong><em>tiqontur</em></strong></span> <span class='ocrx_word' id='word_1_463' title='bbox 226 3458 324 3515; x_wconf 84' lang='lat' dir='ltr'><strong><em>sparsa</em></strong></span> <span class='ocrx_word' id='word_1_464' title='bbox 342 3460 412 3512; x_wconf 91' lang='lat' dir='ltr'><strong><em>mec,</em></strong></span> <span class='ocrx_word' id='word_1_465' title='bbox 426 3459 473 3500; x_wconf 91' lang='lat' dir='ltr'><strong><em>nce</em></strong></span> <span class='ocrx_word' id='word_1_466' title='bbox 488 3460 506 3499; x_wconf 91' lang='lat' dir='ltr'><strong><em>a</em></strong></span> <span class='ocrx_word' id='word_1_467' title='bbox 521 3448 546 3500; x_wconf 90' lang='lat' dir='ltr'><strong><em>te</em></strong></span> <span class='ocrx_word' id='word_1_468' title='bbox 558 3443 709 3514; x_wconf 88' lang='lat' dir='ltr'><strong><em>quidquam</em></strong></span> <span class='ocrx_word' id='word_1_469' title='bbox 722 3446 830 3501; x_wconf 90' lang='lat' dir='ltr'><strong><em>recedat</em></strong></span> <span class='ocrx_word' id='word_1_470' title='bbox 843 3461 877 3501; x_wconf 84' lang='lat' dir='ltr'><strong><em>ec</em></strong></span> <span class='ocrx_word' id='word_1_471' title='bbox 890 3462 940 3500; x_wconf 90' lang='lat' dir='ltr'><strong><em>me.</em></strong></span> 
     </span>
     <span class='ocr_line' id='line_1_44' title="bbox 88 3534 942 3606; baseline -0.004 -15"><span class='ocrx_word' id='word_1_472' title='bbox 88 3539 123 3592; x_wconf 84' lang='lat' dir='ltr'><strong><em>Et</em></strong></span> <span class='ocrx_word' id='word_1_473' title='bbox 133 3534 282 3606; x_wconf 90' lang='lat' dir='ltr'><strong><em>aliquando</em></strong></span> <span class='ocrx_word' id='word_1_474' title='bbox 294 3536 455 3590; x_wconf 85' lang='lat' dir='ltr'><strong><em>intromittis</em></strong></span> <span class='ocrx_word' id='word_1_475' title='bbox 467 3550 508 3590; x_wconf 92' lang='lat' dir='ltr'><strong><em>me</em></strong></span> <span class='ocrx_word' id='word_1_476' title='bbox 519 3536 549 3589; x_wconf 91' lang='lat' dir='ltr'><strong><em>in</em></strong></span> <span class='ocrx_word' id='word_1_477' title='bbox 559 3534 685 3604; x_wconf 67' lang='lat' dir='ltr'><strong><em>affectum</em></strong></span> <span class='ocrx_word' id='word_1_478' title='bbox 698 3535 813 3590; x_wconf 89' lang='lat' dir='ltr'><strong><em>multum</em></strong></span> <span class='ocrx_word' id='word_1_479' title='bbox 825 3536 942 3591; x_wconf 88' lang='lat' dir='ltr'><strong><em>inusita-</em></strong></span> 
     </span>
     <span class='ocr_line' id='line_1_45' title="bbox 88 3622 942 3696; baseline -0.002 -16"><span class='ocrx_word' id='word_1_480' title='bbox 88 3629 144 3680; x_wconf 91' lang='lat' dir='ltr'><strong><em>tum</em></strong></span> <span class='ocrx_word' id='word_1_481' title='bbox 158 3626 303 3690; x_wconf 88' lang='lat' dir='ltr'><strong><em>introrsus,</em></strong></span> <span class='ocrx_word' id='word_1_482' title='bbox 318 3623 355 3679; x_wconf 89' lang='lat' dir='ltr'><strong><em>ad</em></strong></span> <span class='ocrx_word' id='word_1_483' title='bbox 369 3625 457 3680; x_wconf 87' lang='lat' dir='ltr'><strong><em>neseio</em></strong></span> <span class='ocrx_word' id='word_1_484' title='bbox 470 3622 552 3693; x_wconf 78' lang='lat' dir='ltr'><strong><em>quatre</em></strong></span> <span class='ocrx_word' id='word_1_485' title='bbox 564 3623 751 3690; x_wconf 69' lang='lat' dir='ltr'><strong><em>dulcedinemr</em></strong></span> <span class='ocrx_word' id='word_1_486' title='bbox 767 3640 827 3696; x_wconf 78' lang='lat' dir='ltr'><strong><em>qua</em></strong></span> <span class='ocrx_word' id='word_1_487' title='bbox 841 3625 867 3679; x_wconf 89' lang='lat' dir='ltr'><strong><em>si</em></strong></span> <span class='ocrx_word' id='word_1_488' title='bbox 878 3639 942 3694; x_wconf 89' lang='lat' dir='ltr'><strong><em>per-</em></strong></span> 
     </span>
     <span class='ocr_line' id='line_1_46' title="bbox 86 3712 941 3783; baseline -0.002 -15"><span class='ocrx_word' id='word_1_489' title='bbox 86 3715 240 3783; x_wconf 71' lang='lat' dir='ltr'><strong><em>patalaria</em></strong></span> <span class='ocrx_word' id='word_1_490' title='bbox 254 3727 306 3779; x_wconf 89' lang='lat' dir='ltr'><strong><em>me,</em></strong></span> <span class='ocrx_word' id='word_1_491' title='bbox 321 3714 410 3767; x_wconf 87' lang='lat' dir='ltr'><strong><em>neseio</em></strong></span> <span class='ocrx_word' id='word_1_492' title='bbox 426 3712 494 3782; x_wconf 90' lang='lat' dir='ltr'><strong><em>quid</em></strong></span> <span class='ocrx_word' id='word_1_493' title='bbox 507 3714 570 3779; x_wconf 88' lang='lat' dir='ltr'><strong><em>erit,</em></strong></span> <span class='ocrx_word' id='word_1_494' title='bbox 586 3712 659 3783; x_wconf 89' lang='lat' dir='ltr'><strong><em>quod</em></strong></span> <span class='ocrx_word' id='word_1_495' title='bbox 672 3712 732 3770; x_wconf 87' lang='lat' dir='ltr'><strong><em>vito</em></strong></span> <span class='ocrx_word' id='word_1_496' title='bbox 745 3716 800 3769; x_wconf 88' lang='lat' dir='ltr'><strong><em>isto</em></strong></span> <span class='ocrx_word' id='word_1_497' title='bbox 814 3729 868 3769; x_wconf 89' lang='lat' dir='ltr'><strong><em>non</em></strong></span> <span class='ocrx_word' id='word_1_498' title='bbox 881 3714 941 3768; x_wconf 89' lang='lat' dir='ltr'><strong><em>erit.</em></strong></span> 
     </span>
     <span class='ocr_line' id='line_1_47' title="bbox 88 3800 944 3872; baseline -0.002 -14"><span class='ocrx_word' id='word_1_499' title='bbox 88 3800 141 3858; x_wconf 88' lang='lat' dir='ltr'><strong><em>Sed</em></strong></span> <span class='ocrx_word' id='word_1_500' title='bbox 160 3801 251 3857; x_wconf 91' lang='lat' dir='ltr'><strong><em>recido</em></strong></span> <span class='ocrx_word' id='word_1_501' title='bbox 265 3802 295 3855; x_wconf 89' lang='lat' dir='ltr'><strong><em>in</em></strong></span> <span class='ocrx_word' id='word_1_502' title='bbox 318 3801 373 3856; x_wconf 82' lang='lat' dir='ltr'><strong><em>hece</em></strong></span> <span class='ocrx_word' id='word_1_503' title='bbox 394 3804 550 3857; x_wconf 79' lang='lat' dir='ltr'><strong><em>aemmnosis</em></strong></span> <span class='ocrx_word' id='word_1_504' title='bbox 572 3802 745 3872; x_wconf 87' lang='lat' dir='ltr'><strong><em>ponderibus,</em></strong></span> <span class='ocrx_word' id='word_1_505' title='bbox 760 3806 786 3858; x_wconf 93' lang='lat' dir='ltr'><strong><em>et</em></strong></span> <span class='ocrx_word' id='word_1_506' title='bbox 808 3803 944 3859; x_wconf 86' lang='lat' dir='ltr'><strong><em>resorbeor</em></strong></span> 
     </span>
     <span class='ocr_line' id='line_1_48' title="bbox 87 3890 942 3959; baseline -0.001 -14"><span class='ocrx_word' id='word_1_507' title='bbox 87 3890 192 3956; x_wconf 88' lang='lat' dir='ltr'><strong><em>solutis,</em></strong></span> <span class='ocrx_word' id='word_1_508' title='bbox 208 3893 233 3944; x_wconf 91' lang='lat' dir='ltr'><strong><em>et</em></strong></span> <span class='ocrx_word' id='word_1_509' title='bbox 252 3893 359 3955; x_wconf 68' lang='lat' dir='ltr'><strong><em>tentore</em></strong></span> <span class='ocrx_word' id='word_1_510' title='bbox 379 3894 405 3945; x_wconf 91' lang='lat' dir='ltr'><strong><em>et</em></strong></span> <span class='ocrx_word' id='word_1_511' title='bbox 424 3892 540 3945; x_wconf 90' lang='lat' dir='ltr'><strong><em>muttum</em></strong></span> <span class='ocrx_word' id='word_1_512' title='bbox 562 3893 621 3959; x_wconf 78' lang='grc'><strong>444,</strong></span> <span class='ocrx_word' id='word_1_513' title='bbox 636 3891 684 3946; x_wconf 87' lang='grc'><strong><em>444</em></strong></span> <span class='ocrx_word' id='word_1_514' title='bbox 703 3892 818 3945; x_wconf 88' lang='lat' dir='ltr'><strong><em>muttum</em></strong></span> <span class='ocrx_word' id='word_1_515' title='bbox 837 3894 942 3946; x_wconf 83' lang='lat' dir='ltr'><strong><em>teneor:</em></strong></span> 
     </span>
     <span class='ocr_line' id='line_1_49' title="bbox 88 3977 942 4047; baseline -0.001 -14"><span class='ocrx_word' id='word_1_516' title='bbox 88 3983 194 4033; x_wconf 80' lang='lat' dir='ltr'><strong><em>teritum</em></strong></span> <span class='ocrx_word' id='word_1_517' title='bbox 208 3977 410 4033; x_wconf 87' lang='lat' dir='ltr'><strong><em>consuetudinis</em></strong></span> <span class='ocrx_word' id='word_1_518' title='bbox 429 3981 538 4035; x_wconf 87' lang='lat' dir='ltr'><strong><em>sarcina</em></strong></span> <span class='ocrx_word' id='word_1_519' title='bbox 558 3979 708 4047; x_wconf 81' lang='lat' dir='ltr'><strong><em>depravat!</em></strong></span> <span class='ocrx_word' id='word_1_520' title='bbox 725 3981 774 4047; x_wconf 85' lang='lat' dir='ltr'><strong><em>lliq</em></strong></span> <span class='ocrx_word' id='word_1_521' title='bbox 786 3994 843 4034; x_wconf 90' lang='lat' dir='ltr'><strong><em>esse</em></strong></span> <span class='ocrx_word' id='word_1_522' title='bbox 855 3980 942 4035; x_wconf 71' lang='lat' dir='ltr'><strong><em>oeteo·</em></strong></span> 
     </span>
     <span class='ocr_line' id='line_1_50' title="bbox 87 4067 943 4140; baseline 0 -18"><span class='ocrx_word' id='word_1_523' title='bbox 87 4083 134 4124; x_wconf 88' lang='lat' dir='ltr'><strong><em>nec</em></strong></span> <span class='ocrx_word' id='word_1_524' title='bbox 148 4068 225 4135; x_wconf 86' lang='lat' dir='ltr'><strong><em>uoto;</em></strong></span> <span class='ocrx_word' id='word_1_525' title='bbox 241 4067 299 4122; x_wconf 86' lang='lat' dir='ltr'><strong><em>ittic</em></strong></span> <span class='ocrx_word' id='word_1_526' title='bbox 310 4067 382 4136; x_wconf 85' lang='lat' dir='ltr'><strong><em>noto,</em></strong></span> <span class='ocrx_word' id='word_1_527' title='bbox 396 4083 444 4123; x_wconf 88' lang='lat' dir='ltr'><strong><em>nee</em></strong></span> <span class='ocrx_word' id='word_1_528' title='bbox 454 4070 546 4136; x_wconf 87' lang='grc'><strong>44444;</strong></span> <span class='ocrx_word' id='word_1_529' title='bbox 561 4071 643 4124; x_wconf 87' lang='lat' dir='ltr'><strong><em>miser</em></strong></span> <span class='ocrx_word' id='word_1_530' title='bbox 654 4068 797 4139; x_wconf 82' lang='lat' dir='ltr'><strong><em>utrobique</em></strong></span> <span class='ocrx_word' id='word_1_531' title='bbox 811 4067 892 4140; x_wconf 86' lang='lat' dir='ltr'><strong><em>(ibid.</em></strong></span> <span class='ocrx_word' id='word_1_532' title='bbox 909 4069 943 4124; x_wconf 89' lang='lat' dir='ltr'><strong><em>li-</em></strong></span> 
     </span>
     <span class='ocr_line' id='line_1_51' title="bbox 88 4157 944 4230; baseline 0 -18"><span class='ocrx_word' id='word_1_533' title='bbox 88 4158 134 4214; x_wconf 88' lang='lat' dir='ltr'><strong><em>bro</em></strong></span> <span class='ocrx_word' id='word_1_534' title='bbox 155 4159 197 4225; x_wconf 95' lang='grc'><strong>10,</strong></span> <span class='ocrx_word' id='word_1_535' title='bbox 212 4172 271 4227; x_wconf 88' lang='lat' dir='ltr'><strong><em>cap.</em></strong></span> <span class='ocrx_word' id='word_1_536' title='bbox 291 4158 337 4225; x_wconf 85' lang='grc'><strong><em>40,</em></strong></span> <span class='ocrx_word' id='word_1_537' title='bbox 354 4173 383 4213; x_wconf 95' lang='lat' dir='ltr'><strong><em>n.</em></strong></span> <span class='ocrx_word' id='word_1_538' title='bbox 404 4160 463 4227; x_wconf 83' lang='grc'><strong>05).</strong></span> <span class='ocrx_word' id='word_1_539' title='bbox 484 4159 522 4213; x_wconf 82' lang='lat' dir='ltr'><strong><em>lix</em></strong></span> <span class='ocrx_word' id='word_1_540' title='bbox 541 4173 599 4230; x_wconf 89' lang='lat' dir='ltr'><strong><em>quo</em></strong></span> <span class='ocrx_word' id='word_1_541' title='bbox 614 4160 705 4214; x_wconf 86' lang='lat' dir='ltr'><strong><em>Deum</em></strong></span> <span class='ocrx_word' id='word_1_542' title='bbox 720 4157 870 4225; x_wconf 87' lang='lat' dir='ltr'><strong><em>didicerat,</em></strong></span> <span class='ocrx_word' id='word_1_543' title='bbox 886 4173 944 4214; x_wconf 90' lang='lat' dir='ltr'><strong><em>non</em></strong></span> 
     </span>
     <span class='ocr_line' id='line_1_52' title="bbox 87 4245 943 4303; baseline -0.004 0"><span class='ocrx_word' id='word_1_544' title='bbox 87 4247 193 4303; x_wconf 84' lang='lat' dir='ltr'><strong><em>trustra</em></strong></span> <span class='ocrx_word' id='word_1_545' title='bbox 207 4249 375 4302; x_wconf 88' lang='lat' dir='ltr'><strong><em>manentem</em></strong></span> <span class='ocrx_word' id='word_1_546' title='bbox 389 4261 455 4301; x_wconf 90' lang='lat' dir='ltr'><strong><em>eum</em></strong></span> <span class='ocrx_word' id='word_1_547' title='bbox 469 4245 593 4303; x_wconf 88' lang='lat' dir='ltr'><strong><em>habebat</em></strong></span> <span class='ocrx_word' id='word_1_548' title='bbox 602 4246 631 4302; x_wconf 91' lang='lat' dir='ltr'><strong><em>in</em></strong></span> <span class='ocrx_word' id='word_1_549' title='bbox 642 4263 693 4302; x_wconf 86' lang='lat' dir='ltr'><strong><em>sua</em></strong></span> <span class='ocrx_word' id='word_1_550' title='bbox 707 4247 846 4303; x_wconf 88' lang='lat' dir='ltr'><strong><em>memoria</em></strong></span> <span class='ocrx_word' id='word_1_551' title='bbox 861 4262 869 4302; x_wconf 77' lang='lat' dir='ltr'><strong><em>s</em></strong></span> <span class='ocrx_word' id='word_1_552' title='bbox 884 4246 943 4302; x_wconf 91' lang='lat' dir='ltr'><strong><em>illie</em></strong></span> 
     </span>
     <span class='ocr_line' id='line_1_53' title="bbox 87 4335 945 4406; baseline -0.001 -14"><span class='ocrx_word' id='word_1_553' title='bbox 87 4352 156 4392; x_wconf 89' lang='lat' dir='ltr'><strong><em>eum</em></strong></span> <span class='ocrx_word' id='word_1_554' title='bbox 174 4335 391 4403; x_wconf 66' lang='lat' dir='ltr'><strong><em>inveniebatis</em></strong></span> <span class='ocrx_word' id='word_1_555' title='bbox 409 4335 603 4392; x_wconf 83' lang='lat' dir='ltr'><strong><em>delectabatur</em></strong></span> <span class='ocrx_word' id='word_1_556' title='bbox 623 4336 653 4391; x_wconf 94' lang='lat' dir='ltr'><strong><em>in</em></strong></span> <span class='ocrx_word' id='word_1_557' title='bbox 675 4353 722 4394; x_wconf 91' lang='grc'><strong><em>44.</em></strong></span> <span class='ocrx_word' id='word_1_558' title='bbox 746 4338 795 4392; x_wconf 82' lang='grc'><strong><em>444</em></strong></span> <span class='ocrx_word' id='word_1_559' title='bbox 812 4342 885 4406; x_wconf 88' lang='lat' dir='ltr'><strong><em>sunt,</em></strong></span> <span class='ocrx_word' id='word_1_560' title='bbox 902 4336 945 4391; x_wconf 91' lang='lat' dir='ltr'><strong><em>in·</em></strong></span> 
     </span>
     <span class='ocr_line' id='line_1_54' title="bbox 88 4425 945 4498; baseline 0.007 -18"><span class='ocrx_word' id='word_1_561' title='bbox 88 4425 215 4497; x_wconf 78' lang='lat' dir='ltr'><strong><em>quiebet</em></strong></span> <span class='ocrx_word' id='word_1_562' title='bbox 230 4432 329 4483; x_wconf 78' lang='lat' dir='ltr'><strong><em>saneta</em></strong></span> <span class='ocrx_word' id='word_1_563' title='bbox 338 4426 442 4483; x_wconf 81' lang='grc'><strong>4444444</strong></span> <span class='ocrx_word' id='word_1_564' title='bbox 455 4442 529 4494; x_wconf 81' lang='lat' dir='ltr'><strong><em>mea,</em></strong></span> <span class='ocrx_word' id='word_1_565' title='bbox 546 4442 614 4498; x_wconf 88' lang='lat' dir='ltr'><strong><em>quas</em></strong></span> <span class='ocrx_word' id='word_1_566' title='bbox 628 4427 737 4483; x_wconf 85' lang='lat' dir='ltr'><strong><em>donasti</em></strong></span> <span class='ocrx_word' id='word_1_567' title='bbox 745 4428 825 4496; x_wconf 89' lang='lat' dir='ltr'><strong><em>mihi,</em></strong></span> <span class='ocrx_word' id='word_1_568' title='bbox 840 4429 945 4485; x_wconf 85' lang='lat' dir='ltr'><strong><em>miseri.</em></strong></span> 
     </span>
     <span class='ocr_line' id='line_1_55' title="bbox 90 4513 944 4588; baseline 0.002 -19"><span class='ocrx_word' id='word_1_569' title='bbox 90 4513 182 4570; x_wconf 82' lang='lat' dir='ltr'><strong><em>media</em></strong></span> <span class='ocrx_word' id='word_1_570' title='bbox 195 4519 243 4570; x_wconf 87' lang='lat' dir='ltr'><strong><em>tuo</em></strong></span> <span class='ocrx_word' id='word_1_571' title='bbox 253 4517 400 4587; x_wconf 87' lang='lat' dir='ltr'><strong><em>respiciens</em></strong></span> <span class='ocrx_word' id='word_1_572' title='bbox 407 4521 597 4588; x_wconf 86' lang='lat' dir='ltr'><strong><em>paupertatem</em></strong></span> <span class='ocrx_word' id='word_1_573' title='bbox 611 4531 697 4572; x_wconf 88' lang='lat' dir='ltr'><strong><em>meam</em></strong></span> <span class='ocrx_word' id='word_1_574' title='bbox 712 4515 807 4588; x_wconf 81' lang='grc'><strong>(4444,</strong></span> <span class='ocrx_word' id='word_1_575' title='bbox 822 4532 883 4586; x_wconf 89' lang='lat' dir='ltr'><strong><em>cop.</em></strong></span> <span class='ocrx_word' id='word_1_576' title='bbox 897 4518 944 4584; x_wconf 77' lang='lat' dir='ltr'><strong><em>ti,</em></strong></span> 
     </span>
     <span class='ocr_line' id='line_1_56' title="bbox 90 4602 189 4673; baseline 0 -15"><span class='ocrx_word' id='word_1_577' title='bbox 90 4619 117 4658; x_wconf 89' lang='lat' dir='ltr'><strong><em>n.</em></strong></span> <span class='ocrx_word' id='word_1_578' title='bbox 134 4602 189 4673; x_wconf 79' lang='grc'><strong>34).</strong></span> 
     </span>
    </p>

    <p class='ocr_par' dir='ltr' id='par_1_7' title="bbox 79 4691 944 5384">
     <span class='ocr_line' id='line_1_57' title="bbox 124 4691 944 4767; baseline 0.001 -20"><span class='ocrx_word' id='word_1_579' title='bbox 124 4694 151 4748; x_wconf 92' lang='grc'><strong><em>3.</em></strong></span> <span class='ocrx_word' id='word_1_580' title='bbox 171 4691 252 4757; x_wconf 85' lang='lat' dir='ltr'><strong><em>Quod</em></strong></span> <span class='ocrx_word' id='word_1_581' title='bbox 268 4691 303 4748; x_wconf 91' lang='lat' dir='ltr'><strong><em>ad</em></strong></span> <span class='ocrx_word' id='word_1_582' title='bbox 319 4694 428 4750; x_wconf 86' lang='lat' dir='ltr'><strong><em>cultum</em></strong></span> <span class='ocrx_word' id='word_1_583' title='bbox 442 4693 569 4767; x_wconf 87' lang='lat' dir='ltr'><strong><em>&#39;eorporis</em></strong></span> <span class='ocrx_word' id='word_1_584' title='bbox 590 4693 715 4750; x_wconf 84' lang='lat' dir='ltr'><strong><em>attinet:</em></strong></span> <span class='ocrx_word' id='word_1_585' title='bbox 733 4695 824 4750; x_wconf 86' lang='lat' dir='ltr'><strong><em>Vestes</em></strong></span> <span class='ocrx_word' id='word_1_586' title='bbox 839 4693 899 4763; x_wconf 83' lang='lat' dir='ltr'><strong><em>ejus</em></strong></span> <span class='ocrx_word' id='word_1_587' title='bbox 920 4698 944 4748; x_wconf 90' lang='lat' dir='ltr'><strong><em>et</em></strong></span> 
     </span>
     <span class='ocr_line' id='line_1_58' title="bbox 81 4780 943 4853; baseline 0.001 -17"><span class='ocrx_word' id='word_1_588' title='bbox 81 4780 267 4842; x_wconf 79' lang='grc'><strong>4444444444</strong></span> <span class='ocrx_word' id='word_1_589' title='bbox 277 4782 320 4837; x_wconf 87' lang='grc'><strong><em>444</em></strong></span> <span class='ocrx_word' id='word_1_590' title='bbox 334 4783 461 4839; x_wconf 83' lang='lat' dir='ltr'><strong><em>lectualia</em></strong></span> <span class='ocrx_word' id='word_1_591' title='bbox 474 4799 508 4840; x_wconf 83' lang='grc'><strong><em>44</em></strong></span> <span class='ocrx_word' id='word_1_592' title='bbox 521 4783 659 4839; x_wconf 87' lang='lat' dir='ltr'><strong><em>moderato</em></strong></span> <span class='ocrx_word' id='word_1_593' title='bbox 673 4785 832 4853; x_wconf 87' lang='lat' dir='ltr'><strong><em>competenti</em></strong></span> <span class='ocrx_word' id='word_1_594' title='bbox 846 4783 943 4838; x_wconf 86' lang='lat' dir='ltr'><strong><em>habitu</em></strong></span> 
     </span>
     <span class='ocr_line' id='line_1_59' title="bbox 79 4869 944 4943; baseline 0.003 -21"><span class='ocrx_word' id='word_1_595' title='bbox 79 4872 175 4938; x_wconf 83' lang='lat' dir='ltr'><strong><em>erant,</em></strong></span> <span class='ocrx_word' id='word_1_596' title='bbox 190 4883 236 4925; x_wconf 89' lang='lat' dir='ltr'><strong><em>nec</em></strong></span> <span class='ocrx_word' id='word_1_597' title='bbox 253 4869 346 4924; x_wconf 90' lang='lat' dir='ltr'><strong><em>nitide</em></strong></span> <span class='ocrx_word' id='word_1_598' title='bbox 366 4872 491 4939; x_wconf 91' lang='lat' dir='ltr'><strong><em>nimium,</em></strong></span> <span class='ocrx_word' id='word_1_599' title='bbox 506 4887 553 4928; x_wconf 90' lang='lat' dir='ltr'><strong><em>nee</em></strong></span> <span class='ocrx_word' id='word_1_600' title='bbox 572 4872 679 4943; x_wconf 81' lang='lat' dir='ltr'><strong><em>objecto</em></strong></span> <span class='ocrx_word' id='word_1_601' title='bbox 689 4872 861 4942; x_wconf 84' lang='lat' dir='ltr'><strong><em>plurimum:</em></strong></span> <span class='ocrx_word' id='word_1_602' title='bbox 879 4872 944 4941; x_wconf 89' lang='lat' dir='ltr'><strong><em>quin</em></strong></span> 
     </span>
     <span class='ocr_line' id='line_1_60' title="bbox 88 4957 942 5029; baseline 0.002 -18"><span class='ocrx_word' id='word_1_603' title='bbox 88 4957 131 5012; x_wconf 88' lang='lat' dir='ltr'><strong><em>his</em></strong></span> <span class='ocrx_word' id='word_1_604' title='bbox 145 4957 306 5026; x_wconf 82' lang='lat' dir='ltr'><strong><em>pierumque</em></strong></span> <span class='ocrx_word' id='word_1_605' title='bbox 327 4958 370 5013; x_wconf 89' lang='grc'><strong><em>444</em></strong></span> <span class='ocrx_word' id='word_1_606' title='bbox 389 4959 494 5029; x_wconf 77' lang='lat' dir='ltr'><strong><em>jactare</em></strong></span> <span class='ocrx_word' id='word_1_607' title='bbox 506 4974 535 5015; x_wconf 90' lang='lat' dir='ltr'><strong><em>se</em></strong></span> <span class='ocrx_word' id='word_1_608' title='bbox 552 4961 696 5015; x_wconf 87' lang='lat' dir='ltr'><strong><em>insolenter</em></strong></span> <span class='ocrx_word' id='word_1_609' title='bbox 716 4960 834 5014; x_wconf 90' lang='lat' dir='ltr'><strong><em>homines</em></strong></span> <span class='ocrx_word' id='word_1_610' title='bbox 848 4960 942 5027; x_wconf 88' lang='lat' dir='ltr'><strong><em>solent,</em></strong></span> 
     </span>
     <span class='ocr_line' id='line_1_61' title="bbox 80 5044 944 5119; baseline 0.003 -20"><span class='ocrx_word' id='word_1_611' title='bbox 80 5046 128 5101; x_wconf 84' lang='grc'><strong><em>444</em></strong></span> <span class='ocrx_word' id='word_1_612' title='bbox 140 5044 273 5114; x_wconf 80' lang='lat' dir='ltr'><strong><em>objicere3</em></strong></span> <span class='ocrx_word' id='word_1_613' title='bbox 289 5061 323 5100; x_wconf 84' lang='lat' dir='ltr'><strong><em>ee</em></strong></span> <span class='ocrx_word' id='word_1_614' title='bbox 339 5052 453 5119; x_wconf 90' lang='lat' dir='ltr'><strong><em>utroque</em></strong></span> <span class='ocrx_word' id='word_1_615' title='bbox 466 5064 520 5103; x_wconf 91' lang='lat' dir='ltr'><strong><em>non</em></strong></span> <span class='ocrx_word' id='word_1_616' title='bbox 534 5065 594 5119; x_wconf 82' lang='lat' dir='ltr'><strong><em>qnae</em></strong></span> <span class='ocrx_word' id='word_1_617' title='bbox 607 5050 677 5104; x_wconf 79' lang='lat' dir='ltr'><strong><em>desa</em></strong></span> <span class='ocrx_word' id='word_1_618' title='bbox 695 5049 808 5114; x_wconf 77' lang='lat' dir='ltr'><strong><em>dimisti,</em></strong></span> <span class='ocrx_word' id='word_1_619' title='bbox 822 5046 871 5102; x_wconf 88' lang='lat' dir='ltr'><strong><em>sed</em></strong></span> <span class='ocrx_word' id='word_1_620' title='bbox 884 5063 944 5117; x_wconf 80' lang='lat' dir='ltr'><strong><em>qnae</em></strong></span> 
     </span>
     <span class='ocr_line' id='line_1_62' title="bbox 86 5133 941 5207; baseline 0 -17"><span class='ocrx_word' id='word_1_621' title='bbox 86 5148 137 5190; x_wconf 85' lang='lat' dir='ltr'><strong><em>sua</em></strong></span> <span class='ocrx_word' id='word_1_622' title='bbox 151 5139 215 5190; x_wconf 86' lang='lat' dir='ltr'><strong><em>sunt</em></strong></span> <span class='ocrx_word' id='word_1_623' title='bbox 229 5133 312 5188; x_wconf 87' lang='lat' dir='ltr'><strong><em>iidem</em></strong></span> <span class='ocrx_word' id='word_1_624' title='bbox 333 5141 498 5203; x_wconf 80' lang='lat' dir='ltr'><strong><em>quaerentes:</em></strong></span> <span class='ocrx_word' id='word_1_625' title='bbox 513 5141 543 5192; x_wconf 88' lang='lat' dir='ltr'><strong><em>at</em></strong></span> <span class='ocrx_word' id='word_1_626' title='bbox 561 5139 612 5193; x_wconf 89' lang='lat' dir='ltr'><strong><em>iste</em></strong></span> <span class='ocrx_word' id='word_1_627' title='bbox 630 5137 751 5207; x_wconf 84' lang='lat' dir='ltr'><strong><em>(sanctus</em></strong></span> <span class='ocrx_word' id='word_1_628' title='bbox 769 5135 941 5207; x_wconf 81' lang='lat' dir='ltr'><strong><em>Episcopus),</em></strong></span> 
     </span>
     <span class='ocr_line' id='line_1_63' title="bbox 87 5223 943 5296; baseline 0 -18"><span class='ocrx_word' id='word_1_629' title='bbox 87 5229 119 5278; x_wconf 85' lang='lat' dir='ltr'><strong><em>ut</em></strong></span> <span class='ocrx_word' id='word_1_630' title='bbox 132 5224 205 5295; x_wconf 81' lang='lat' dir='ltr'><strong><em>diei,</em></strong></span> <span class='ocrx_word' id='word_1_631' title='bbox 218 5223 336 5280; x_wconf 89' lang='lat' dir='ltr'><strong><em>medium</em></strong></span> <span class='ocrx_word' id='word_1_632' title='bbox 348 5224 463 5291; x_wconf 87' lang='lat' dir='ltr'><strong><em>tenebat,</em></strong></span> <span class='ocrx_word' id='word_1_633' title='bbox 477 5242 562 5296; x_wconf 88' lang='lat' dir='ltr'><strong><em>neque</em></strong></span> <span class='ocrx_word' id='word_1_634' title='bbox 573 5228 603 5282; x_wconf 92' lang='lat' dir='ltr'><strong><em>in</em></strong></span> <span class='ocrx_word' id='word_1_635' title='bbox 616 5226 756 5282; x_wconf 80' lang='lat' dir='ltr'><strong><em>deuterum</em></strong></span> <span class='ocrx_word' id='word_1_636' title='bbox 768 5241 852 5294; x_wconf 90' lang='lat' dir='ltr'><strong><em>neque</em></strong></span> <span class='ocrx_word' id='word_1_637' title='bbox 864 5227 894 5278; x_wconf 86' lang='lat' dir='ltr'><strong><em>in</em></strong></span> <span class='ocrx_word' id='word_1_638' title='bbox 907 5227 943 5279; x_wconf 89' lang='lat' dir='ltr'><strong><em>si-</em></strong></span> 
     </span>
     <span class='ocr_line' id='line_1_64' title="bbox 86 5313 941 5384; baseline 0.002 -19"><span class='ocrx_word' id='word_1_639' title='bbox 86 5313 204 5369; x_wconf 82' lang='lat' dir='ltr'><strong><em>nistram</em></strong></span> <span class='ocrx_word' id='word_1_640' title='bbox 222 5313 361 5370; x_wconf 89' lang='lat' dir='ltr'><strong><em>declinans</em></strong></span> <span class='ocrx_word' id='word_1_641' title='bbox 385 5314 544 5384; x_wconf 77' lang='lat' dir='ltr'><strong><em>(Poseidion,</em></strong></span> <span class='ocrx_word' id='word_1_642' title='bbox 563 5318 593 5372; x_wconf 93' lang='lat' dir='ltr'><strong><em>in</em></strong></span> <span class='ocrx_word' id='word_1_643' title='bbox 617 5318 682 5373; x_wconf 83' lang='lat' dir='ltr'><strong><em>Vita</em></strong></span> <span class='ocrx_word' id='word_1_644' title='bbox 700 5316 830 5384; x_wconf 75' lang='lat' dir='ltr'><strong><em>August,</em></strong></span> <span class='ocrx_word' id='word_1_645' title='bbox 844 5329 868 5370; x_wconf 91' lang='lat' dir='ltr'><strong><em>e.</em></strong></span> <span class='ocrx_word' id='word_1_646' title='bbox 888 5316 941 5375; x_wconf 79' lang='lat' dir='ltr'><strong><em>ta).</em></strong></span> 
     </span>
    </p>
   </div>
   <div class='ocr_carea' id='block_1_7' title="bbox 992 1933 1892 5390">
    <p class='ocr_par' dir='ltr' id='par_1_8' title="bbox 992 1933 1892 4851">
     <span class='ocr_line' id='line_1_65' title="bbox 994 1933 1849 2006; baseline -0.002 -15"><span class='ocrx_word' id='word_1_647' title='bbox 994 1952 1073 1991; x_wconf 79' lang='lat' dir='ltr'><strong><em>enuere</em></strong></span> <span class='ocrx_word' id='word_1_648' title='bbox 1087 1937 1200 2006; x_wconf 91' lang='lat' dir='ltr'><strong><em>accipie.</em></strong></span> <span class='ocrx_word' id='word_1_649' title='bbox 1216 1936 1321 2005; x_wconf 90' lang='lat' dir='ltr'><strong><em>Siquis</em></strong></span> <span class='ocrx_word' id='word_1_650' title='bbox 1335 1934 1470 1989; x_wconf 90' lang='lat' dir='ltr'><strong><em>meliorem</em></strong></span> <span class='ocrx_word' id='word_1_651' title='bbox 1483 1933 1599 2000; x_wconf 89' lang='lat' dir='ltr'><strong><em>dederit,</em></strong></span> <span class='ocrx_word' id='word_1_652' title='bbox 1613 1933 1700 1988; x_wconf 84' lang='lat' dir='ltr'><strong><em>vendo</em></strong></span> <span class='ocrx_word' id='word_1_653' title='bbox 1717 1948 1724 1988; x_wconf 91' lang='lat'><strong>:</strong></span> <span class='ocrx_word' id='word_1_654' title='bbox 1741 1933 1849 2004; x_wconf 85' lang='lat' dir='ltr'><strong><em>quodsi</em></strong></span> 
     </span>
     <span class='ocr_line' id='line_1_66' title="bbox 993 2023 1846 2095; baseline -0.004 -14"><span class='ocrx_word' id='word_1_655' title='bbox 993 2029 1084 2094; x_wconf 77' lang='grc'><strong>444444</strong></span> <span class='ocrx_word' id='word_1_656' title='bbox 1097 2026 1182 2090; x_wconf 73' lang='lat' dir='ltr'><strong><em>soleor</em></strong></span> <span class='ocrx_word' id='word_1_657' title='bbox 1197 2027 1228 2079; x_wconf 90' lang='lat' dir='ltr'><strong><em>ut</em></strong></span> <span class='ocrx_word' id='word_1_658' title='bbox 1242 2023 1352 2095; x_wconf 88' lang='lat' dir='ltr'><strong><em>quando</em></strong></span> <span class='ocrx_word' id='word_1_659' title='bbox 1366 2037 1419 2078; x_wconf 92' lang='lat' dir='ltr'><strong><em>non</em></strong></span> <span class='ocrx_word' id='word_1_660' title='bbox 1432 2025 1520 2093; x_wconf 87' lang='lat' dir='ltr'><strong><em>potest</em></strong></span> <span class='ocrx_word' id='word_1_661' title='bbox 1532 2023 1613 2078; x_wconf 88' lang='lat' dir='ltr'><strong><em>uestis</em></strong></span> <span class='ocrx_word' id='word_1_662' title='bbox 1624 2037 1678 2078; x_wconf 84' lang='lat' dir='ltr'><strong><em>esec</em></strong></span> <span class='ocrx_word' id='word_1_663' title='bbox 1690 2024 1846 2085; x_wconf 75' lang='lat' dir='ltr'><strong><em>cenomanis,</em></strong></span> 
     </span>
     <span class='ocr_line' id='line_1_67' title="bbox 992 2111 1848 2186; baseline -0.005 -16"><span class='ocrx_word' id='word_1_664' title='bbox 992 2118 1112 2186; x_wconf 88' lang='lat' dir='ltr'><strong><em>pretinm</em></strong></span> <span class='ocrx_word' id='word_1_665' title='bbox 1136 2116 1217 2170; x_wconf 89' lang='grc'><strong>444444</strong></span> <span class='ocrx_word' id='word_1_666' title='bbox 1244 2115 1332 2184; x_wconf 90' lang='lat' dir='ltr'><strong><em>possit</em></strong></span> <span class='ocrx_word' id='word_1_667' title='bbox 1349 2128 1405 2168; x_wconf 90' lang='lat' dir='ltr'><strong><em>esse</em></strong></span> <span class='ocrx_word' id='word_1_668' title='bbox 1427 2127 1571 2168; x_wconf 89' lang='lat' dir='ltr'><strong><em>commune.</em></strong></span> <span class='ocrx_word' id='word_1_669' title='bbox 1599 2111 1701 2180; x_wconf 85' lang='lat' dir='ltr'><strong><em>Vende,</em></strong></span> <span class='ocrx_word' id='word_1_670' title='bbox 1723 2116 1749 2168; x_wconf 92' lang='lat' dir='ltr'><strong><em>et</em></strong></span> <span class='ocrx_word' id='word_1_671' title='bbox 1772 2127 1848 2179; x_wconf 85' lang='lat' dir='ltr'><strong><em>eroqo</em></strong></span> 
     </span>
     <span class='ocr_line' id='line_1_68' title="bbox 995 2201 1847 2278; baseline -0.006 -18"><span class='ocrx_word' id='word_1_672' title='bbox 995 2205 1171 2278; x_wconf 84' lang='lat' dir='ltr'><strong><em>pauperibus.</em></strong></span> <span class='ocrx_word' id='word_1_673' title='bbox 1188 2204 1219 2260; x_wconf 89' lang='lat' dir='ltr'><strong><em>Si</em></strong></span> <span class='ocrx_word' id='word_1_674' title='bbox 1236 2203 1283 2258; x_wconf 91' lang='lat' dir='ltr'><strong><em>hoc</em></strong></span> <span class='ocrx_word' id='word_1_675' title='bbox 1298 2218 1358 2256; x_wconf 93' lang='lat' dir='ltr'><strong><em>eum</em></strong></span> <span class='ocrx_word' id='word_1_676' title='bbox 1374 2201 1497 2268; x_wconf 88' lang='lat' dir='ltr'><strong><em>delectat,</em></strong></span> <span class='ocrx_word' id='word_1_677' title='bbox 1514 2205 1546 2256; x_wconf 90' lang='lat' dir='ltr'><strong><em>ut</em></strong></span> <span class='ocrx_word' id='word_1_678' title='bbox 1559 2215 1606 2269; x_wconf 86' lang='lat' dir='ltr'><strong><em>eqo</em></strong></span> <span class='ocrx_word' id='word_1_679' title='bbox 1625 2201 1753 2268; x_wconf 87' lang='lat' dir='ltr'><strong><em>habeam;</em></strong></span> <span class='ocrx_word' id='word_1_680' title='bbox 1771 2202 1847 2257; x_wconf 87' lang='lat' dir='ltr'><strong><em>tatem</em></strong></span> 
     </span>
     <span class='ocr_line' id='line_1_69' title="bbox 996 2289 1848 2363; baseline -0.006 -13"><span class='ocrx_word' id='word_1_681' title='bbox 996 2296 1040 2350; x_wconf 88' lang='lat' dir='ltr'><strong><em>det</em></strong></span> <span class='ocrx_word' id='word_1_682' title='bbox 1054 2294 1125 2349; x_wconf 88' lang='lat' dir='ltr'><strong><em>unde</em></strong></span> <span class='ocrx_word' id='word_1_683' title='bbox 1139 2308 1192 2349; x_wconf 91' lang='lat' dir='ltr'><strong><em>non</em></strong></span> <span class='ocrx_word' id='word_1_684' title='bbox 1206 2292 1368 2348; x_wconf 88' lang='lat' dir='ltr'><strong><em>erubescam.</em></strong></span> <span class='ocrx_word' id='word_1_685' title='bbox 1383 2294 1482 2346; x_wconf 77' lang='lat' dir='ltr'><strong><em>Fateor</em></strong></span> <span class='ocrx_word' id='word_1_686' title='bbox 1496 2290 1566 2345; x_wconf 82' lang='grc'><strong>44444</strong></span> <span class='ocrx_word' id='word_1_687' title='bbox 1580 2289 1665 2360; x_wconf 87' lang='grc'><strong>44444,</strong></span> <span class='ocrx_word' id='word_1_688' title='bbox 1683 2289 1718 2346; x_wconf 90' lang='lat' dir='ltr'><strong><em>de</em></strong></span> <span class='ocrx_word' id='word_1_689' title='bbox 1727 2293 1848 2363; x_wconf 82' lang='lat' dir='ltr'><strong><em>pretiosa</em></strong></span> 
     </span>
     <span class='ocr_line' id='line_1_70' title="bbox 994 2379 1848 2451; baseline -0.005 -12"><span class='ocrx_word' id='word_1_690' title='bbox 994 2387 1065 2439; x_wconf 90' lang='grc'><strong>44444</strong></span> <span class='ocrx_word' id='word_1_691' title='bbox 1079 2382 1202 2438; x_wconf 88' lang='lat' dir='ltr'><strong><em>erubeseo</em></strong></span> <span class='ocrx_word' id='word_1_692' title='bbox 1217 2397 1223 2435; x_wconf 94' lang='lat'><strong>:</strong></span> <span class='ocrx_word' id='word_1_693' title='bbox 1240 2382 1371 2451; x_wconf 89' lang='lat' dir='ltr'><strong><em>quianon</em></strong></span> <span class='ocrx_word' id='word_1_694' title='bbox 1386 2379 1458 2435; x_wconf 87' lang='lat' dir='ltr'><strong><em>decet</em></strong></span> <span class='ocrx_word' id='word_1_695' title='bbox 1473 2379 1542 2434; x_wconf 89' lang='lat' dir='ltr'><strong><em>hone</em></strong></span> <span class='ocrx_word' id='word_1_696' title='bbox 1559 2380 1765 2450; x_wconf 75' lang='lat' dir='ltr'><strong><em>professionem,</em></strong></span> <span class='ocrx_word' id='word_1_697' title='bbox 1781 2380 1848 2435; x_wconf 85' lang='lat' dir='ltr'><strong><em>hone</em></strong></span> 
     </span>
     <span class='ocr_line' id='line_1_71' title="bbox 995 2469 1892 2537; baseline -0.002 -9"><span class='ocrx_word' id='word_1_698' title='bbox 995 2473 1214 2537; x_wconf 76' lang='grc'><strong>4444444444,</strong></span> <span class='ocrx_word' id='word_1_699' title='bbox 1234 2485 1288 2526; x_wconf 87' lang='lat' dir='ltr'><strong><em>non</em></strong></span> <span class='ocrx_word' id='word_1_700' title='bbox 1311 2470 1384 2525; x_wconf 90' lang='lat' dir='ltr'><strong><em>dccet</em></strong></span> <span class='ocrx_word' id='word_1_701' title='bbox 1407 2470 1461 2524; x_wconf 77' lang='lat' dir='ltr'><strong><em>hnc</em></strong></span> <span class='ocrx_word' id='word_1_702' title='bbox 1483 2469 1613 2535; x_wconf 87' lang='lat' dir='ltr'><strong><em>membro,</em></strong></span> <span class='ocrx_word' id='word_1_703' title='bbox 1632 2485 1686 2525; x_wconf 90' lang='lat' dir='ltr'><strong><em>non</em></strong></span> <span class='ocrx_word' id='word_1_704' title='bbox 1709 2469 1784 2526; x_wconf 88' lang='lat' dir='ltr'><strong><em>decet</em></strong></span> <span class='ocrx_word' id='word_1_705' title='bbox 1803 2471 1847 2526; x_wconf 88' lang='lat' dir='ltr'><strong><em>hos</em></strong></span> <span class='ocrx_word' id='word_1_706' title='bbox 1887 2512 1892 2525; x_wconf 89' lang='lat'><strong><em>.</em></strong></span> 
     </span>
     <span class='ocr_line' id='line_1_72' title="bbox 996 2557 1844 2633; baseline -0.005 -15"><span class='ocrx_word' id='word_1_707' title='bbox 996 2577 1076 2619; x_wconf 88' lang='lat' dir='ltr'><strong><em>canos</em></strong></span> <span class='ocrx_word' id='word_1_708' title='bbox 1092 2562 1186 2633; x_wconf 80' lang='lat' dir='ltr'><strong><em>(Sum.</em></strong></span> <span class='ocrx_word' id='word_1_709' title='bbox 1199 2560 1261 2622; x_wconf 82' lang='grc'><strong>350,</strong></span> <span class='ocrx_word' id='word_1_710' title='bbox 1273 2574 1301 2614; x_wconf 91' lang='lat' dir='ltr'><strong><em>n.</em></strong></span> <span class='ocrx_word' id='word_1_711' title='bbox 1326 2558 1376 2628; x_wconf 91' lang='grc'><strong>13).</strong></span> <span class='ocrx_word' id='word_1_712' title='bbox 1394 2558 1465 2612; x_wconf 85' lang='lat' dir='ltr'><strong><em>Cum</em></strong></span> <span class='ocrx_word' id='word_1_713' title='bbox 1486 2561 1582 2612; x_wconf 90' lang='lat' dir='ltr'><strong><em>sancta</em></strong></span> <span class='ocrx_word' id='word_1_714' title='bbox 1601 2557 1735 2630; x_wconf 79' lang='lat' dir='ltr'><strong><em>quaedam</em></strong></span> <span class='ocrx_word' id='word_1_715' title='bbox 1754 2559 1844 2632; x_wconf 87' lang='grc'><strong>44434,</strong></span> 
     </span>
     <span class='ocr_line' id='line_1_73' title="bbox 995 2645 1848 2722; baseline -0.004 -16"><span class='ocrx_word' id='word_1_716' title='bbox 995 2650 1042 2706; x_wconf 87' lang='grc'><strong><em>444</em></strong></span> <span class='ocrx_word' id='word_1_717' title='bbox 1056 2649 1168 2722; x_wconf 74' lang='lat' dir='ltr'><strong><em>Sapide</em></strong></span> <span class='ocrx_word' id='word_1_718' title='bbox 1184 2664 1301 2715; x_wconf 87' lang='lat' dir='ltr'><strong><em>nomen,</em></strong></span> <span class='ocrx_word' id='word_1_719' title='bbox 1317 2647 1352 2702; x_wconf 90' lang='lat' dir='ltr'><strong><em>de</em></strong></span> <span class='ocrx_word' id='word_1_720' title='bbox 1367 2645 1509 2702; x_wconf 83' lang='lat' dir='ltr'><strong><em>Timothei</em></strong></span> <span class='ocrx_word' id='word_1_721' title='bbox 1523 2646 1618 2702; x_wconf 84' lang='lat' dir='ltr'><strong><em>fratris</em></strong></span> <span class='ocrx_word' id='word_1_722' title='bbox 1631 2645 1685 2715; x_wconf 89' lang='lat' dir='ltr'><strong><em>sui,</em></strong></span> <span class='ocrx_word' id='word_1_723' title='bbox 1703 2647 1848 2720; x_wconf 87' lang='lat' dir='ltr'><strong><em>Carthagi·</em></strong></span> 
     </span>
     <span class='ocr_line' id='line_1_74' title="bbox 996 2735 1849 2810; baseline -0.005 -13"><span class='ocrx_word' id='word_1_724' title='bbox 996 2739 1092 2797; x_wconf 90' lang='lat' dir='ltr'><strong><em>nensis</em></strong></span> <span class='ocrx_word' id='word_1_725' title='bbox 1107 2737 1230 2805; x_wconf 88' lang='lat' dir='ltr'><strong><em>diaconi,</em></strong></span> <span class='ocrx_word' id='word_1_726' title='bbox 1245 2741 1336 2807; x_wconf 87' lang='lat' dir='ltr'><strong><em>morte</em></strong></span> <span class='ocrx_word' id='word_1_727' title='bbox 1352 2735 1518 2809; x_wconf 89' lang='lat' dir='ltr'><strong><em>gravissime</em></strong></span> <span class='ocrx_word' id='word_1_728' title='bbox 1533 2735 1653 2804; x_wconf 89' lang='lat' dir='ltr'><strong><em>doleret,</em></strong></span> <span class='ocrx_word' id='word_1_729' title='bbox 1669 2737 1784 2810; x_wconf 87' lang='grc'><strong>4434444</strong></span> <span class='ocrx_word' id='word_1_730' title='bbox 1796 2740 1849 2794; x_wconf 81' lang='grc'><strong><em>44-</em></strong></span> 
     </span>
     <span class='ocr_line' id='line_1_75' title="bbox 996 2823 1848 2900; baseline -0.006 -16"><span class='ocrx_word' id='word_1_731' title='bbox 996 2828 1153 2900; x_wconf 87' lang='grc'><strong>34444444,</strong></span> <span class='ocrx_word' id='word_1_732' title='bbox 1169 2829 1202 2883; x_wconf 88' lang='grc'><strong><em>44</em></strong></span> <span class='ocrx_word' id='word_1_733' title='bbox 1216 2826 1251 2882; x_wconf 88' lang='grc'><strong><em>44</em></strong></span> <span class='ocrx_word' id='word_1_734' title='bbox 1261 2824 1305 2880; x_wconf 87' lang='grc'><strong>4444</strong></span> <span class='ocrx_word' id='word_1_735' title='bbox 1320 2823 1454 2880; x_wconf 86' lang='lat' dir='ltr'><strong><em>solatium</em></strong></span> <span class='ocrx_word' id='word_1_736' title='bbox 1465 2823 1601 2892; x_wconf 85' lang='lat' dir='ltr'><strong><em>tunicam,</em></strong></span> <span class='ocrx_word' id='word_1_737' title='bbox 1612 2840 1702 2896; x_wconf 89' lang='lat' dir='ltr'><strong><em>quam</em></strong></span> <span class='ocrx_word' id='word_1_738' title='bbox 1716 2824 1777 2880; x_wconf 89' lang='lat' dir='ltr'><strong><em>suis</em></strong></span> <span class='ocrx_word' id='word_1_739' title='bbox 1790 2825 1848 2897; x_wconf 86' lang='lat' dir='ltr'><strong><em>ipsa</em></strong></span> 
     </span>
     <span class='ocr_line' id='line_1_76' title="bbox 996 2912 1847 2987; baseline -0.005 -13"><span class='ocrx_word' id='word_1_740' title='bbox 996 2917 1129 2974; x_wconf 90' lang='lat' dir='ltr'><strong><em>manibus</em></strong></span> <span class='ocrx_word' id='word_1_741' title='bbox 1139 2916 1176 2975; x_wconf 89' lang='lat' dir='ltr'><strong><em>ad</em></strong></span> <span class='ocrx_word' id='word_1_742' title='bbox 1185 2931 1269 2971; x_wconf 91' lang='lat' dir='ltr'><strong><em>usum</em></strong></span> <span class='ocrx_word' id='word_1_743' title='bbox 1280 2912 1410 2986; x_wconf 80' lang='lat' dir='ltr'><strong><em>germani</em></strong></span> <span class='ocrx_word' id='word_1_744' title='bbox 1420 2912 1465 2967; x_wconf 90' lang='lat' dir='ltr'><strong><em>sui</em></strong></span> <span class='ocrx_word' id='word_1_745' title='bbox 1474 2917 1612 2981; x_wconf 81' lang='lat' dir='ltr'><strong><em>texuerat,</em></strong></span> <span class='ocrx_word' id='word_1_746' title='bbox 1623 2913 1776 2987; x_wconf 88' lang='lat' dir='ltr'><strong><em>acciperet.</em></strong></span> <span class='ocrx_word' id='word_1_747' title='bbox 1788 2915 1847 2970; x_wconf 83' lang='lat' dir='ltr'><strong><em>lton</em></strong></span> 
     </span>
     <span class='ocr_line' id='line_1_77' title="bbox 996 3001 1848 3076; baseline -0.006 -14"><span class='ocrx_word' id='word_1_748' title='bbox 996 3001 1848 3076; x_wconf 70' lang='grc'><strong>44444444444444444441,444444444444444444,4434444444·</strong></span> 
     </span>
     <span class='ocr_line' id='line_1_78' title="bbox 996 3091 1849 3163; baseline -0.004 -11"><span class='ocrx_word' id='word_1_749' title='bbox 996 3113 1029 3153; x_wconf 87' lang='lat' dir='ltr'><strong><em>ea</em></strong></span> <span class='ocrx_word' id='word_1_750' title='bbox 1041 3111 1109 3152; x_wconf 89' lang='lat' dir='ltr'><strong><em>usus</em></strong></span> <span class='ocrx_word' id='word_1_751' title='bbox 1124 3099 1175 3150; x_wconf 85' lang='lat' dir='ltr'><strong><em>est.</em></strong></span> <span class='ocrx_word' id='word_1_752' title='bbox 1193 3094 1273 3149; x_wconf 89' lang='lat' dir='ltr'><strong><em>illam</em></strong></span> <span class='ocrx_word' id='word_1_753' title='bbox 1288 3097 1385 3148; x_wconf 92' lang='lat' dir='ltr'><strong><em>tamen</em></strong></span> <span class='ocrx_word' id='word_1_754' title='bbox 1404 3108 1456 3163; x_wconf 89' lang='lat' dir='ltr'><strong><em>per</em></strong></span> <span class='ocrx_word' id='word_1_755' title='bbox 1478 3091 1586 3148; x_wconf 87' lang='lat' dir='ltr'><strong><em>litteras</em></strong></span> <span class='ocrx_word' id='word_1_756' title='bbox 1601 3092 1735 3148; x_wconf 87' lang='lat' dir='ltr'><strong><em>hortatus</em></strong></span> <span class='ocrx_word' id='word_1_757' title='bbox 1750 3097 1803 3160; x_wconf 88' lang='lat' dir='ltr'><strong><em>est,</em></strong></span> <span class='ocrx_word' id='word_1_758' title='bbox 1819 3096 1849 3149; x_wconf 89' lang='lat' dir='ltr'><strong><em>ut</em></strong></span> 
     </span>
     <span class='ocr_line' id='line_1_79' title="bbox 996 3180 1848 3260; baseline -0.006 -19"><span class='ocrx_word' id='word_1_759' title='bbox 996 3185 1128 3242; x_wconf 88' lang='lat' dir='ltr'><strong><em>meliores</em></strong></span> <span class='ocrx_word' id='word_1_760' title='bbox 1144 3182 1231 3238; x_wconf 88' lang='grc'><strong>41444</strong></span> <span class='ocrx_word' id='word_1_761' title='bbox 1246 3198 1298 3238; x_wconf 89' lang='lat' dir='ltr'><strong><em>sua</em></strong></span> <span class='ocrx_word' id='word_1_762' title='bbox 1312 3180 1519 3236; x_wconf 89' lang='lat' dir='ltr'><strong><em>consolationes</em></strong></span> <span class='ocrx_word' id='word_1_763' title='bbox 1533 3183 1652 3251; x_wconf 83' lang='lat' dir='ltr'><strong><em>peteret,</em></strong></span> <span class='ocrx_word' id='word_1_764' title='bbox 1668 3183 1757 3253; x_wconf 85' lang='lat' dir='ltr'><strong><em>atque</em></strong></span> <span class='ocrx_word' id='word_1_765' title='bbox 1772 3197 1848 3260; x_wconf 84' lang='lat' dir='ltr'><strong><em>aspe</em></strong></span> 
     </span>
     <span class='ocr_line' id='line_1_80' title="bbox 997 3269 1847 3344; baseline -0.006 -15"><span class='ocrx_word' id='word_1_766' title='bbox 997 3273 1110 3329; x_wconf 84' lang='lat' dir='ltr'><strong><em>vivendi</em></strong></span> <span class='ocrx_word' id='word_1_767' title='bbox 1126 3271 1280 3344; x_wconf 90' lang='lat' dir='ltr'><strong><em>aliquando</em></strong></span> <span class='ocrx_word' id='word_1_768' title='bbox 1300 3270 1476 3334; x_wconf 82' lang='lat' dir='ltr'><strong><em>cumfratre,</em></strong></span> <span class='ocrx_word' id='word_1_769' title='bbox 1492 3269 1528 3324; x_wconf 93' lang='lat' dir='ltr'><strong><em>de</em></strong></span> <span class='ocrx_word' id='word_1_770' title='bbox 1544 3269 1624 3341; x_wconf 88' lang='lat' dir='ltr'><strong><em>eujus</em></strong></span> <span class='ocrx_word' id='word_1_771' title='bbox 1638 3274 1749 3326; x_wconf 84' lang='lat' dir='ltr'><strong><em>reterns</em></strong></span> <span class='ocrx_word' id='word_1_772' title='bbox 1763 3269 1847 3327; x_wconf 83' lang='lat' dir='ltr'><strong><em>felici·</em></strong></span> 
     </span>
     <span class='ocr_line' id='line_1_81' title="bbox 997 3358 1847 3432; baseline -0.006 -13"><span class='ocrx_word' id='word_1_773' title='bbox 997 3367 1055 3419; x_wconf 90' lang='lat' dir='ltr'><strong><em>tate</em></strong></span> <span class='ocrx_word' id='word_1_774' title='bbox 1068 3378 1127 3417; x_wconf 92' lang='lat' dir='ltr'><strong><em>non</em></strong></span> <span class='ocrx_word' id='word_1_775' title='bbox 1143 3359 1308 3416; x_wconf 87' lang='lat' dir='ltr'><strong><em>dubitanter</em></strong></span> <span class='ocrx_word' id='word_1_776' title='bbox 1322 3358 1451 3431; x_wconf 87' lang='lat' dir='ltr'><strong><em>loquitur</em></strong></span> <span class='ocrx_word' id='word_1_777' title='bbox 1465 3359 1566 3429; x_wconf 79' lang='lat' dir='ltr'><strong><em>(Epist.</em></strong></span> <span class='ocrx_word' id='word_1_778' title='bbox 1587 3360 1650 3428; x_wconf 76' lang='grc'><strong>463,</strong></span> <span class='ocrx_word' id='word_1_779' title='bbox 1666 3375 1694 3415; x_wconf 94' lang='lat' dir='ltr'><strong><em>n.</em></strong></span> <span class='ocrx_word' id='word_1_780' title='bbox 1713 3359 1751 3432; x_wconf 84' lang='lat' dir='ltr'><strong><em>t).</em></strong></span> <span class='ocrx_word' id='word_1_781' title='bbox 1770 3358 1847 3425; x_wconf 82' lang='lat' dir='ltr'><strong><em>Quod</em></strong></span> 
     </span>
     <span class='ocr_line' id='line_1_82' title="bbox 997 3447 1847 3519; baseline -0.004 -14"><span class='ocrx_word' id='word_1_782' title='bbox 997 3449 1034 3505; x_wconf 90' lang='lat' dir='ltr'><strong><em>ad</em></strong></span> <span class='ocrx_word' id='word_1_783' title='bbox 1048 3450 1240 3504; x_wconf 88' lang='lat' dir='ltr'><strong><em>calceamenta</em></strong></span> <span class='ocrx_word' id='word_1_784' title='bbox 1260 3447 1394 3519; x_wconf 87' lang='lat' dir='ltr'><strong><em>pertinet,</em></strong></span> <span class='ocrx_word' id='word_1_785' title='bbox 1410 3463 1468 3502; x_wconf 90' lang='lat' dir='ltr'><strong><em>aon</em></strong></span> <span class='ocrx_word' id='word_1_786' title='bbox 1490 3447 1693 3516; x_wconf 80' lang='lat' dir='ltr'><strong><em>arbitrabatur,</em></strong></span> <span class='ocrx_word' id='word_1_787' title='bbox 1713 3447 1807 3504; x_wconf 85' lang='lat' dir='ltr'><strong><em>teneri</em></strong></span> <span class='ocrx_word' id='word_1_788' title='bbox 1821 3464 1847 3502; x_wconf 85' lang='lat' dir='ltr'><strong><em>se</em></strong></span> 
     </span>
     <span class='ocr_line' id='line_1_83' title="bbox 997 3536 1848 3608; baseline -0.004 -13"><span class='ocrx_word' id='word_1_789' title='bbox 997 3539 1033 3595; x_wconf 92' lang='lat' dir='ltr'><strong><em>ad</em></strong></span> <span class='ocrx_word' id='word_1_790' title='bbox 1049 3536 1219 3594; x_wconf 81' lang='lat' dir='ltr'><strong><em>servandam</em></strong></span> <span class='ocrx_word' id='word_1_791' title='bbox 1236 3536 1319 3608; x_wconf 88' lang='lat' dir='ltr'><strong><em>juxta</em></strong></span> <span class='ocrx_word' id='word_1_792' title='bbox 1341 3536 1468 3592; x_wconf 89' lang='lat' dir='ltr'><strong><em>litteram</em></strong></span> <span class='ocrx_word' id='word_1_793' title='bbox 1490 3553 1589 3592; x_wconf 91' lang='lat' dir='ltr'><strong><em>eorum</em></strong></span> <span class='ocrx_word' id='word_1_794' title='bbox 1608 3536 1813 3594; x_wconf 88' lang='lat' dir='ltr'><strong><em>inhibitionem</em></strong></span> <span class='ocrx_word' id='word_1_795' title='bbox 1832 3554 1848 3592; x_wconf 91' lang='grc'><strong><em>4</em></strong></span> 
     </span>
     <span class='ocr_line' id='line_1_84' title="bbox 998 3625 1848 3699; baseline -0.002 -15"><span class='ocrx_word' id='word_1_796' title='bbox 998 3627 1108 3685; x_wconf 83' lang='lat' dir='ltr'><strong><em>Christo</em></strong></span> <span class='ocrx_word' id='word_1_797' title='bbox 1122 3625 1243 3682; x_wconf 85' lang='lat' dir='ltr'><strong><em>bomine</em></strong></span> <span class='ocrx_word' id='word_1_798' title='bbox 1259 3626 1377 3696; x_wconf 85' lang='lat' dir='ltr'><strong><em>iaetam;</em></strong></span> <span class='ocrx_word' id='word_1_799' title='bbox 1390 3642 1455 3680; x_wconf 90' lang='lat' dir='ltr'><strong><em>eum</em></strong></span> <span class='ocrx_word' id='word_1_800' title='bbox 1470 3641 1504 3681; x_wconf 83' lang='lat' dir='ltr'><strong><em>ex</em></strong></span> <span class='ocrx_word' id='word_1_801' title='bbox 1517 3625 1686 3698; x_wconf 78' lang='lat' dir='ltr'><strong><em>Euangeliou</em></strong></span> <span class='ocrx_word' id='word_1_802' title='bbox 1701 3643 1848 3699; x_wconf 76' lang='lat' dir='ltr'><strong><em>cognosce</em></strong></span> 
     </span>
     <span class='ocr_line' id='line_1_85' title="bbox 997 3714 1848 3786; baseline -0.002 -14"><span class='ocrx_word' id='word_1_803' title='bbox 997 3720 1051 3785; x_wconf 91' lang='lat' dir='ltr'><strong><em>ret,</em></strong></span> <span class='ocrx_word' id='word_1_804' title='bbox 1067 3715 1211 3772; x_wconf 81' lang='lat' dir='ltr'><strong><em>Christum</em></strong></span> <span class='ocrx_word' id='word_1_805' title='bbox 1224 3714 1320 3786; x_wconf 90' lang='lat' dir='ltr'><strong><em>ipsum</em></strong></span> <span class='ocrx_word' id='word_1_806' title='bbox 1342 3714 1430 3769; x_wconf 89' lang='lat' dir='ltr'><strong><em>luisse</em></strong></span> <span class='ocrx_word' id='word_1_807' title='bbox 1447 3715 1604 3770; x_wconf 86' lang='lat' dir='ltr'><strong><em>calceatum</em></strong></span> <span class='ocrx_word' id='word_1_808' title='bbox 1620 3732 1627 3770; x_wconf 95' lang='lat'>:</span> <span class='ocrx_word' id='word_1_809' title='bbox 1642 3715 1697 3770; x_wconf 90' lang='lat' dir='ltr'><strong><em>hoc</em></strong></span> <span class='ocrx_word' id='word_1_810' title='bbox 1711 3714 1768 3772; x_wconf 87' lang='lat' dir='ltr'><strong><em>sibi</em></strong></span> <span class='ocrx_word' id='word_1_811' title='bbox 1783 3714 1848 3771; x_wconf 77' lang='lat' dir='ltr'><strong><em>sola·</em></strong></span> 
     </span>
     <span class='ocr_line' id='line_1_86' title="bbox 997 3802 1846 3877; baseline -0.004 -16"><span class='ocrx_word' id='word_1_812' title='bbox 997 3806 1029 3862; x_wconf 92' lang='lat' dir='ltr'><strong><em>tii</em></strong></span> <span class='ocrx_word' id='word_1_813' title='bbox 1044 3804 1225 3877; x_wconf 88' lang='lat' dir='ltr'><strong><em>proponebat</em></strong></span> <span class='ocrx_word' id='word_1_814' title='bbox 1248 3803 1279 3859; x_wconf 92' lang='lat' dir='ltr'><strong><em>in</em></strong></span> <span class='ocrx_word' id='word_1_815' title='bbox 1298 3803 1413 3876; x_wconf 77' lang='lat' dir='ltr'><strong><em>infirma</em></strong></span> <span class='ocrx_word' id='word_1_816' title='bbox 1432 3803 1604 3870; x_wconf 80' lang='lat' dir='ltr'><strong><em>valetudine,</em></strong></span> <span class='ocrx_word' id='word_1_817' title='bbox 1621 3820 1686 3876; x_wconf 80' lang='lat' dir='ltr'><strong><em>quae</em></strong></span> <span class='ocrx_word' id='word_1_818' title='bbox 1705 3804 1793 3877; x_wconf 86' lang='lat' dir='ltr'><strong><em>hrrjus</em></strong></span> <span class='ocrx_word' id='word_1_819' title='bbox 1809 3802 1846 3859; x_wconf 91' lang='lat' dir='ltr'><strong><em>illi</em></strong></span> 
     </span>
     <span class='ocr_line' id='line_1_87' title="bbox 998 3889 1847 3965; baseline -0.005 -16"><span class='ocrx_word' id='word_1_820' title='bbox 998 3893 1146 3950; x_wconf 78' lang='lat' dir='ltr'><strong><em>levaminis</em></strong></span> <span class='ocrx_word' id='word_1_821' title='bbox 1166 3892 1363 3948; x_wconf 91' lang='lat' dir='ltr'><strong><em>necessitatem</em></strong></span> <span class='ocrx_word' id='word_1_822' title='bbox 1381 3892 1558 3965; x_wconf 84' lang='lat' dir='ltr'><strong><em>imponebat.</em></strong></span> <span class='ocrx_word' id='word_1_823' title='bbox 1574 3891 1666 3948; x_wconf 88' lang='lat' dir='ltr'><strong><em>Simul</em></strong></span> <span class='ocrx_word' id='word_1_824' title='bbox 1686 3909 1788 3949; x_wconf 90' lang='lat' dir='ltr'><strong><em>eornm</em></strong></span> <span class='ocrx_word' id='word_1_825' title='bbox 1802 3889 1847 3965; x_wconf 91' lang='lat' dir='ltr'><strong><em>qni</em></strong></span> 
     </span>
     <span class='ocr_line' id='line_1_88' title="bbox 997 3980 1845 4054; baseline 0 -16"><span class='ocrx_word' id='word_1_826' title='bbox 997 3983 1074 4039; x_wconf 90' lang='lat' dir='ltr'><strong><em>nudo</em></strong></span> <span class='ocrx_word' id='word_1_827' title='bbox 1088 3982 1163 4054; x_wconf 87' lang='lat' dir='ltr'><strong><em>pede</em></strong></span> <span class='ocrx_word' id='word_1_828' title='bbox 1177 3982 1370 4050; x_wconf 88' lang='lat' dir='ltr'><strong><em>ambularent,</em></strong></span> <span class='ocrx_word' id='word_1_829' title='bbox 1385 3980 1583 4038; x_wconf 85' lang='lat' dir='ltr'><strong><em>fortitudinem</em></strong></span> <span class='ocrx_word' id='word_1_830' title='bbox 1603 3981 1719 4037; x_wconf 88' lang='lat' dir='ltr'><strong><em>amabat</em></strong></span> <span class='ocrx_word' id='word_1_831' title='bbox 1733 3982 1845 4053; x_wconf 76' lang='lat' dir='ltr'><strong><em>(Contes-</em></strong></span> 
     </span>
     <span class='ocr_line' id='line_1_89' title="bbox 997 4071 1846 4144; baseline -0.002 -17"><span class='ocrx_word' id='word_1_832' title='bbox 997 4074 1103 4128; x_wconf 88' lang='lat' dir='ltr'><strong><em>sionum</em></strong></span> <span class='ocrx_word' id='word_1_833' title='bbox 1117 4072 1164 4128; x_wconf 90' lang='lat' dir='ltr'><strong><em>tib.</em></strong></span> <span class='ocrx_word' id='word_1_834' title='bbox 1182 4074 1208 4138; x_wconf 85' lang='grc'><strong><em>3,</em></strong></span> <span class='ocrx_word' id='word_1_835' title='bbox 1225 4087 1285 4141; x_wconf 92' lang='lat' dir='ltr'><strong><em>cap.</em></strong></span> <span class='ocrx_word' id='word_1_836' title='bbox 1303 4074 1329 4138; x_wconf 89' lang='lat' dir='ltr'><strong><em>e,</em></strong></span> <span class='ocrx_word' id='word_1_837' title='bbox 1349 4088 1376 4126; x_wconf 91' lang='lat' dir='ltr'><strong><em>n.</em></strong></span> <span class='ocrx_word' id='word_1_838' title='bbox 1392 4072 1451 4142; x_wconf 82' lang='lat' dir='ltr'><strong><em>tl):</em></strong></span> <span class='ocrx_word' id='word_1_839' title='bbox 1472 4087 1525 4127; x_wconf 92' lang='lat' dir='ltr'><strong><em>nec</em></strong></span> <span class='ocrx_word' id='word_1_840' title='bbox 1541 4075 1638 4126; x_wconf 88' lang='lat' dir='ltr'><strong><em>tamen</em></strong></span> <span class='ocrx_word' id='word_1_841' title='bbox 1659 4071 1846 4144; x_wconf 85' lang='lat' dir='ltr'><strong><em>evangelicam</em></strong></span> 
     </span>
     <span class='ocr_line' id='line_1_90' title="bbox 998 4158 1846 4234; baseline 0.001 -18"><span class='ocrx_word' id='word_1_842' title='bbox 998 4162 1091 4232; x_wconf 86' lang='lat' dir='ltr'><strong><em>legem</em></strong></span> <span class='ocrx_word' id='word_1_843' title='bbox 1102 4161 1155 4215; x_wconf 89' lang='lat' dir='ltr'><strong><em>hae</em></strong></span> <span class='ocrx_word' id='word_1_844' title='bbox 1170 4159 1199 4215; x_wconf 93' lang='lat' dir='ltr'><strong><em>in</em></strong></span> <span class='ocrx_word' id='word_1_845' title='bbox 1213 4177 1243 4216; x_wconf 89' lang='lat' dir='ltr'><strong><em>re</em></strong></span> <span class='ocrx_word' id='word_1_846' title='bbox 1254 4159 1414 4216; x_wconf 88' lang='lat' dir='ltr'><strong><em>accuratius</em></strong></span> <span class='ocrx_word' id='word_1_847' title='bbox 1428 4161 1464 4216; x_wconf 89' lang='lat' dir='ltr'><strong><em>ob</em></strong></span> <span class='ocrx_word' id='word_1_848' title='bbox 1478 4159 1544 4228; x_wconf 88' lang='lat' dir='ltr'><strong><em>illis,</em></strong></span> <span class='ocrx_word' id='word_1_849' title='bbox 1560 4176 1647 4233; x_wconf 88' lang='lat' dir='ltr'><strong><em>quam</em></strong></span> <span class='ocrx_word' id='word_1_850' title='bbox 1658 4176 1676 4216; x_wconf 89' lang='grc'><strong><em>4</em></strong></span> <span class='ocrx_word' id='word_1_851' title='bbox 1687 4176 1718 4216; x_wconf 87' lang='lat' dir='ltr'><strong><em>se</em></strong></span> <span class='ocrx_word' id='word_1_852' title='bbox 1727 4158 1846 4234; x_wconf 86' lang='lat' dir='ltr'><strong><em>impleri,</em></strong></span> 
     </span>
     <span class='ocr_line' id='line_1_91' title="bbox 999 4248 1845 4322; baseline -0.002 -17"><span class='ocrx_word' id='word_1_853' title='bbox 999 4254 1048 4305; x_wconf 88' lang='lat' dir='ltr'><strong><em>aut</em></strong></span> <span class='ocrx_word' id='word_1_854' title='bbox 1068 4265 1116 4304; x_wconf 89' lang='lat' dir='ltr'><strong><em>eos</em></strong></span> <span class='ocrx_word' id='word_1_855' title='bbox 1140 4253 1292 4322; x_wconf 87' lang='lat' dir='ltr'><strong><em>propterea</em></strong></span> <span class='ocrx_word' id='word_1_856' title='bbox 1315 4249 1486 4304; x_wconf 88' lang='lat' dir='ltr'><strong><em>insolescere</em></strong></span> <span class='ocrx_word' id='word_1_857' title='bbox 1505 4248 1627 4321; x_wconf 88' lang='lat' dir='ltr'><strong><em>superba</em></strong></span> <span class='ocrx_word' id='word_1_858' title='bbox 1642 4248 1749 4306; x_wconf 86' lang='lat' dir='ltr'><strong><em>duritia</em></strong></span> <span class='ocrx_word' id='word_1_859' title='bbox 1762 4263 1845 4322; x_wconf 81' lang='lat' dir='ltr'><strong><em>¹posse</em></strong></span> 
     </span>
     <span class='ocr_line' id='line_1_92' title="bbox 999 4336 1845 4410; baseline -0.004 -16"><span class='ocrx_word' id='word_1_860' title='bbox 999 4337 1198 4395; x_wconf 78' lang='lat' dir='ltr'><strong><em>arbitrabatur.</em></strong></span> <span class='ocrx_word' id='word_1_861' title='bbox 1219 4339 1251 4394; x_wconf 91' lang='lat' dir='ltr'><strong><em>ln</em></strong></span> <span class='ocrx_word' id='word_1_862' title='bbox 1268 4337 1434 4410; x_wconf 88' lang='lat' dir='ltr'><strong><em>hujusmodi</em></strong></span> <span class='ocrx_word' id='word_1_863' title='bbox 1451 4338 1537 4395; x_wconf 87' lang='lat' dir='ltr'><strong><em>rebus</em></strong></span> <span class='ocrx_word' id='word_1_864' title='bbox 1551 4337 1645 4403; x_wconf 85' lang='lat' dir='ltr'><strong><em>bonis,</em></strong></span> <span class='ocrx_word' id='word_1_865' title='bbox 1662 4337 1713 4394; x_wconf 85' lang='lat' dir='ltr'><strong><em>scd</em></strong></span> <span class='ocrx_word' id='word_1_866' title='bbox 1732 4336 1845 4394; x_wconf 90' lang='lat' dir='ltr'><strong><em>minime</em></strong></span> 
     </span>
     <span class='ocr_line' id='line_1_93' title="bbox 999 4427 1846 4500; baseline -0.001 -18"><span class='ocrx_word' id='word_1_867' title='bbox 999 4427 1175 4496; x_wconf 84' lang='lat' dir='ltr'><strong><em>necessariis,</em></strong></span> <span class='ocrx_word' id='word_1_868' title='bbox 1203 4431 1263 4483; x_wconf 89' lang='lat' dir='ltr'><strong><em>tam</em></strong></span> <span class='ocrx_word' id='word_1_869' title='bbox 1298 4444 1346 4483; x_wconf 89' lang='lat' dir='ltr'><strong><em>eos</em></strong></span> <span class='ocrx_word' id='word_1_870' title='bbox 1376 4428 1426 4500; x_wconf 90' lang='lat' dir='ltr'><strong><em>qui</em></strong></span> <span class='ocrx_word' id='word_1_871' title='bbox 1452 4429 1515 4483; x_wconf 89' lang='lat' dir='ltr'><strong><em>illas</em></strong></span> <span class='ocrx_word' id='word_1_872' title='bbox 1546 4428 1741 4496; x_wconf 83' lang='lat' dir='ltr'><strong><em>observarent,</em></strong></span> <span class='ocrx_word' id='word_1_873' title='bbox 1764 4441 1846 4500; x_wconf 85' lang='lat' dir='ltr'><strong><em>qnam</em></strong></span> 
     </span>
     <span class='ocr_line' id='line_1_94' title="bbox 999 4515 1848 4590; baseline 0 -19"><span class='ocrx_word' id='word_1_874' title='bbox 999 4517 1049 4590; x_wconf 91' lang='lat' dir='ltr'><strong><em>qui</em></strong></span> <span class='ocrx_word' id='word_1_875' title='bbox 1074 4533 1133 4572; x_wconf 92' lang='lat' dir='ltr'><strong><em>non</em></strong></span> <span class='ocrx_word' id='word_1_876' title='bbox 1157 4516 1350 4585; x_wconf 82' lang='lat' dir='ltr'><strong><em>observarent,</em></strong></span> <span class='ocrx_word' id='word_1_877' title='bbox 1376 4516 1514 4573; x_wconf 86' lang='lat' dir='ltr'><strong><em>charitate</em></strong></span> <span class='ocrx_word' id='word_1_878' title='bbox 1537 4515 1640 4572; x_wconf 88' lang='lat' dir='ltr'><strong><em>sociari</em></strong></span> <span class='ocrx_word' id='word_1_879' title='bbox 1663 4516 1790 4584; x_wconf 77' lang='lat' dir='ltr'><strong><em>volebat;</em></strong></span> <span class='ocrx_word' id='word_1_880' title='bbox 1817 4518 1848 4572; x_wconf 87' lang='lat' dir='ltr'><strong><em>ut</em></strong></span> 
     </span>
     <span class='ocr_line' id='line_1_95' title="bbox 998 4604 1846 4678; baseline -0.002 -18"><span class='ocrx_word' id='word_1_881' title='bbox 998 4621 1123 4678; x_wconf 93' lang='lat' dir='ltr'><strong><em>quorum</em></strong></span> <span class='ocrx_word' id='word_1_882' title='bbox 1149 4608 1268 4660; x_wconf 83' lang='lat' dir='ltr'><strong><em>externa</em></strong></span> <span class='ocrx_word' id='word_1_883' title='bbox 1295 4605 1490 4678; x_wconf 86' lang='lat' dir='ltr'><strong><em>discreparent</em></strong></span> <span class='ocrx_word' id='word_1_884' title='bbox 1513 4621 1611 4678; x_wconf 87' lang='lat' dir='ltr'><strong><em>opera,</em></strong></span> <span class='ocrx_word' id='word_1_885' title='bbox 1636 4621 1739 4663; x_wconf 89' lang='lat' dir='ltr'><strong><em>eorum</em></strong></span> <span class='ocrx_word' id='word_1_886' title='bbox 1765 4604 1846 4661; x_wconf 85' lang='lat' dir='ltr'><strong><em>corda</em></strong></span> 
     </span>
     <span class='ocr_line' id='line_1_96' title="bbox 998 4694 1846 4766; baseline -0.002 -15"><span class='ocrx_word' id='word_1_887' title='bbox 998 4694 1098 4751; x_wconf 89' lang='lat' dir='ltr'><strong><em>codem</em></strong></span> <span class='ocrx_word' id='word_1_888' title='bbox 1126 4709 1222 4749; x_wconf 90' lang='lat' dir='ltr'><strong><em>amore</em></strong></span> <span class='ocrx_word' id='word_1_889' title='bbox 1252 4695 1465 4766; x_wconf 87' lang='lat' dir='ltr'><strong><em>conflagrarent</em></strong></span> <span class='ocrx_word' id='word_1_890' title='bbox 1502 4694 1599 4766; x_wconf 80' lang='lat' dir='ltr'><strong><em>(serm.</em></strong></span> <span class='ocrx_word' id='word_1_891' title='bbox 1637 4697 1698 4763; x_wconf 91' lang='grc'><strong>101,</strong></span> <span class='ocrx_word' id='word_1_892' title='bbox 1726 4710 1787 4766; x_wconf 90' lang='lat' dir='ltr'><strong><em>cap.</em></strong></span> <span class='ocrx_word' id='word_1_893' title='bbox 1821 4696 1846 4759; x_wconf 87' lang='grc'><strong>0,</strong></span> 
     </span>
     <span class='ocr_line' id='line_1_97' title="bbox 996 4783 1074 4851; baseline 0 -13"><span class='ocrx_word' id='word_1_894' title='bbox 996 4800 1025 4838; x_wconf 90' lang='lat' dir='ltr'><strong><em>n.</em></strong></span> <span class='ocrx_word' id='word_1_895' title='bbox 1038 4783 1074 4851; x_wconf 80' lang='lat'><strong><em>7).</em></strong></span> 
     </span>
    </p>

    <p class='ocr_par' dir='ltr' id='par_1_9' title="bbox 996 4870 1851 5390">
     <span class='ocr_line' id='line_1_98' title="bbox 1032 4870 1846 4946; baseline 0.002 -19"><span class='ocrx_word' id='word_1_896' title='bbox 1032 4874 1059 4928; x_wconf 89' lang='grc'><strong><em>4.</em></strong></span> <span class='ocrx_word' id='word_1_897' title='bbox 1080 4871 1255 4927; x_wconf 86' lang='grc'><strong>4144444444</strong></span> <span class='ocrx_word' id='word_1_898' title='bbox 1270 4872 1312 4926; x_wconf 89' lang='grc'><strong><em>444</em></strong></span> <span class='ocrx_word' id='word_1_899' title='bbox 1326 4870 1432 4944; x_wconf 88' lang='grc'><strong>1443414</strong></span> <span class='ocrx_word' id='word_1_900' title='bbox 1446 4874 1475 4927; x_wconf 89' lang='grc'><strong><em>44</em></strong></span> <span class='ocrx_word' id='word_1_901' title='bbox 1489 4886 1585 4943; x_wconf 91' lang='lat' dir='ltr'><strong><em>parca,</em></strong></span> <span class='ocrx_word' id='word_1_902' title='bbox 1600 4871 1630 4927; x_wconf 90' lang='lat' dir='ltr'><strong><em>in</em></strong></span> <span class='ocrx_word' id='word_1_903' title='bbox 1643 4888 1702 4946; x_wconf 88' lang='lat' dir='ltr'><strong><em>qna</em></strong></span> <span class='ocrx_word' id='word_1_904' title='bbox 1715 4872 1790 4931; x_wconf 88' lang='lat' dir='ltr'><strong><em>nibil</em></strong></span> <span class='ocrx_word' id='word_1_905' title='bbox 1804 4887 1846 4929; x_wconf 89' lang='lat' dir='ltr'><strong><em>su·</em></strong></span> 
     </span>
     <span class='ocr_line' id='line_1_99' title="bbox 996 4960 1849 5035; baseline -0.004 -17"><span class='ocrx_word' id='word_1_906' title='bbox 996 4961 1151 5033; x_wconf 88' lang='lat' dir='ltr'><strong><em>perfluum,</em></strong></span> <span class='ocrx_word' id='word_1_907' title='bbox 1173 4960 1243 5017; x_wconf 91' lang='lat' dir='ltr'><strong><em>nihil</em></strong></span> <span class='ocrx_word' id='word_1_908' title='bbox 1263 4977 1322 5016; x_wconf 88' lang='lat' dir='ltr'><strong><em>non</em></strong></span> <span class='ocrx_word' id='word_1_909' title='bbox 1342 4961 1540 5032; x_wconf 88' lang='lat' dir='ltr'><strong><em>moderatum;</em></strong></span> <span class='ocrx_word' id='word_1_910' title='bbox 1561 4977 1626 5034; x_wconf 84' lang='lat' dir='ltr'><strong><em>quae</em></strong></span> <span class='ocrx_word' id='word_1_911' title='bbox 1641 4961 1758 5035; x_wconf 87' lang='lat' dir='ltr'><strong><em>quidem</em></strong></span> <span class='ocrx_word' id='word_1_912' title='bbox 1778 4963 1849 5019; x_wconf 83' lang='grc'><strong>44444</strong></span> 
     </span>
     <span class='ocr_line' id='line_1_100' title="bbox 997 5049 1849 5125; baseline 0.001 -20"><span class='ocrx_word' id='word_1_913' title='bbox 997 5049 1076 5105; x_wconf 87' lang='grc'><strong>41444</strong></span> <span class='ocrx_word' id='word_1_914' title='bbox 1099 5053 1128 5104; x_wconf 88' lang='grc'><strong><em>44</em></strong></span> <span class='ocrx_word' id='word_1_915' title='bbox 1147 5049 1306 5121; x_wconf 88' lang='lat' dir='ltr'><strong><em>legumina,</em></strong></span> <span class='ocrx_word' id='word_1_916' title='bbox 1322 5049 1409 5105; x_wconf 87' lang='grc'><strong>444444</strong></span> <span class='ocrx_word' id='word_1_917' title='bbox 1432 5066 1532 5105; x_wconf 87' lang='grc'><strong>444444</strong></span> <span class='ocrx_word' id='word_1_918' title='bbox 1555 5051 1711 5123; x_wconf 89' lang='lat' dir='ltr'><strong><em>aliquando</em></strong></span> <span class='ocrx_word' id='word_1_919' title='bbox 1734 5056 1849 5125; x_wconf 90' lang='lat' dir='ltr'><strong><em>propter</em></strong></span> 
     </span>
     <span class='ocr_line' id='line_1_101' title="bbox 996 5137 1850 5211; baseline 0.001 -18"><span class='ocrx_word' id='word_1_920' title='bbox 996 5137 1134 5210; x_wconf 87' lang='lat' dir='ltr'><strong><em>hospites,</em></strong></span> <span class='ocrx_word' id='word_1_921' title='bbox 1156 5138 1200 5193; x_wconf 89' lang='grc'><strong><em>441</em></strong></span> <span class='ocrx_word' id='word_1_922' title='bbox 1219 5155 1349 5211; x_wconf 88' lang='lat' dir='ltr'><strong><em>quosque</em></strong></span> <span class='ocrx_word' id='word_1_923' title='bbox 1364 5138 1548 5206; x_wconf 85' lang='lat' dir='ltr'><strong><em>infirmiores,</em></strong></span> <span class='ocrx_word' id='word_1_924' title='bbox 1565 5154 1679 5211; x_wconf 87' lang='lat' dir='ltr'><strong><em>semper</em></strong></span> <span class='ocrx_word' id='word_1_925' title='bbox 1694 5144 1792 5197; x_wconf 87' lang='lat' dir='ltr'><strong><em>autem</em></strong></span> <span class='ocrx_word' id='word_1_926' title='bbox 1812 5140 1850 5194; x_wconf 86' lang='grc'><strong><em>44·</em></strong></span> 
     </span>
     <span class='ocr_line' id='line_1_102' title="bbox 997 5225 1849 5301; baseline 0.008 -22"><span class='ocrx_word' id='word_1_927' title='bbox 997 5240 1067 5280; x_wconf 91' lang='lat' dir='ltr'><strong><em>nam</em></strong></span> <span class='ocrx_word' id='word_1_928' title='bbox 1083 5225 1206 5282; x_wconf 86' lang='lat' dir='ltr'><strong><em>habebat</em></strong></span> <span class='ocrx_word' id='word_1_929' title='bbox 1220 5228 1377 5298; x_wconf 86' lang='lat' dir='ltr'><strong><em>(Possidius,</em></strong></span> <span class='ocrx_word' id='word_1_930' title='bbox 1393 5231 1423 5283; x_wconf 89' lang='lat' dir='ltr'><strong><em>in</em></strong></span> <span class='ocrx_word' id='word_1_931' title='bbox 1448 5231 1511 5286; x_wconf 84' lang='lat' dir='ltr'><strong><em>Vita</em></strong></span> <span class='ocrx_word' id='word_1_932' title='bbox 1530 5230 1663 5299; x_wconf 76' lang='lat' dir='ltr'><strong><em>August,</em></strong></span> <span class='ocrx_word' id='word_1_933' title='bbox 1678 5245 1703 5285; x_wconf 91' lang='lat' dir='ltr'><strong><em>e.</em></strong></span> <span class='ocrx_word' id='word_1_934' title='bbox 1725 5229 1782 5301; x_wconf 75' lang='grc'><strong>44).</strong></span> <span class='ocrx_word' id='word_1_935' title='bbox 1799 5230 1849 5286; x_wconf 90' lang='lat' dir='ltr'><strong><em>Ne·</em></strong></span> 
     </span>
     <span class='ocr_line' id='line_1_103' title="bbox 997 5315 1851 5390; baseline 0.006 -21"><span class='ocrx_word' id='word_1_936' title='bbox 997 5331 1053 5387; x_wconf 88' lang='lat' dir='ltr'><strong><em>que</em></strong></span> <span class='ocrx_word' id='word_1_937' title='bbox 1066 5315 1144 5371; x_wconf 91' lang='lat' dir='ltr'><strong><em>enim</em></strong></span> <span class='ocrx_word' id='word_1_938' title='bbox 1155 5315 1369 5373; x_wconf 90' lang='lat' dir='ltr'><strong><em>immunditiam</em></strong></span> <span class='ocrx_word' id='word_1_939' title='bbox 1379 5317 1503 5390; x_wconf 88' lang='lat' dir='ltr'><strong><em>opsonii,</em></strong></span> <span class='ocrx_word' id='word_1_940' title='bbox 1514 5318 1563 5374; x_wconf 91' lang='lat' dir='ltr'><strong><em>sed</em></strong></span> <span class='ocrx_word' id='word_1_941' title='bbox 1575 5317 1793 5376; x_wconf 89' lang='lat' dir='ltr'><strong><em>immunditiam</em></strong></span> <span class='ocrx_word' id='word_1_942' title='bbox 1805 5334 1851 5374; x_wconf 91' lang='lat' dir='ltr'><strong><em>eu·</em></strong></span> 
     </span>
    </p>
   </div>
   <div class='ocr_carea' id='block_1_8' title="bbox 89 5400 1852 5568">
    <p class='ocr_par' dir='ltr' id='par_1_10' title="bbox 89 5400 1852 5568">
     <span class='ocr_line' id='line_1_104' title="bbox 91 5400 1852 5478; baseline 0.005 -25"><span class='ocrx_word' id='word_1_943' title='bbox 91 5400 194 5458; x_wconf 82' lang='lat' dir='ltr'><strong><em>Scribit</em></strong></span> <span class='ocrx_word' id='word_1_944' title='bbox 215 5404 392 5476; x_wconf 78' lang='lat' dir='ltr'><strong><em>Augustinus</em></strong></span> <span class='ocrx_word' id='word_1_945' title='bbox 413 5404 502 5460; x_wconf 90' lang='lat' dir='ltr'><strong><em>moris</em></strong></span> <span class='ocrx_word' id='word_1_946' title='bbox 526 5405 623 5473; x_wconf 88' lang='lat' dir='ltr'><strong><em>luisse,</em></strong></span> <span class='ocrx_word' id='word_1_947' title='bbox 642 5411 676 5462; x_wconf 92' lang='lat' dir='ltr'><strong><em>ut</em></strong></span> <span class='ocrx_word' id='word_1_948' title='bbox 698 5405 836 5462; x_wconf 89' lang='lat' dir='ltr'><strong><em>interiora</em></strong></span> <span class='ocrx_word' id='word_1_949' title='bbox 859 5402 944 5459; x_wconf 88' lang='grc'><strong>44444-</strong></span> <span class='ocrx_word' id='word_1_950' title='bbox 999 5403 1123 5476; x_wconf 89' lang='lat' dir='ltr'><strong><em>pidiiatis</em></strong></span> <span class='ocrx_word' id='word_1_951' title='bbox 1136 5403 1272 5474; x_wconf 80' lang='lat' dir='ltr'><strong><em>timebat3</em></strong></span> <span class='ocrx_word' id='word_1_952' title='bbox 1287 5410 1319 5462; x_wconf 91' lang='lat' dir='ltr'><strong><em>nt</em></strong></span> <span class='ocrx_word' id='word_1_953' title='bbox 1333 5405 1383 5478; x_wconf 88' lang='lat' dir='ltr'><strong><em>qui</em></strong></span> <span class='ocrx_word' id='word_1_954' title='bbox 1399 5407 1484 5463; x_wconf 90' lang='lat' dir='ltr'><strong><em>sciret</em></strong></span> <span class='ocrx_word' id='word_1_955' title='bbox 1498 5422 1614 5462; x_wconf 88' lang='lat' dir='ltr'><strong><em>omnem</em></strong></span> <span class='ocrx_word' id='word_1_956' title='bbox 1627 5405 1676 5462; x_wconf 87' lang='lat' dir='ltr'><strong><em>Dei</em></strong></span> <span class='ocrx_word' id='word_1_957' title='bbox 1690 5412 1852 5465; x_wconf 89' lang='lat' dir='ltr'><strong><em>ereaturam</em></strong></span> 
     </span>
     <span class='ocr_line' id='line_1_105' title="bbox 89 5493 1852 5568; baseline 0.004 -24"><span class='ocrx_word' id='word_1_958' title='bbox 89 5493 567 5557; x_wconf 68' lang='grc'><strong>444441444444444444144444</strong></span> <span class='ocrx_word' id='word_1_959' title='bbox 589 5494 689 5550; x_wconf 84' lang='lat' dir='ltr'><strong><em>lanea:</em></strong></span> <span class='ocrx_word' id='word_1_960' title='bbox 716 5512 803 5568; x_wconf 85' lang='lat' dir='ltr'><strong><em>seque</em></strong></span> <span class='ocrx_word' id='word_1_961' title='bbox 817 5493 863 5550; x_wconf 90' lang='lat' dir='ltr'><strong><em>bis</em></strong></span> <span class='ocrx_word' id='word_1_962' title='bbox 885 5509 943 5548; x_wconf 84' lang='grc'><strong>444·</strong></span> <span class='ocrx_word' id='word_1_963' title='bbox 1000 5493 1102 5548; x_wconf 88' lang='lat' dir='ltr'><strong><em>bonam</em></strong></span> <span class='ocrx_word' id='word_1_964' title='bbox 1125 5510 1197 5563; x_wconf 89' lang='lat' dir='ltr'><strong><em>esse,</em></strong></span> <span class='ocrx_word' id='word_1_965' title='bbox 1213 5498 1241 5550; x_wconf 85' lang='lat' dir='ltr'><strong><em>et</em></strong></span> <span class='ocrx_word' id='word_1_966' title='bbox 1259 5495 1428 5550; x_wconf 83' lang='lat' dir='ltr'><strong><em>sanctificari</em></strong></span> <span class='ocrx_word' id='word_1_967' title='bbox 1450 5512 1501 5568; x_wconf 86' lang='lat' dir='ltr'><strong><em>par</em></strong></span> <span class='ocrx_word' id='word_1_968' title='bbox 1523 5496 1641 5551; x_wconf 82' lang='lat' dir='ltr'><strong><em>verbum</em></strong></span> <span class='ocrx_word' id='word_1_969' title='bbox 1667 5496 1719 5552; x_wconf 82' lang='lat' dir='ltr'><strong><em>nei</em></strong></span> <span class='ocrx_word' id='word_1_970' title='bbox 1741 5501 1771 5552; x_wconf 90' lang='lat' dir='ltr'><strong><em>et</em></strong></span> <span class='ocrx_word' id='word_1_971' title='bbox 1794 5513 1852 5552; x_wconf 89' lang='lat' dir='ltr'><strong><em>ora-</em></strong></span> 
     </span>
    </p>
   </div>
   <div class='ocr_carea' id='block_1_9' title="bbox 0 0 1946 6112">
    <p class='ocr_par' dir='ltr' id='par_1_11' title="bbox 0 0 1946 6112">
     <span class='ocr_line' id='line_1_106' title="bbox 0 0 1946 6112; baseline 0 0"><span class='ocrx_word' id='word_1_972' title='bbox 0 0 1946 6112; x_wconf 95' lang='lat' dir='ltr'><strong><em> </em></strong></span> 
     </span>
    </p>
   </div>
  </div>
 </body>
</html>
