3884 6112
83 243 133 299 rat
258 230 264 245 '
696 229 966 290 cobrnsslobuat
990 229 1020 289 S.
1040 229 1247 290 edadsrlrvt.
1792 240 1843 294 7³2

85 359 228 434 petebam,
250 356 313 429 jam
336 351 566 427 promittebatur,
588 348 713 407 maxime
739 354 831 406 matre
851 351 937 406 dante
990 349 1102 404 alatcre
1117 348 1551 422 meotanquamimpedimento
1560 352 1845 428 conjugii‚0umqm

85 461 282 520 operamque
299 460 345 499 me
357 443 418 514 jam
427 441 614 512 conjugatum
630 439 792 511 Baptismus
802 439 937 495 salutaris
991 438 1097 493 cubare
1112 436 1212 492 solitus
1227 453 1317 502 eram,
1333 454 1383 493 cor
1398 438 1446 493 ubi
1461 440 1630 497 adherebat
1652 443 1800 499 concisam
1819 452 1846 503 et

84 540 223 597 ablueret.
238 552 295 608 quo
314 550 358 589 me
368 533 398 587 in
415 531 476 587 dies
490 531 634 601 gaudebat
646 530 750 601 aptari,
762 534 789 584 ct
805 534 868 584 vota
884 545 936 584 sua
988 528 1169 583 vulneratum
1184 526 1257 582 milri
1269 531 1340 590 erat,
1357 532 1386 582 et
1401 528 1530 584 trahebat
1543 529 1728 601 sangninem.
1752 533 1786 587 Er
1798 532 1846 588 illa

85 643 118 682 ac
131 625 272 698 promissa
284 626 333 678 tua
342 623 372 676 in
383 637 447 676 mea
461 620 518 675 llda
529 618 665 690 compleri
679 618 936 673 animadvertebat.
992 616 1021 670 in
1036 615 1159 672 Africam
1175 616 1306 682 redierat,
1320 632 1426 671 vovens
1439 615 1589 672 tibialiam
1604 619 1742 674 sevirum
1756 620 1846 675 nesci·

86 715 158 771 Cum
169 729 236 769 sano
245 717 274 767 et
286 713 386 783 rogatu
401 725 464 764 meo
475 711 502 763 et
513 707 653 762 desiderio
666 723 727 774 suo,
739 705 805 762 forti
816 706 938 761 clamore
991 708 1096 768 turam,
1109 704 1206 760 relicto
1229 705 1304 776 apud
1319 720 1365 759 me
1387 705 1561 761 naturalior
1575 707 1626 761 illa
1640 707 1701 762 tilio
1716 723 1793 763 meo.
1808 711 1843 764 et

86 802 181 859 cordis
195 802 245 857 abs
266 803 294 855 te
319 799 521 869 deprecaretur
537 795 675 868 quotidie,
692 800 724 850 ut
736 794 763 850 ei
777 812 828 867 per
846 795 939 850 visum
992 809 1045 864 ogo
1060 793 1218 849 intelianec
1231 792 1346 849 feminae
1360 793 1498 863 imitator,
1518 795 1664 851 dilationis
1678 797 1845 868 impatiens,

86 890 249 948 ostenderes
263 887 372 960 aliquid
387 887 421 942 de
436 884 533 940 lutura
558 883 739 939 matrimonio
763 900 841 949 meo;
860 900 934 939 nan·
992 887 1128 955 tanquam
1147 889 1214 956 post
1235 883 1382 938 biennium
1403 888 1571 956 accepturus
1592 902 1657 941 eam
1678 902 1771 957 quem
1798 903 1847 958 pe.

86 995 174 1054 quam
188 976 313 1034 voluisti.
331 977 363 1031 at
383 974 497 1029 videbat
512 972 644 1044 quadam
667 988 741 1026 vana
768 977 798 1027 et
816 972 938 1043 phanta·
991 973 1097 1038 tcbam,
1111 972 1180 1042 quia
1193 986 1253 1027 uon
1266 975 1377 1027 amator
1386 972 1514 1043 conjugii
1539 973 1589 1028 sed
1603 973 1736 1041 libidinis
1748 990 1846 1031 servus

87 1069 232 1141 stica,qno
243 1064 496 1137 cogebatimpctus
508 1063 542 1117 de
554 1062 606 1116 hac
616 1077 646 1116 re
653 1060 809 1133 satagentis
818 1059 939 1116 humani
992 1077 1088 1127 cram;
1104 1060 1254 1132 procuravi
1267 1061 1364 1130 aliam,
1388 1077 1447 1116 non
1469 1061 1570 1134 utique
1594 1063 1774 1134 conjugem
1791 1080 1847 1136 que

87 1155 216 1229 spiritus,
231 1159 260 1210 et
272 1153 408 1209 narrabat
421 1150 504 1221 milri,
520 1167 580 1205 non
590 1166 655 1205 carm
672 1149 776 1205 llducia
792 1166 849 1221 qua
865 1149 938 1204 sole·
992 1155 1130 1221 tanquam
1144 1154 1352 1205 sustentaretur
1366 1153 1393 1204 ct
1402 1150 1609 1222 perduceretur
1621 1152 1667 1206 vel
1678 1152 1795 1223 integer
1806 1153 1849 1209 rot

89 1243 148 1313 bat,
157 1259 222 1299 cum
233 1246 264 1296 tu
275 1241 485 1296 demonstrares
495 1238 532 1306 ei,
544 1238 594 1294 sed
604 1245 790 1295 contemnens
801 1253 844 1293 ca.
858 1237 938 1292 Dica-
992 1238 1102 1294 auctior
1128 1239 1246 1294 morbus
1270 1238 1375 1294 animae
1397 1254 1480 1303 meae,
1505 1239 1640 1295 satellitio
1662 1241 1849 1313 perdurantis

88 1330 137 1387 bat
152 1329 230 1385 enim
240 1328 401 1384 discernere
412 1343 441 1381 se
451 1325 546 1381 nescio
556 1341 612 1397 quo
623 1341 735 1396 sapore,
749 1341 836 1397 quem
847 1323 941 1378 verbis
992 1326 1220 1394 consuetudinis,
1241 1325 1272 1381 in
1296 1342 1416 1398 regnum
1439 1327 1581 1384 uxorium,
1608 1330 1667 1384 1520
1691 1330 1849 1385 sanabatur

89 1419 231 1492 explicare
241 1432 299 1472 non
310 1419 432 1489 poterat,
442 1415 511 1487 quid
522 1414 668 1469 interesset
680 1412 940 1468 interrevclantcm
993 1416 1095 1469 vulnus
1118 1414 1189 1470 illud
1212 1431 1309 1471 mcum
1325 1415 1401 1486 quod
1423 1415 1526 1488 prioris
1547 1417 1722 1489 praecisione
1741 1417 1848 1474 sacrm

88 1511 127 1572 te,
148 1510 176 1562 et
189 1504 317 1561 animam
332 1520 413 1558 suam
433 1502 636 1558 somniantem.
652 1501 816 1556 instabatur
830 1504 938 1568 tamen,
992 1503 1097 1574 luerat,
1111 1504 1160 1561 sed
1175 1510 1240 1576 post
1255 1505 1395 1560 fervorem
1405 1505 1592 1577 doloremque
1606 1505 1787 1562 acerrimum
1800 1522 1848 1577 pu·

90 1598 118 1650 et
130 1593 228 1666 puella
242 1593 403 1665 petebatur,
419 1592 500 1664 cujus
515 1595 584 1645 astas
604 1589 694 1645 ferme
709 1588 826 1644 biennio
844 1589 939 1642 minus
993 1594 1141 1663 arescebat,
1157 1597 1185 1650 et
1199 1593 1281 1667 quasi
1294 1593 1436 1666 trigidius,
1452 1593 1501 1650 sed
1514 1595 1698 1667 desperatius
1722 1596 1845 1652 dolebat,

90 1698 177 1757 quam
191 1680 298 1738 nubilis
309 1683 386 1750 erat,
401 1684 429 1736 et
441 1679 510 1752 quin
519 1695 553 1733 ca
563 1677 701 1750 placebat,
713 1676 938 1750 exspectabatur.

414 1768 527 1825 CAPUT
543 1769 609 1824 XIV.

155 1861 194 1916 Dc
205 1861 264 1914 aito
275 1859 410 1914 communi
424 1856 530 1927 oqendc
543 1873 603 1913 cum
622 1857 717 1913 amicis
729 1855 870 1911 deliberat.

60 1934 71 1954 ’
124 1949 169 2004 24.
191 1948 224 2004 Et
241 1947 326 2003 multi
340 1946 425 2002 amici
448 1946 657 2019 agitaveramus
677 1944 785 2012 animo,
809 1949 838 1999 et
852 1944 938 1999 collo-

89 2041 211 2112 quentes
225 2054 257 2092 ac
272 2037 444 2093 detestantes
459 2037 638 2091 turbulentas
651 2035 786 2090 hnmanae
800 2033 865 2090 vitae
881 2050 940 2088 uro·

88 2126 195 2195 laetias,
211 2143 285 2199 pene
294 2125 355 2197 jam
367 2125 585 2182 firmaveramus
599 2123 703 2180 remoti
719 2122 836 2179 atarbis
849 2121 939 2178 otiosa

1319 1763 1432 1821 CAPUT
1450 1765 1518 1823 xvl.

1080 1907 1175 1964 Mortis
1190 1911 1216 1963 ct
1226 1907 1330 1978 judicii
1347 1912 1446 1965 metum
1459 1923 1600 1980 ituantem
1619 1906 1759 1980 deposuit.

1028 2029 1246 2100 revisitans,
1274 2031 1327 2087 tibi
1354 2031 1456 2103 gloria,
1480 2033 1544 2090 lons
1568 2032 1842 2091 misericordiarum

994 2119 1051 2190 Ego
1065 2119 1170 2175 fiebam
1184 2119 1326 2189 misertor,
1343 2124 1372 2176 et
1385 2126 1416 2177 tu
1425 2122 1628 2195 propinquior.
1645 2123 1758 2179 Aderat
1771 2124 1842 2195 jam-

90 2215 200 2272 vivere:
216 2214 348 2270 idatium
363 2214 401 2269 sic
417 2213 521 2282 moliti,
536 2219 570 2270 ut
584 2213 608 2268 si
627 2212 696 2286 quid
717 2212 822 2268 habere
838 2226 939 2282 possc-
989 2209 1109 2282 jamque
1123 2210 1239 2265 dextera
1251 2214 1427 2284 tuaraptura
1438 2227 1485 2266 me
1500 2212 1536 2268 de
1552 2228 1646 2280 coeno,
1671 2217 1701 2267 et
1714 2213 1842 2271 ablatura

89 2320 163 2372 mus,
180 2302 373 2359 conferremus
387 2302 418 2357 in
433 2302 571 2367 medium,
586 2317 734 2373 unumque
745 2316 806 2357 rem
821 2299 939 2355 familia·

90 2409 152 2448 rem
166 2391 356 2447 conflaremus
371 2406 405 2446 ex
420 2390 569 2460 omnibus;
584 2395 615 2445 ut
628 2406 680 2462 per
695 2388 827 2444 amicitiae
847 2388 939 2442 siuce-

90 2480 205 2537 ritatem
225 2495 284 2535 non
310 2481 384 2534 esset
404 2478 481 2533 aliud
504 2479 591 2550 hujus
614 2483 643 2533 et
667 2477 745 2533 aliud
769 2476 862 2543 illius3
890 2476 939 2531 sed

91 2568 165 2641 quod
176 2584 210 2622 ex
223 2566 331 2621 cunctis
341 2566 424 2621 lieret
432 2582 535 2636 unum,
546 2569 574 2621 et
584 2565 748 2620 universum
760 2564 939 2636 singulorum

90 2662 174 2726 osset,
191 2661 219 2714 et
240 2657 338 2713 omnia
352 2658 498 2712 omnium:
517 2672 582 2711 cum
600 2655 764 2711 videremur
779 2655 862 2710 nobis
879 2670 940 2711 csse

89 2764 173 2820 posse
189 2746 287 2803 decem
302 2745 391 2802 terme
406 2746 538 2801 hominos
550 2745 581 2800 in
605 2744 705 2800 endam
729 2743 873 2810 societate,
895 2759 941 2798 cs-

90 2842 211 2908 sentque
229 2835 306 2891 inter
330 2851 383 2890 nos
399 2833 570 2906 praedivites,
594 2831 790 2888 Rornanianus
815 2830 939 2887 maximo

90 2921 305 2995 communiceps
319 2926 425 2989 nostor,
448 2937 534 2992 qucm
549 2928 617 2976 tunc
636 2936 735 2992 graves
750 2923 836 2974 aestus
851 2935 940 2990 nago-

90 3011 197 3067 tiorum
209 3026 326 3066 suorum
337 3009 374 3065 ad
387 3009 553 3065 comitatum
569 3013 753 3076 attraxerant,
769 3008 804 3063 ab
820 3008 940 3063 ineunte

91 3103 174 3155 relate
185 3098 258 3154 mihi
272 3098 524 3164 familiarissimum
536 3098 585 3170 qui
603 3098 724 3153 maxime
741 3096 864 3152 instabat
873 3095 941 3151 huic

91 3187 143 3252 roi,
170 3191 199 3241 et
220 3202 355 3258 magnam
376 3186 406 3240 in
421 3187 565 3242 suadendo
589 3186 713 3241 habebat
727 3185 938 3251 auctoritatem,

91 3274 166 3347 quod
184 3274 280 3345 ampla
294 3291 340 3329 rcs
355 3275 417 3346 ejus
430 3274 673 3330 multumcaeteris
684 3273 825 3329 anteibat:
841 3277 869 3328 et
882 3274 941 3344 pla·

91 3366 187 3418 cuerat
200 3363 282 3418 nobis
295 3367 325 3417 ut
338 3363 398 3419 bini
407 3364 496 3419 annui
505 3367 640 3435 tauquam
651 3363 832 3434 magistratus
843 3362 940 3417 omnin

90 3453 249 3508 necessaria
266 3456 406 3516 curarent,
423 3452 533 3507 caeteris
547 3451 662 3524 quietis.
679 3450 735 3507 Sed
750 3454 939 3522 posteaquam

91 3541 177 3614 coepit
196 3542 317 3615 cogitari
335 3546 431 3598 utrum
447 3542 501 3596 hoc
517 3541 693 3597 mulierculae
716 3540 853 3608 sinerent,
869 3555 940 3612 quas

90 3629 181 3686 etalii
200 3636 331 3687 nastrum
343 3632 404 3703 jam
418 3631 571 3697 habebant,
587 3633 615 3684 et
628 3646 680 3684 nos
698 3629 803 3684 habere
826 3628 940 3683 voleba-

91 3733 166 3786 mus,
181 3723 273 3776 totum
294 3720 363 3775 illud
377 3719 514 3791 placitum
534 3717 611 3790 quod
626 3717 698 3772 beno
712 3716 906 3772 formabamus
919 3715 940 3783 ¹,

91 3805 217 3862 dissiluit
239 3806 269 3861 in
293 3807 436 3874 manibus,
461 3808 546 3878 atqu‘a
561 3805 736 3860 confractum
755 3808 784 3860 et
801 3805 941 3876 abjectum

91 3897 142 3949 est.
167 3893 235 3949 Indo
251 3895 286 3949 ad
302 3894 424 3965 suspiria
443 3898 472 3948 et
489 3893 612 3965 gemitus
626 3890 648 3960 ¹,
667 3897 696 3948 et
709 3908 822 3963 grossus
839 3893 875 3948 ad
897 3910 941 3947 sc-

92 3982 223 4055 qucndas
246 3982 317 4036 latas
335 3987 363 4037 et
381 3981 461 4036 tritas
482 3982 541 4036 vias
566 3982 671 4048 saeculi,
688 3981 824 4052 quoniam
843 3982 941 4038 multra

92 4070 279 4144 cogitationes
295 4073 376 4126 crant
397 4071 427 4125 in
444 4071 528 4126 corde
543 4075 657 4136 nostro;
675 4070 827 4126 consilium
846 4076 942 4126 autem

92 4165 176 4216 tuum
186 4165 285 4215 manet
297 4159 326 4215 in
343 4164 483 4214 veternum
495 4159 579 4231 (Paul.
590 4176 676 4227 xxxvi,
692 4160 732 4230 l).
752 4160 789 4214 lix
805 4176 862 4231 quo
873 4176 940 4214 eou-

11 4274 14 4279 -
92 4249 156 4305 silio
180 4249 329 4306 deridebas
351 4252 455 4313 nostra,
477 4252 505 4303 el
520 4252 570 4302 tua
584 4247 775 4320 praeparabas,
790 4247 874 4303 nobis
890 4249 940 4303 da·

91 4336 941 4412 turuscecaminopportunitate,etaperturusmanumtuam

91 4432 174 4499 atquc
190 4428 362 4500 impleturus
377 4427 488 4483 animas
510 4430 622 4482 nostras
635 4426 835 4483 bencdictione
851 4427 937 4498 (Psoi.

92 4532 180 4586 caarv,
194 4521 236 4587 ld,
252 4520 314 4589 la).

431 4606 543 4662 CAPUT
552 4606 605 4661 XV.

172 4695 204 4750 ln
219 4694 304 4750 locum
319 4695 482 4752 discedentis
498 4695 651 4751 concubina
664 4693 722 4749 alia
735 4691 863 4749 succedit.

128 4786 173 4839 25.
191 4784 304 4838 interea
318 4788 434 4855 peccata
448 4801 512 4839 mea
525 4782 797 4856 multiplicabantur,
810 4782 943 4837 etarulsa

125 4906 304 4959 ¹Firmamur
330 4907 404 4971 juxta
427 4909 619 4959 vetustissimas
643 4907 772 4957 editiones
794 4910 821 4956 et
843 4906 944 4971 aliquot

93 4971 156 5021 lllss.
175 4974 245 5023 Perae
253 4970 472 5033 firrrrousrnmrar,
486 4971 561 5032 juxta
576 4971 645 5021 Flor.
657 4972 693 5020 bl.

125 5033 247 5091 2Codex,
257 5032 313 5080 Alb.
329 5036 355 5080 et
365 5031 525 5094 antiquiores
535 5031 858 5095 enarratoremque
868 5036 944 5096 ctae·

93 5099 176 5147 avitus
189 5094 416 5152 converteremur,
436 5097 462 5143 et
474 5107 588 5156 arcanis.

993 2315 1054 2367 nre;
1079 2303 1108 2355 et
1125 2299 1305 2372 ignorabam,
1328 2301 1382 2355 Nec
1395 2316 1440 2355 me
1462 2301 1612 2356 revocabat
1626 2300 1841 2372 a'profundioro

992 2389 1172 2459 voluptatum
1195 2388 1353 2444 carnalium
1368 2389 1500 2461 'gurgite
1520 2390 1575 2445 nisi
1588 2394 1685 2446 metus
1703 2390 1805 2446 mortis
1817 2394 1842 2446 et

994 2476 1085 2531 futuri
1108 2476 1210 2548 judicii
1224 2477 1278 2547 tui,
1294 2477 1344 2550 qui
1359 2494 1411 2549 per
1430 2478 1522 2533 varias
1540 2478 1661 2551 quidem
1684 2478 1839 2550 opinione,

994 2580 1144 2636 nunquam
1173 2571 1269 2621 tamen
1282 2566 1398 2622 recessit
1411 2566 1573 2637 depectere
1586 2580 1663 2622 meo.
1680 2568 1713 2623 Et
1722 2567 1840 2639 disputa·

992 2653 1057 2710 bam
1072 2670 1138 2709 cum
1162 2654 1262 2710 amicis
1276 2655 1349 2710 meis
1362 2654 1464 2728 Alypio
1480 2660 1508 2711 et
1528 2655 1665 2711 Nebridio
1680 2655 1716 2711 de
1743 2655 1840 2711 linibns

993 2743 1178 2799 bonorumet
1201 2743 1353 2809 malorum,
1380 2743 1533 2814 Epicurum
1548 2749 1738 2815 accepturam
1760 2744 1839 2800 ruisse

992 2834 1120 2905 palmam
1139 2834 1170 2889 in
1200 2832 1295 2889 animo
1318 2848 1395 2900 meo,
1416 2833 1473 2888 nisi
1494 2850 1547 2905 ogo
1575 2833 1764 2890 credidissem
1783 2836 1839 2906 post

994 2928 1114 2978 mortona
1130 2925 1237 2977 restare
1252 2921 1356 2976 animm
1375 2921 1474 2988 vitam,
1490 2927 1519 2977 ct
1533 2926 1641 2978 tractas
1663 2922 1838 2990 moritorum,

994 3012 1071 3084 quod
1088 3011 1223 3082 Epicurus
1237 3011 1353 3071 credere
1368 3011 1468 3066 noluit.
1485 3012 1518 3066 Et
1530 3011 1709 3082 quaerebam,
1726 3011 1751 3066 si
1772 3026 1839 3067 essa·

994 3117 1057 3156 mus
1069 3100 1247 3156 immortales
1262 3105 1290 3155 et
1302 3099 1332 3154 in
1340 3104 1479 3173 perpetua
1488 3099 1616 3172 corporis
1625 3100 1777 3172 voluptate
1785 3099 1839 3156 sine

993 3191 1053 3245 ullo
1066 3189 1228 3245 amissionis
1247 3193 1355 3244 terrore
1376 3188 1545 3253 viveremus,
1567 3204 1618 3244 cur
1639 3206 1698 3244 non
1720 3205 1842 3245 essemus

994 3278 1079 3348 beati,
1093 3282 1143 3333 aut
1157 3277 1225 3349 qnid
1236 3277 1315 3333 aliud
1325 3280 1540 3350 quaereremus?
1555 3278 1689 3333 Nosciens
1714 3277 1838 3351 idipsum

993 3367 1029 3422 ad
1043 3370 1188 3437 ,magnam
1203 3365 1348 3422 miseriam
1369 3366 1525 3438 pertinere,
1541 3366 1619 3438 quod
1633 3365 1675 3421 ita
1698 3366 1840 3422 demersus

994 3461 1023 3512 et
1038 3472 1129 3510 cincus
1159 3455 1285 3525 cogitare
1303 3472 1362 3511 non
1386 3472 1499 3528 possem
1518 3455 1617 3510 lumen
1637 3454 1799 3511 honestatis
1816 3457 1841 3508 et

995 3544 1082 3615 gratis
1099 3544 1304 3616 amplectendas
1328 3543 1560 3615 pulchritudiuis,
1581 3558 1670 3615 quam
1686 3559 1749 3598 non
1770 3542 1841 3598 ridet

994 3633 1093 3688 oculus
1106 3632 1210 3696 carnis,
1225 3639 1255 3689 et
1268 3633 1382 3689 videtur
1394 3631 1549 3688 exintimo.
1563 3631 1839 3687 Nceeonsiderabam

995 3722 1091 3791 miser,
1121 3737 1156 3776 ex
1171 3738 1228 3793 qua
1255 3737 1327 3777 rena
1345 3721 1418 3777 milri
1439 3725 1580 3786 manaret,
1596 3718 1675 3791 quod
1700 3719 1757 3774 ista
1773 3719 1838 3790 ipsa.

994 3811 1069 3867 laeda
1100 3814 1196 3866 tamen
1222 3827 1288 3866 curn
1308 3809 1408 3865 amicis
1430 3809 1552 3865 dulciter
1570 3807 1771 3875 conferebam
1793 3819 1840 3861 nea

996 3915 1057 3954 csse
1081 3899 1142 3954 sinc
1161 3899 1261 3954 amieis
1284 3902 1414 3970 poteram
1444 3898 1554 3964 boatus,
1579 3896 1669 3951 etiam
1687 3895 1839 3951 secundum

996 4003 1111 4042 sensam
1126 4003 1210 4059 quem
1226 3991 1293 4043 tunc
1307 3987 1447 4042 habebam
1460 3986 1490 4040 in
1504 3985 1685 4057 quantalibet
1699 3983 1841 4040 alllrrentia

995 4076 1154 4132 carnalium
1167 4076 1354 4148 voluptatum.
1371 4075 1447 4140 Quos
1466 4074 1565 4145 utiquc
1575 4073 1683 4128 amicos
1697 4073 1786 4145 gratis
1799 4071 1840 4126 di-

996 4165 1131 4235 ligebam,
1143 4164 1325 4236 vicissimque
1335 4164 1370 4220 ab
1381 4163 1422 4218 eis
1429 4179 1476 4218 me
1486 4161 1569 4232 diligi
1578 4161 1668 4234 gratis
1676 4160 1838 4217 sentiebam.

996 4254 1017 4309 0
1032 4258 1175 4309 tortuosas
1187 4253 1260 4308 vias!
1278 4255 1325 4308 Vae
1340 4251 1444 4307 animm
1458 4250 1557 4307 audaci
1572 4266 1638 4321 qum
1650 4249 1785 4321 speravit,
1795 4248 1840 4302 sia

995 4346 1023 4397 to
1036 4341 1206 4410 recessisset,
1224 4358 1255 4397 sc
1270 4340 1379 4413 aliquid
1392 4338 1495 4395 melius
1519 4337 1702 4394 habituraml
1720 4338 1803 4392 Versa
1815 4337 1840 4389 et

996 4447 1108 4486 reversa
1119 4431 1150 4485 iu
1162 4436 1287 4501 tergum,
1301 4435 1329 4485 et
1339 4429 1369 4484 in
1384 4429 1484 4490 latera,
1497 4433 1525 4483 ct
1539 4427 1571 4482 in
1581 4429 1723 4493 ventrem,
1735 4428 1763 4481 et
1774 4424 1840 4479 dura

996 4525 1063 4576 sunt
1074 4519 1188 4575 omnia:
1204 4524 1233 4574 et
1246 4524 1276 4573 tu
1292 4519 1369 4574 solus
1385 4517 1510 4589 requies.
1522 4517 1555 4570 Et
1583 4531 1647 4571 ecce
1664 4515 1744 4582 ades,
1759 4519 1788 4569 ct
1808 4511 1838 4566 li·

997 4609 1080 4664 baras
1107 4608 1346 4663 amiserabilibus
1365 4607 1520 4673 erroribus,
1536 4610 1565 4663 et
1575 4603 1729 4660 constituis
1741 4619 1792 4659 nos
1810 4599 1838 4656 in

995 4699 1040 4754 via
1055 4705 1115 4766 tna,
1141 4702 1169 4754 et
1182 4697 1348 4764 consolaris,
1364 4701 1393 4751 et
1407 4694 1489 4751 dicis:
1515 4693 1640 4751 Currite:
1670 4708 1726 4763 ogo
1744 4692 1836 4756 ieram,

997 4792 1024 4844 et
1039 4804 1090 4858 ego
1106 4788 1269 4859 perducam,
1286 4791 1314 4841 et
1328 4785 1369 4841 ibi
1384 4800 1437 4856 ego
1452 4783 1540 4839 leram
1555 4780 1577 4839 ¹.

1034 4914 1040 4947 ¹
1056 4912 1085 4961 ln
1098 4911 1208 4976 Lyreusi
1224 4910 1298 4970 cdd,
1310 4913 1335 4960 ct
1349 4909 1436 4971 eperat
1445 4906 1572 4960 liberabo.
