3884 6112
116 233 168 282 779
711 230 981 290 CONFESSIONUM
1010 231 1038 288 S.
1058 230 1264 291 tuuusrtltl.

115 355 185 409 emit
198 358 231 409 ul
246 369 297 407 nos
309 352 418 408 auferat
433 352 458 408 ei
471 351 480 387 ¹
496 354 510 408 ‘l
524 354 566 409 rtd
581 352 756 425 cujuspretii
769 354 859 409 nostri
869 371 962 411 sacra-

115 447 243 497 mentum
260 441 357 512 ligavit
367 443 523 497 ancillatua
534 444 750 497 animamsuam
765 443 960 500 vinculosrdei.

116 533 205 586 Nemo
220 547 236 584 a
251 531 425 602 protectione
441 536 489 586 tua
502 531 663 602 disrumpat
673 548 745 586 eam.
755 532 817 586 Non
832 549 861 586 so
872 532 961 586 iuter·

114 624 202 692 ponat
218 636 270 674 nec
293 620 320 673 vi
341 636 394 674 uec
415 620 525 674 insidiis
539 621 583 674 leo
598 624 626 675 et
639 621 741 675 draco:
763 636 856 692 neque
885 620 962 675 enim

114 707 297 778 respondebit
311 708 361 761 illa
375 707 446 761 nibil
471 723 500 761 se
528 707 642 775 debere,
670 724 706 762 ne
729 709 916 763 convincatur
933 712 963 764 et

114 796 276 852 obtineatur
288 796 323 850 ab
340 800 500 850 accusatore
514 795 615 850 callido
628 812 634 863 ;
651 796 700 851 sed
720 796 902 868 respondebit
916 797 961 853 di·

114 886 199 941 missa
216 884 312 941 debita
331 902 381 939 sua
407 885 442 939 ab
467 901 511 951 eo,
526 884 572 940 cui
587 900 672 939 nemo
687 885 787 940 reddet
801 886 879 957 quod
907 902 960 957 pro

112 973 195 1030 nobis
208 991 267 1029 uon
280 974 386 1029 debens
401 973 534 1029 reddidit.

147 1066 191 1119 ³7.
208 1063 250 1118 Sit
272 1079 340 1134 ergo
358 1063 387 1116 in
405 1079 474 1133 pace
489 1078 554 1117 cum
570 1062 642 1131 viro,
660 1066 825 1133 antequem
839 1062 912 1118 nulli
933 1066 962 1118 et

112 1157 176 1223 post
189 1167 275 1223 quem
290 1151 362 1206 nulli
377 1155 468 1221 nupta
495 1154 547 1215 est,
567 1149 613 1204 cui
635 1149 750 1205 servivit
763 1151 889 1205 fructum
907 1150 960 1206 libi

111 1240 233 1294 atterens
248 1256 313 1294 cum
328 1239 480 1293 tolerantia
502 1239 578 1306 (tac.
598 1254 657 1303 ιιιι,
676 1238 729 1308 lb),
749 1242 781 1292 ut
799 1255 865 1293 cum
885 1255 960 1310 quo-

111 1344 168 1400 que
193 1329 352 1382 lucraretur
370 1326 431 1381 libi.
449 1327 481 1380 Et
504 1326 619 1397 inspira,
643 1326 761 1381 Domine
778 1342 869 1393 meus,
887 1328 960 1381 Deus

111 1434 192 1472 meus
206 1422 227 1486 ²,
243 1417 350 1487 inspira
376 1416 464 1469 servis
479 1415 536 1470 tuis
558 1415 693 1469 iratribus
711 1415 792 1479 meis,
817 1416 883 1470 titiis
903 1417 960 1470 tuis

110 1506 235 1561 dominis
251 1507 331 1572 meis,
356 1505 460 1576 quibus
475 1511 503 1559 ct
516 1520 582 1559 voce
593 1508 619 1558 et
634 1504 717 1559 corde
742 1509 770 1558 ct
785 1504 886 1559 litteris
900 1521 959 1560 ser-

110 1595 167 1661 vio,
183 1599 215 1650 ut
229 1598 371 1667 quotquot
392 1595 453 1648 brec
466 1593 596 1663 legerint,
620 1592 805 1648 meminerint
820 1592 855 1647 ad
870 1594 960 1648 altare

141 1694 227 1742 1Λιιι.
243 1707 302 1741 cum
318 1693 419 1764 aliquot
432 1693 504 1749 tiss,
524 1689 635 1754 (afferat,
649 1690 694 1739 sed
711 1689 805 1740 melius
821 1691 883 1740 bad.
894 1690 958 1739 Arn-

109 1756 151 1805 Er.
162 1757 223 1804 Lov.
232 1769 291 1803 curn
304 1754 423 1826 pluribus
438 1755 509 1810 bles..
520 1753 627 1816 auferat
639 1753 673 1811 ei,
682 1753 780 1801 scilicet
789 1752 891 1802 Christo
906 1765 959 1801 em·

109 1818 185 1881 pluri,
201 1817 238 1866 uli
254 1817 329 1866 nobis
344 1816 450 1880 quidem
467 1816 580 1864 viderur.

142 1879 150 1909 ²
163 1881 277 1929 Domine
293 1882 363 1929 Deus
377 1891 458 1937 uleus,
471 1876 549 1941 juxta
562 1878 627 1926 l'en.
643 1877 677 1926 Μ.

1828 239 1873 292 'itti

1016 359 1099 410 luam
1115 354 1498 427 tlonuicaeiamulaeture(a),
1509 371 1576 412 cum
1589 355 1719 411 Patricio
1734 358 1875 428 quondam

1017 444 1078 514 ejus
1089 445 1223 516 conjuge,
1238 459 1290 515 per
1302 460 1425 516 quoram
1439 461 1556 500 caruem
1580 444 1781 501 introduxisti
1795 447 1877 503 meir

1016 533 1089 588 banc
1103 533 1200 600 vitam,
1221 533 1461 604 quamadmodum
1478 534 1586 590 nescio.
1611 533 1807 589 Meminerint
1819 551 1877 590 curu

1016 620 1119 676 allecta
1135 621 1181 692 pio
1197 627 1347 692 parentum
1361 637 1490 677 meorum
1505 623 1537 677 in
1551 623 1608 677 hac
1623 622 1689 678 lnce
1700 623 1877 692 transitoria,

1016 715 1044 764 et
1058 709 1177 765 fratrum
1199 726 1328 765 meorum
1342 711 1395 765 sub
1411 714 1439 766 te
1458 715 1539 784 patre
1558 711 1591 766 in
1605 715 1705 766 matre
1719 711 1876 777 catholica,

1015 802 1043 853 et
1056 797 1161 853 civium
1179 815 1310 854 mearum
1324 799 1355 854 in
1375 803 1484 855 aeterna
1495 801 1673 869 Jerusalem,
1690 799 1744 855 cui
1758 801 1876 871 suspiret

1014 886 1207 959 peregrinatio
1223 886 1370 959 populitui
1382 887 1418 943 ab
1432 888 1511 943 exitu
1521 904 1615 960 usque
1626 887 1667 944 ad
1684 886 1820 943 reditum
1832 902 1840 958 ;
1852 894 1877 945 ul

1014 975 1092 1047 quod
1107 992 1123 1031 a
1138 975 1549 1047 meillapoposciterlremum‚
1567 975 1696 1032 uberius
1707 976 1753 1031 illi
1767 983 1877 1049 preste

1014 1069 1062 1119 tur
1075 1064 1105 1118 in
1119 1064 1275 1120 multorum
1285 1064 1461 1121 orationibus
1474 1065 1743 1138 percouiessiones
1760 1068 1781 1133 ¹,
1796 1082 1876 1139 quau

1014 1168 1066 1224 per
1080 1152 1223 1208 orationes
1236 1168 1324 1210 meas.

1047 1257 1161 1328 1ΙιιΕιιᾱτ
1174 1257 1303 1320 pluribus,
1311 1261 1364 1307 tum
1370 1257 1616 1323 percousecslones.
1628 1261 1728 1320 Abest,
1735 1261 1873 1311 lamellas.

1013 1333 1079 1382 quus
1093 1326 1176 1381 ntagrs
1191 1320 1342 1382 probamus.

1044 1382 1082 1441 (a)
1090 1380 1187 1429 inuitari
1199 1381 1284 1429 visam
1291 1387 1331 1430 est
1338 1384 1455 1432 vetustos
1464 1382 1633 1447 codicesqui
1646 1398 1715 1432 cum
1727 1384 1874 1446 geminetil·

1014 1447 1068 1490 tcru
1079 1442 1273 1506 anpraelerunt
1284 1445 1425 1493 licentra:
1439 1460 1445 1489 ι
1459 1458 1492 1493 uo
1504 1451 1583 1508 pacto
1596 1447 1685 1494 etium
1699 1447 1831 1509 scriptum
1841 1460 1872 1496 re

1014 1505 1113 1566 peritur
1123 1505 1151 1554 in
1161 1505 1289 1561 oratioue,
1300 1519 1377 1568 quam
1395 1458 1546 1556 Wilielruus
1557 1508 1657 1565 abbas,
1668 1508 1723 1572 piis
1738 1508 1871 1572 Augustini

1012 1566 1080 1614 votis
1090 1567 1287 1630 obtemperandi
1298 1567 1394 1623 studio,
1407 1568 1556 1641 composuit
1568 1569 1621 1618 sub
1629 1569 1677 1618 bis
1685 1571 1797 1619 verbis-z
1809 1572 1872 1620 «tte

1013 1647 1025 1670 u
1036 1632 1135 1687 mento,
1151 1629 1270 1689 bomine,
1282 1630 1474 1678 unlmcelamulr
1488 1631 1527 1679 tui
1538 1631 1661 1687 Patricii.
1677 1631 1870 1682 etlanruletue

1012 1705 1025 1735 ιι
1034 1691 1163 1739 lltonuicae
1175 1691 1241 1749 ;etsi
1253 1691 1316 1754 quid
1325 1691 1764 1756 proauimatiliiipsoruurdomiui
1772 1696 1868 1744 meite

1012 1752 1737 1866 “lllllttulitllltttllttlmll⁰⁰³⁹t⁰
1797 1758 1864 1805 ‘³¹⁰³'

1012 1830 1055 1862 ιιι
1164 1829 1221 1862 ιιι
1302 1830 1356 1863 re
1414 1830 1458 1865 cu
1521 1830 1736 1872 recurasse
1774 1831 1863 1867 auore

1012 1876 1048 1925 tio
1065 1877 1167 1938 integra
1180 1876 1291 1926 babetur
1305 1878 1331 1926 in
1346 1877 1468 1928 Veterum
1476 1878 1675 1929 traiecturum
1689 1883 1766 1930 tomo
1778 1882 1859 1944 primo.

641 2077 898 2200 LIBER
945 2074 1332 2202 DECIMUS.

139 2267 276 2316 Scrutatur
290 2264 424 2327 deinceps,
439 2277 469 2312 ac
478 2261 564 2326 pratum
576 2265 748 2316 concertatur.
759 2274 812 2310 non
824 2259 910 2324 qualis
920 2262 998 2309 anua
1012 2265 1089 2319 esset,
1100 2260 1145 2310 sed
1157 2261 1243 2326 quatis
1252 2275 1335 2311 nrrnc.
1345 2262 1428 2313 Derim
1447 2277 1526 2327 quem
1536 2264 1628 2328 diligit
1639 2266 1734 2316 studet
1744 2265 1853 2323 iudicare

107 2330 223 2392 dumque
232 2342 277 2391 per
285 2326 390 2389 singula
408 2325 481 2374 ducit
491 2338 577 2373 rerum
593 2337 698 2396 genera,
713 2323 802 2372 mullis
813 2322 927 2385 explicat
950 2324 1084 2373 memoriae
1095 2323 1147 2371 rim
1158 2325 1236 2386 plane
1246 2327 1411 2388 stupendam,
1422 2330 1448 2375 et
1458 2327 1528 2390 quod
1537 2340 1589 2376 sua
1597 2329 1627 2377 in
1642 2328 1776 2378 memoria
1785 2329 1853 2377 locria

107 2392 176 2439 Deus
188 2390 283 2438 lrabeat
298 2387 453 2448 gratulatur.
466 2387 578 2448 inquirit
594 2399 621 2434 ιιι
636 2390 719 2445 actus,
739 2385 766 2432 in
785 2397 878 2433 sensus

905 2388 931 2433 et
941 2383 1051 2434 adactus
1060 2398 1163 2435 suoscx
1175 2386 1271 2458 triplici
1288 2389 1433 2438 tentatione
1444 2388 1598 2498 voluptatis,
1611 2391 1781 2440 curiositatis
1790 2404 1853 2439 reso

106 2451 213 2515 perbiae.
224 2450 365 2499 Dominum
377 2449 508 2497 Christum
518 2461 601 2496 ιιιιιιιιι
612 2446 781 2496 mediatorem
794 2446 839 2496 Dei
847 2419 1020 2495 etbominum
1028 2446 1178 2508 confltetur,
1194 2461 1302 2512 ejusque
1312 2463 1361 2513 ope
1371 2450 1452 2499 animi
1463 2451 1503 2500 sui
1523 2463 1769 2514 anguoresomues
1778 2465 1853 2501 sanan

106 2516 155 2563 ‹los
167 2527 223 2563 esse
237 2511 356 2561 conlidit.

846 2604 1115 2618 *ιιι-

389 2676 502 2731 CAPUT
521 2674 668 2731 eulllu'll.

306 2770 336 2823 la
350 2769 401 2822 Deo
415 2767 470 2821 solo
484 2780 544 2835 spes
563 2769 589 2819 ct
602 2763 746 2833 gaudium.

141 2865 165 2918 l.
182 2861 357 2931 cognoscum
380 2860 419 2922 te,
435 2854 565 2924 cognitor
583 2869 673 2919 meus,
691 2868 861 2924 cognoscam
877 2853 950 2908 sicut

102 2955 131 3006 et
144 2949 275 3022 cognitus
288 2962 350 3000 sum
368 2944 389 3014 (l
404 2945 462 3000 Cor.
477 2959 537 3013 ιιιι,
554 2943 608 3013 li).
632 2941 727 2997 Virtus
741 2941 846 2997 animm
865 2957 948 3009 meae,

102 3040 178 3094 intra
193 3038 310 3101 ineam,
327 3037 354 3088 et
368 3037 467 3103 coapta
480 3031 544 3098 tibi,
569 3034 601 3085 ut
625 3029 730 3084 habeas
754 3035 783 3086 et
802 3029 948 3100 possideas

101 3125 162 3180 sine
176 3123 289 3179 macula
303 3125 332 3175 et
343 3135 416 3190 ruga
430 3119 536 3189 (Eplces.
552 3118 644 3187 ver).
656 3118 722 3173 ilaec
735 3121 777 3172 est
791 3132 856 3188 spes
872 3133 945 3181 mea,

100 3212 166 3268 ideo
182 3211 301 3281 loquor3
318 3211 347 3263 et
367 3207 396 3261 in
422 3222 455 3261 ea
470 3221 519 3278 sps
534 3205 655 3277 gaudeo,
678 3205 793 3278 quaudo
820 3204 946 3261 ιιιιιιιιιιι

99 3299 220 3373 gaudeo.
237 3298 345 3353 Cretera
358 3311 426 3350 cero
440 3294 504 3349 vitae
520 3295 605 3365 liujus
626 3299 706 3350 tauto
727 3294 824 3350 miuus
839 3295 946 3367 flenda,

99 3393 207 3462 quanto
228 3387 320 3458 magis
342 3384 443 3451 fletur3
465 3388 586 3438 attento
603 3382 695 3454 magis
717 3383 821 3450 llenda,
840 3387 946 3454 quanto

98 3480 195 3536 minus
222 3477 307 3534 lletur
330 3476 360 3531 in
388 3474 440 3530 eis.
466 3474 533 3528 Ecce
548 3473 625 3527 enim
650 3473 799 3528 vamtatem
823 3472 946 3544 dilexisti

98 3570 180 3639 (Psol.
201 3584 224 3632 ι,
241 3568 281 3636 8),
297 3562 434 3636 quoniam
448 3561 498 3634 qui
512 3561 580 3616 iacit
598 3577 672 3628 cam,
688 3560 766 3616 venit
794 3561 828 3615 ad
852 3559 945 3615 lucem

97 3660 187 3727 (loca.
207 3673 246 3722 ιιι,
270 3654 326 3725 ul).
350 3653 419 3708 Volo
441 3667 504 3706 eam
519 3651 610 3705 facere
623 3650 654 3705 in
669 3648 754 3704 corde
769 3664 834 3704 meo
849 3665 945 3704 coram

96 3751 124 3800 le
139 3745 169 3799 iu
196 3742 386 3807 consessione;
403 3741 432 3794 in
448 3740 513 3795 stilo
533 3742 629 3794 autem
645 3755 709 3793 meo
728 3753 825 3794 coram
845 3738 945 3793 multis

96 3832 226 3888 testibus.

441 3916 553 3969 CAPUT
568 3915 602 3969 ll.

148 4021 213 4076 Cum
223 4020 274 4072 Deo
288 4019 353 4070 ncta
367 4015 422 4068 sint
436 4028 548 4077 arcuna,
564 4011 632 4082 quid
646 4017 684 4067 cst
700 4014 822 4081 conmori
835 4014 888 4069 illi.

131 4128 157 4184 3.
176 4127 209 4181 Et
223 4123 274 4178 tibi
299 4120 425 4194 quidem,
445 4118 573 4187 Domine,
598 4120 679 4191 cujus
706 4119 795 4175 oculis
809 4120 886 4175 nuda
901 4126 944 4176 est

93 4216 210 4287 abyssus
226 4214 360 4268 humanas
374 4208 566 4277 conscientia,
582 4207 650 4280 quid
666 4209 807 4264 occultum
822 4214 898 4264 esset
913 4210 942 4264 in

93 4323 149 4374 mc,
166 4303 278 4361 etiamsi
292 4301 398 4356 nollem
412 4297 544 4353 conliteri
556 4296 632 4352 tibi?
647 4298 685 4352 Te
698 4299 776 4353 enim
791 4299 862 4354 mihi
877 4299 942 4354 abs-

93 4394 258 4462 conderem,
281 4406 339 4445 non
359 4405 405 4444 mc
425 4387 488 4443 tibi.
511 4386 591 4440 Nunc
613 4390 710 4442 aulem
725 4386 803 4458 quod
818 4389 941 4459 gemitus

92 4500 173 4538 meus
187 4481 267 4537 testis
282 4482 324 4535 est
333 4477 481 4549 displicere
496 4490 542 4529 mc
557 4474 639 4541 mibi,
656 4480 687 4530 tu
703 4476 825 4547 refulges
835 4481 864 4532 et
878 4479 940 4550 pla·

91 4586 147 4637 ces,
164 4574 192 4625 et
206 4566 311 4622 amaris
324 4570 353 4621 et
364 4561 532 4619 desideraris
545 4577 552 4627 ;
571 4565 602 4615 ut
615 4560 778 4616 erubescam
794 4562 829 4617 de
840 4580 896 4631 mc,
912 4569 941 4620 ct

91 4656 224 4728 abjiciam
247 4671 293 4710 me
321 4659 406 4726 atque
431 4652 535 4722 eligam
561 4654 599 4718 te,
626 4654 720 4704 etnec
734 4649 786 4705 tibi
802 4667 854 4706 nec
868 4652 940 4708 mihi

91 4746 217 4820 placeam
233 4743 289 4798 nisi
309 4742 344 4797 dc
365 4746 402 4797 te.
424 4739 489 4797 Tibi
513 4755 591 4810 ergo,
620 4737 752 4805 Domine,
772 4739 939 4794 manifestus

91 4850 155 4890 sum
169 4830 401 4904 quicumquesim
411 4835 454 4897 ;et
469 4846 525 4900 quo
536 4828 629 4883 fructu
640 4826 692 4883 tibi
706 4825 852 4895 cousstear,
869 4828 938 4884 diri.
958 4892 961 4898 ,

89 4924 187 4994 Neque
207 4918 284 4975 enim
299 4918 326 4972 id
342 4933 395 4988 ago
409 4917 502 4972 verbis
517 4916 609 4972 carnis
625 4914 794 4982 atrocibus,
811 4914 859 4969 sed
873 4932 937 4970 rer-

87 5013 132 5070 bis
147 5009 251 5066 animoe
266 5011 294 5062 et
314 5004 437 5060 clamore
456 5004 645 5076 cogitationis,
662 5019 749 5076 quem
762 5002 843 5058 novit
861 5004 937 5058 auris

87 5103 148 5156 tua.
172 5097 243 5153 Cum
257 5094 333 5150 enim
357 5093 448 5148 malus
471 5108 544 5160 sum,
560 5093 632 5148 nillil
647 5097 691 5148 est
715 5091 792 5149 aliud
808 5095 937 5150 cantitari

86 5187 150 5252 tibi,
166 5201 253 5260 quam
275 5182 425 5254 displicere
444 5182 530 5249 milri;
551 5198 616 5236 cum
631 5197 699 5237 raro
714 5181 790 5253 pius,
806 5182 879 5237 nihil
894 5188 937 5238 est

84 5273 299 5332 aliudconfiteri
314 5270 378 5338 tibi,
389 5286 475 5342 quam
491 5271 545 5325 hoc
560 5266 850 5327 nontribueremibi:
866 5288 936 5344 quo·

1006 2677 1087 2749 prius
1101 2695 1168 2734 eum
1190 2680 1330 2752 justificas
1349 2681 1471 2754 impium
1486 2683 1577 2752 (Rom.
1602 2701 1643 2751 av,
1665 2688 1704 2753 51.
1724 2684 1852 2741 marma

1006 2767 1104 2839 itaque
1118 2783 1192 2835 msa,
1219 2771 1294 2826 Deus
1313 2786 1403 2838 meus,
1420 2772 1449 2826 in
1464 2777 1622 2844 conspectu
1637 2778 1693 2829 tuo
1707 2774 1764 2829 tibi
1782 2774 1852 2829 tacite

1005 2853 1047 2921 iit,
1061 2859 1091 2910 el
1104 2871 1161 2912 uon
1177 2857 1270 2914 tacite.
1286 2860 1370 2914 Tacet
1384 2859 1460 2914 enim
1476 2861 1611 2932 strepitu,
1628 2862 1739 2918 clamat
1753 2861 1851 2917 adacta.

1004 2942 1102 3014 Neque
1117 2944 1212 2999 cuim*
1228 2946 1291 3002 dico
1304 2947 1374 3001 recti
1389 2947 1497 3018 aliquid
1511 2948 1698 3013 hominibus,
1715 2950 1793 3023 qnod
1806 2965 1850 3004 nou

1004 3046 1020 3085 a
1036 3047 1082 3085 me
1095 3036 1125 3087 tu
1139 3034 1218 3105 prius
1232 3035 1358 3091 audieris
1370 3053 1377 3100 ;
1394 3042 1444 3091 aut
1458 3037 1545 3092 etiam
1561 3041 1593 3093 tu
1609 3037 1726 3112 aliquid
1741 3039 1796 3094 tale
1808 3055 1848 3094 au·

1003 3118 1045 3174 dis
1061 3137 1076 3175 a
1091 3137 1146 3185 me,
1160 3122 1238 3194 quod
1254 3139 1313 3179 non
1323 3124 1393 3179 mihi
1404 3129 1436 3179 lu
1451 3125 1531 3196 prius
1545 3125 1668 3184 dixeris.

1345 3213 1457 3269 caelu
1471 3214 1520 3268 lli.

1002 3294 1058 3361 Quo
1071 3298 1165 3364 fructu
1177 3300 1483 3373 corcttebaturdeluceps
1492 3305 1556 3372 quis
1566 3305 1679 3372 sitnon
1689 3309 1756 3376 quis
1765 3308 1847 3375 {terit

1039 3388 1063 3441 3.
1081 3387 1153 3452 Quid
1169 3387 1240 3444 milri
1263 3406 1332 3462 crgo
1354 3393 1396 3446 est
1409 3406 1476 3446 cum
1501 3390 1674 3450 homiuibus
1699 3400 1732 3450 ut
1747 3395 1850 3453 audiant

1001 3475 1191 3531 confessiones
1206 3493 1294 3548 meas,
1311 3479 1453 3552 quasiipsi
1467 3481 1670 3538 sanaturisint
1684 3501 1788 3540 omnes
1799 3485 1850 3539 lau·

1002 3577 1106 3633 guores
1119 3567 1218 3620 meos?
1234 3567 1384 3622 Curiosum
1399 3583 1490 3638 genus
1504 3569 1540 3625 ad
1562 3575 1800 3642 cognoscendam
1814 3572 1849 3626 ri·

1002 3655 1060 3706 tam
1079 3652 1213 3722 alienam,
1229 3655 1401 3711 desidiosum
1412 3656 1448 3712 ad
1461 3658 1775 3730 corrigendamsuam.
1785 3660 1847 3727 orit

1000 3755 1017 3794 a
1031 3756 1077 3795 me
1092 3748 1226 3813 quarunt
1237 3744 1335 3800 audire
1351 3746 1402 3817 qui
1416 3745 1481 3814 sim,
1498 3747 1548 3819 qui
1562 3749 1672 3806 uolrrnt
1687 3769 1706 3807 a
1720 3756 1750 3807 te
1763 3750 1848 3806 undu

1000 3829 1050 3901 qui
1065 3829 1143 3886 sint?
1159 3833 1191 3888 El
1208 3832 1283 3888 unda
1308 3833 1412 3896 sciunt,
1438 3851 1503 3891 cum
1518 3851 1536 3890 a
1550 3838 1667 3910 meipso
1699 3839 1738 3896 de
1751 3823 1846 3911 meipso

1000 3916 1131 3988 audiunt,
1146 3936 1298 3976 anserum
1313 3921 1405 3977 dicam
1421 3942 1429 3990 ;
1444 3923 1689 3997 quandoquidem
1705 3944 1792 3984 neura
1804 3927 1846 3982 scit

999 4004 1150 4062 hominum
1170 4008 1239 4080 quid
1256 4015 1356 4082 agatur
1369 4011 1399 4065 iu
1412 4010 1541 4076 homine,
1558 4013 1617 4068 nisi
1632 4015 1758 4088 spiritus
1771 4015 1845 4073 boui·

999 4095 1043 4149 nis
1057 4098 1106 4168 qui
1126 4098 1156 4152 in
1171 4097 1233 4169 ipso
1249 4103 1292 4155 est
1307 4099 1328 4172 (1
1344 4100 1404 4156 Cor.
1427 4117 1459 4172 ιι,
1476 4100 1588 4175 ll)?Si
1614 4109 1843 4163 automatum·

998 4183 1079 4238 diant
1092 4185 1127 4241 de
1144 4186 1255 4258 seipsis,
1270 4204 1329 4242 uon
1343 4192 1479 4260 poterunt
1488 4189 1594 4262 dicere,
1609 4192 1755 4250 Mentitur
1765 4193 1844 4250 licui·

998 4287 1065 4327 nus.
1085 4272 1158 4337 Quid
1172 4278 1213 4329 est
1227 4274 1304 4330 enim
1320 4293 1337 4331 a
1351 4281 1379 4332 le
1395 4276 1494 4333 audire
1508 4275 1543 4334 de
1558 4294 1599 4347 se,
1614 4279 1673 4336 nisi
1682 4295 1842 4355 cognoscere

997 4361 1048 4414 se?
1076 4360 1144 4425 Quis
1172 4378 1258 4434 porro
1293 4366 1450 4436 cognoscit,
1480 4370 1508 4421 et
1534 4366 1614 4435 dicit,
1650 4370 1769 4427 Falsum
1799 4374 1842 4438 est,

996 4448 1051 4503 nisi
1062 4448 1123 4521 ipse
1137 4452 1316 4508 mentiatur?
1330 4453 1386 4509 Sed
1408 4453 1478 4526 quia
1491 4453 1617 4511 charitas
1641 4461 1746 4515 omnia
1765 4456 1841 4515 credit

995 4537 1073 4608 libid.
1089 4555 1148 4608 ιιιιι,
1162 4539 1201 4610 7),
1216 4539 1291 4595 inter
1305 4557 1352 4596 eos
1365 4542 1466 4614 utique
1482 4559 1556 4616 quos
1570 4560 1723 4603 connexos
1738 4546 1840 4604 sibimet

994 4641 1084 4680 unum
1100 4627 1177 4694 facil,
1194 4644 1248 4701 ego
1262 4646 1389 4703 quoque,
1404 4630 1534 4695 Domine,
1550 4632 1641 4689 etiam
1656 4634 1699 4691 sic
1714 4635 1767 4692 tibi
1778 4651 1837 4691 coa·

994 4715 1087 4782 litcor,
1101 4719 1134 4770 ul
1153 4716 1272 4773 audiant
1285 4717 1428 4789 homines,
1444 4721 1547 4792 quibus
1572 4721 1775 4781 demonstrare
1788 4737 1836 4780 nou

992 4820 1108 4875 possum
1124 4821 1161 4860 au
1174 4821 1241 4860 vera
1255 4807 1408 4876 condicam
1425 4808 1474 4864 sed
1488 4808 1606 4867 credant
1621 4813 1698 4870 mihi
1722 4827 1833 4889 quantu

992 4892 1065 4948 mibi
1077 4909 1160 4948 aures
1175 4895 1297 4951 charitas
1312 4898 1415 4969 aperit.

1027 4983 1054 5038 4.
1070 4983 1273 5039 Verumtamen
1288 4989 1329 5049 tu,
1346 4986 1456 5043 medice
1477 5003 1561 5044 meus
1577 4988 1695 5061 intime,
1710 5008 1767 5063 quc
1783 4992 1832 5047 iro·

991 5072 1053 5125 ctus
1067 5069 1429 5145 istafaciom,etiquamihi.
1439 5075 1719 5134 Namcoatessioues
1729 5082 1830 5151 preter

990 5157 1098 5215 iterum
1113 5161 1254 5217 malorum
1265 5177 1407 5235 meorum,
1420 5179 1486 5236 ques
1500 5165 1639 5223 remisisti
1652 5172 1682 5224 et
1696 5166 1787 5224 texisti
1805 5165 1830 5216 ul

988 5246 1089 5303 beares
1114 5265 1160 5304 me
1186 5249 1216 5304 in
1241 5255 1269 5306 ta
1287 5252 1373 5323 (Paul.
1403 5268 1477 5322 xxm,
1505 5254 1543 5326 t),
1572 5260 1692 5312 mutans
1719 5256 1828 5312 uuluam

85 5363 163 5420 niam
177 5369 221 5435 lu,
237 5360 368 5428 Domine,
384 5357 527 5413 benedicis
538 5358 649 5429 iustum
665 5360 746 5432 (Ptol.
766 5377 792 5424 v,
817 5361 868 5428 13),
884 5361 934 5416 sed
986 5353 1082 5392 mem
1096 5336 1152 5393 fld⁰
1165 5342 1193 5393 ‘³‘
1207 5339 1389 5397 &emmim
1411 5346 1473 5410 ²¹¹⁰·
1496 5358 1564 5399 ‘ium
1587 5344 1727 5417 ¹⁰8⁰¹¹st¹¹f
1744 5348 1772 5399 θῑ
1784 5356 1826 5397 ³¹¹·

117 5490 125 5523 ¹
142 5493 216 5550 suae,
226 5487 303 5553 juxta
317 5487 417 5539 Somm.
433 5488 459 5535 et
473 5497 519 5535 sex
536 5483 597 5533 lllse.
613 5483 682 5547 apud
697 5485 775 5536 Mart.
795 5486 829 5535 Μ.

1021 5428 1028 5459 ¹
1045 5426 1073 5474 In
1082 5426 1109 5482 u,
1121 5427 1251 5478 omittitur
1260 5431 1346 5491 enlm3
1356 5443 1436 5494 quum
1446 5430 1568 5481 voculam
1578 5440 1689 5486 serrant
1696 5435 1741 5486 Er.
1755 5428 1817 5493 bugd

987 5487 1053 5538 Ven.
1069 5489 1129 5538 [οι.
1145 5489 1212 5538 Drrb.
1225 5488 1261 5539 llt.
