3884 6112
60 215 123 268 132¹
801 216 908 310 blBER
928 217 1071 279 PRIMUS.
1123 239 1125 244 ’
1645 246 1648 250 ’
1742 237 1811 292 lena

57 337 196 410 Christum
219 339 268 393 llei
294 339 426 394 Virtutem
449 343 475 394 et
497 341 546 395 Dei
567 340 736 411 Sapientiam
763 341 866 412 ilCor.
890 359 908 408 ι,
966 346 1008 396 ιιι
1022 343 1100 398 solus
1118 344 1203 414 lleus,
1224 344 1269 400 cui
1292 345 1401 402 haerere
1417 352 1492 404 certe
1516 365 1575 405 non
1598 352 1737 423 idemus,
1755 358 1815 413 nisi

56 428 103 494 23,
117 426 171 497 tt).
192 426 284 492 Quid?
301 427 362 499 ipsc
383 427 511 483 Christus
533 444 629 484 nonne
648 429 754 502 inquit,
776 431 833 497 ligo
851 445 910 488 sum
966 429 1127 500 dilectione,
1142 449 1250 502 amore,
1266 434 1412 491 charitate.

61 515 228 573 VeritasVSi
239 531 307 587 crgo
319 515 475 587 quaerimus
491 516 560 587 qaid
573 517 610 571 sit
620 517 694 572 bene
708 517 813 587 vivere,
829 517 911 573 idest
1005 519 1116 578 CAPUT
1129 523 1181 578 xv.
1197 554 1230 563 -
1245 524 1367 589 Quotam
1378 527 1492 582 uirtutes
1502 526 1600 599 definit
1611 531 1769 588 christiane.

58 605 94 660 ad
113 604 320 659 beatitudinem
339 605 412 660 bene
432 604 551 661 vivendo
575 605 701 675 tendere,
719 606 748 662 id
769 607 823 661 erit
843 623 910 678 pro·
999 611 1044 664 25.
1071 611 1198 674 Quodsi
1225 611 1314 668 virtus
1340 612 1375 667 ad
1403 613 1515 669 beatam
1540 617 1628 672 vitam
1649 636 1702 675 nos
1722 622 1810 686 ducii,

59 691 133 747 fecto
148 708 245 747 amare
266 692 416 760 Virtutem,
432 709 529 747 amare
543 692 729 764 Sapientiam,
746 709 842 749 amare
855 695 909 748 Ve-
964 695 1036 751 nihil
1049 699 1593 772 omninoessevirtutemafdrmaverim‚
1603 706 1812 764 nisisummum

59 780 184 847 ritatem,
201 785 229 836 et
248 797 344 836 amare
360 799 394 837 ex
407 785 469 836 toto
485 782 579 849 corde,
597 785 671 836 etex
686 785 747 837 tota
761 783 866 848 aalma,
882 786 911 868 ιι
966 799 1092 840 amorem
1105 787 1166 843 Dei.
1179 789 1306 859 Namque
1317 788 1385 844 illud
1396 788 1478 860 {quod
1493 791 1814 864 quadripartitadicitur

60 886 94 924 ex
107 873 167 924 tota
182 875 294 938 menle;
320 869 458 925 Virtutem
482 886 546 942 quae
569 869 740 925 inviolabilis
764 876 792 926 ιι
805 870 910 925 invicta
964 872 1063 940 virtus,
1079 890 1112 929 ex
1131 875 1220 946 ipsius
1235 878 1339 932 amoris
1352 878 1431 933 vario
1451 879 1578 949 quodam
1593 883 1706 952 affectu,
1722 903 1813 957 quan·

60 962 112 1027 esi,
128 957 303 1029 Sapientiam
325 958 371 1013 cui
385 958 507 1014 stultitia
521 975 580 1014 non
598 959 734 1030 succedit,
757 959 911 1015 Veritatem
964 965 1027 1016 turn
1048 961 1190 1035 intelligo,
1210 965 1323 1021 dicitur.
1340 968 1439 1037 ltaque
1455 967 1517 1022 illas
1536 974 1659 1041 quatuor
1683 973 1813 1043 virtutes,

60 1060 126 1118 quae
142 1047 366 1119 conveniatque
382 1047 464 1103 aliter
482 1063 569 1119 quam
588 1064 701 1119 semper
718 1053 838 1104 estesse
858 1048 909 1103 he·
965 1065 1088 1120 quarum
1104 1052 1213 1107 abnam
1236 1053 1276 1108 ita
1295 1054 1332 1108 sit
1349 1054 1379 1109 in
1395 1055 1538 1111 mentibus
1549 1057 1591 1112 vis
1606 1056 1628 1126 ¹,
1649 1063 1681 1114 ιιι
1695 1061 1814 1117 nomina

59 1133 128 1189 bere
140 1150 200 1189 non
215 1134 302 1189 novit.
318 1136 372 1189 Per
385 1135 458 1190 hanc
473 1135 534 1206 ipse
549 1135 675 1189 cernitur
688 1137 785 1204 Pater;
802 1135 911 1191 dictum
964 1136 995 1192 in
1010 1155 1058 1194 ore
1073 1141 1293 1212 santumnium,
1308 1143 1348 1197 sic
1363 1143 1449 1198 etiam
1463 1144 1582 1200 definire
1598 1163 1657 1202 non
1672 1147 1811 1218 dubitem,

61 1227 104 1277 esi
126 1224 223 1279 enim:
245 1226 326 1281 Nemo
345 1225 468 1279 cenitari
490 1226 605 1292 i'atrem,
624 1226 680 1279 nisi
700 1241 748 1295 per
763 1240 803 1279 me
822 1226 909 1295 (toan.
964 1231 997 1280 ιιι
1012 1229 1200 1299 temperantia
1211 1229 1247 1284 sit
1261 1246 1342 1284 amor
1354 1230 1499 1303 integrum
1513 1250 1542 1288 se
1554 1235 1684 1305 praebens
1696 1237 1723 1291 ei
1734 1238 1812 1309 quod

61 1327 118 1381 xlv,
138 1312 174 1383 6).
197 1311 267 1366 Huic
286 1312 428 1367 haeremus
447 1329 499 1383 per
518 1312 780 1367 sanctificationem.
800 1312 909 1368 Sancti·
965 1319 1095 1381 amatur;
1109 1315 1255 1382 fortitudo,
1270 1332 1350 1371 amor
1360 1317 1441 1371 facile
1453 1319 1577 1374 tolerans
1587 1322 1684 1377 omnia
1697 1329 1814 1395 propter

61 1399 138 1455 ficati
153 1400 230 1455 enim
245 1402 330 1472 plena
345 1406 374 1456 ei
388 1401 500 1473 integra
513 1401 651 1457 charitate
668 1401 833 1474 flagramus,
854 1417 911 1472 qua
965 1403 1043 1473 quod
1066 1408 1198 1470 amatur;
1216 1403 1337 1473 justitia,
1353 1421 1435 1459 amor
1454 1407 1506 1461 soli
1525 1415 1619 1463 amato
1635 1412 1769 1479 serviens,
1786 1417 1815 1468 et

60 1488 122 1545 sola
141 1488 263 1543 efficitur
280 1493 312 1543 ut
330 1506 346 1543 a
364 1490 422 1544 ileo
442 1505 501 1545 non
519 1495 691 1555 avertamur,
711 1489 794 1562 eique
816 1489 911 1561 potius
965 1493 1205 1561 propterearocte
1216 1491 1369 1546 dominans
1380 1510 1387 1560 3
1398 1494 1564 1565 prudentia,
1575 1498 1815 1569 amoreaquibus

60 1593 148 1649 quam
161 1576 228 1631 huic
243 1577 351 1632 mundo
367 1578 597 1634 conformemur:
614 1579 908 1642 Praedestinauitenim,
965 1578 1116 1649 adjuvatur
1129 1579 1165 1633 ab
1183 1579 1224 1633 eis
1239 1579 1345 1650 quibus
1358 1580 1524 1652 impeditur,
1539 1583 1679 1653 sagaciter
1693 1583 1816 1655 seligens

61 1668 95 1719 ut
122 1665 161 1719 ait
183 1665 259 1720 idem
279 1666 441 1737 Apostolus,
464 1669 611 1734 conformes
632 1681 680 1721 aas
702 1668 762 1735 fieri
782 1667 910 1733 imaginis
965 1665 1019 1720 Sed
1041 1666 1117 1721 hunc
1140 1683 1268 1722 amorem
1283 1684 1343 1722 non
1358 1669 1518 1739 cujuslibet,
1534 1671 1584 1726 sed
1600 1672 1652 1726 Dei
1667 1688 1726 1727 esse
1741 1671 1815 1727 dixi·

59 1756 127 1810 Filii
139 1755 197 1824 ejus
212 1754 298 1823 (Rom.
314 1771 373 1824 vm,
387 1755 443 1827 ιι).
965 1768 1043 1821 mars,
1057 1751 1086 1807 id
1101 1757 1143 1809 est
1158 1755 1262 1810 summi
1276 1756 1355 1823 boni,
1371 1773 1491 1813 summa
1504 1758 1815 1831 sapientiae,summae-

97 1846 141 1898 23.
161 1843 205 1898 Fit
218 1859 285 1914 ergo
309 1858 361 1913 per
381 1841 548 1897 charitatem
564 1846 596 1897 ut
609 1840 821 1896 conformemur
840 1842 909 1907 Deo,
966 1856 1022 1912 que
1037 1842 1207 1903 concordia.
1221 1844 1314 1908 Quare
1327 1843 1445 1900 delinire
1459 1845 1545 1899 ctiam
1560 1846 1600 1901 sic
1612 1847 1686 1912 licet,
1701 1851 1733 1902 nt
1744 1851 1816 1902 tem·

60 1935 89 1986 et
104 1947 138 1987 ex
158 1948 191 1986 co
210 1930 380 1985 conformati
400 1936 485 2002 atque
503 1929 683 2001 configurati,
705 1932 734 1983 et
752 1927 912 1984 circumcisi
965 1929 1126 1999 perantiam
1141 1930 1268 1985 dicamus
1283 1947 1344 1986 esse
1363 1947 1490 1987 amorem
1512 1935 1570 1988 Deo
1583 1934 1652 2004 {sese
1669 1934 1815 2006 integrum

61 2019 97 2076 ab
114 2021 167 2074 hoc
183 2021 301 2087 mundo,
318 2035 376 2074 non
392 2019 601 2074 confundamur
620 2033 687 2072 cum
699 2017 734 2072 iis
749 2034 814 2090 qnae
827 2015 910 2071 nobis
965 2016 1223 2090 incorruptumque
1243 2024 1423 2088 servantem;
1450 2021 1659 2090 fortitudinem,
1687 2039 1815 2079 amorem

60 2109 167 2164 debent
182 2124 242 2163 esse
253 2108 388 2178 subjecta.
403 2107 447 2162 Fit
457 2111 553 2162 autem
567 2106 622 2161 hoc
634 2123 686 2178 per
700 2107 837 2179 Spiritum
850 2121 912 2160 san·
965 2105 1062 2160 omnia
1081 2112 1199 2179 propter
1228 2110 1317 2164 Deum
1339 2108 1421 2164 facile
1438 2109 1629 2181 perferentem
1642 2129 1649 2179 ;
1662 2111 1816 2184 iustitiam,

60 2202 150 2253 ctum.
167 2198 232 2268 Spes
247 2199 328 2266 atim,
342 2196 447 2287 inquit,
462 2212 515 2250 nan
528 2195 685 2262 confandit5
703 2197 830 2264 quoniam
843 2195 910 2249 ιιι·
967 2208 1093 2248 amorem
1109 2196 1167 2250 ileo
1176 2199 1288 2251 tantum
1298 2197 1478 2265 servientem,
1491 2202 1519 2254 ιι
1529 2198 1564 2254 ob
1576 2198 1630 2253 hoc
1642 2199 1715 2255 bene
1726 2200 1813 2272 impe-

59 2289 131 2342 ritas
154 2288 203 2341 Dei
220 2286 323 2355 diffusa
340 2289 379 2340 est
401 2287 430 2338 in
446 2284 569 2339 cordibus
593 2286 693 2339 nostris
709 2283 911 2353 perspiritum
966 2286 1078 2337 rantem
1089 2284 1608 2359 caeterisquahominisubjectasunt3
1618 2288 1814 2359 prudentiam,

60 2381 183 2432 sanctum
206 2377 254 2446 qui
278 2374 358 2429 datus
378 2378 417 2428 est
439 2374 516 2428 nobis
538 2374 591 2443 (ld.
612 2391 640 2440 v,
661 2373 697 2444 5).
717 2372 800 2427 Nullo
825 2372 910 2427 modo
967 2386 1093 2425 amorem
1112 2371 1184 2425 bene
1208 2372 1417 2429 discernentem
1442 2390 1476 2429 ea
1498 2374 1602 2445 quibus
1617 2377 1767 2448 adjuvetur
1785 2377 1815 2431 in

61 2467 158 2519 antem
173 2460 361 2533 redintegrari
382 2477 530 2531 possemus
550 2476 602 2532 ριι
616 2459 754 2531 Spiritum
770 2462 909 2526 sanctum,
967 2461 1068 2526 Deum,
1084 2459 1120 2514 ab
1134 2458 1169 2513 iis
1184 2459 1288 2531 quibus
1302 2461 1435 2532 impediri
1448 2466 1552 2533 potest.

61 2550 118 2606 nisi
132 2555 161 2605 et
174 2550 234 2623 ipse
249 2565 363 2621 semper
376 2554 404 2604 et
417 2549 529 2620 integer
544 2552 572 2602 et
586 2545 827 2601 incommutabilis
843 2563 911 2617 per·
936 2610 939 2612 ,
966 2547 1079 2603 CAPUT
1094 2548 1161 2603 llVl.
1178 2578 1213 2587 —
1234 2548 1399 2604 Testamenti
1422 2550 1526 2605 Veteris
1541 2556 1567 2606 et
1580 2553 1649 2608 Noai
1663 2557 1813 2610 concentus.

59 2643 199 2696 maneret.
215 2637 294 2703 Quod
314 2637 438 2709 profecto
457 2653 516 2691 non
530 2639 635 2708 posset,
653 2634 708 2689 nisi
728 2634 779 2689 Dei
798 2637 910 2688 naturae
1002 2638 1045 2690 ιι.
1064 2635 1112 2689 Ηιι
1130 2636 1165 2691 de
1185 2635 1306 2707 singulis
1322 2636 1474 2701 virtutibus
1493 2639 1611 2709 quinam
1626 2639 1739 2695 vivendi
1753 2657 1815 2696 mo·

60 2733 136 2784 esset
149 2744 181 2783 ac
195 2727 284 2799 ipsius
303 2726 481 2792 substantive,
501 2725 546 2780 cui
565 2724 618 2779 soli
638 2721 911 2778 incommutabilitas
967 2723 1020 2778 dus
1038 2722 1168 2789 ducatur,
1183 2723 1281 2795 paucis
1307 2723 1467 2795 explicabo,
1492 2725 1516 2779 si
1540 2725 1621 2795 prius
1644 2728 1815 2783 testimoniis

60 2821 146 2889 atque
164 2819 195 2869 ut
208 2816 248 2868 ιιι
262 2814 365 2882 dicam,
385 2812 584 2868 invertibilitas
604 2828 717 2883 semper
737 2815 780 2866 ιιι
795 2813 815 2867 ¹.
829 2811 911 2867 Crea—
967 2811 1036 2867 Novi
1047 2811 1228 2876 testamenti,
1242 2811 1346 2884 quibus
1357 2817 1423 2866 utor
1432 2813 1493 2883 jam
1506 2811 1567 2883 diu,
1581 2814 1615 2869 de
1625 2814 1718 2870 Veteri
1728 2815 1814 2870 etiam

60 2911 124 2961 tura
143 2906 213 2959 otim
237 2919 329 2975 neque
348 2904 403 2958 hoc
421 2918 485 2973 ego,
506 2901 555 2956 sed
576 2900 652 2956 idem
671 2900 775 2955 Paulus
794 2899 907 2965 clamat,
966 2897 1057 2969 paria,
1079 2902 1112 2952 ui
1125 2898 1269 2970 pollicitus
1281 2915 1356 2966 sum,
1372 2915 1572 2970 comparavero
1586 2900 1637 2972 (a).
1651 2903 1723 2956 Num
1737 2902 1815 2956 enim

58 2996 179 3049 vanitati
192 2992 314 3061 sabjecta
332 2997 371 3047 esi
388 2990 441 3062 (ld.
459 3006 519 3060 vm,
532 2989 588 3060 20).
606 2991 704 3061 Neque
719 3005 772 3043 nos
785 2992 881 3059 potest
894 3004 912 3043 a
966 2987 1072 3042 Paulus
1082 2989 1194 3041 tantum
1204 2986 1281 3052 dicit,
1293 2988 1350 3041 ileo
1361 3003 1414 3042 nos
1425 3004 1485 3042 esse
1497 2988 1601 3043 debere
1614 2989 1780 3060 subjunctos
1793 2993 1815 3059 ²,

60 3083 183 3138 vanitate
199 3097 342 3153 separare,
362 3078 533 3152 veritatique
553 3082 731 3148 connectere,
754 3077 828 3150 quod
845 3077 910 3132 snb·
966 3077 1007 3132 ita
1021 3077 1096 3131 utin
1108 3076 1204 3132 medio
1218 3077 1294 3148 quod
1308 3082 1421 3149 separet
1434 3077 1505 3133 nihil
1519 3078 1577 3135 sit?
1592 3079 1693 3133 Nonne
1707 3084 1735 3134 et
1747 3096 1814 3151 pro·

58 3171 167 3244 jectum
188 3174 230 3225 est
251 3168 377 3223 vanitati.
401 3170 437 3222 Et
460 3167 514 3222 hoc
536 3167 620 3222 nobis
648 3167 768 3239 Spiritus
798 3170 911 3221 sanctus
966 3165 1053 3237 pheta
1080 3164 1311 3220 commodissime
1339 3166 1394 3221 hoc
1418 3169 1447 3221 et
1474 3165 1639 3222 brevissime
1663 3167 1814 3238 significat,

60 3263 178 3332 praestat
188 3275 194 3313 :
206 3261 335 3312 creatura
346 3256 435 3328 igitur
446 3273 502 3311 uon
516 3263 567 3311 est.
581 3254 653 3320 Quia
668 3271 752 3311 omne
765 3255 842 3326 quod
858 3258 910 3321 est,
967 3270 1033 3309 cum
1048 3253 1135 3309 dicit:
1161 3255 1231 3309 Mili
1246 3258 1335 3309 antem
1356 3255 1493 3311 adimere
1514 3258 1569 3311 ileo
1590 3256 1687 3311 bonum
1698 3240 1718 3311 ι’
1727 3257 1814 3328 (Ριιι.

61 3353 112 3405 ιιι
127 3351 213 3417 Deus,
229 3350 278 3401 aut
292 3349 423 3400 creatura
435 3349 487 3400 est.
523 3410 525 3417 .
967 3359 1050 3411 ιιιιι,
1066 3341 1121 3411 28.)
1138 3342 1239 3398 Nonne
1257 3341 1389 3414 quodibi
1406 3342 1543 3399 latissime
1564 3345 1599 3399 de
1621 3343 1757 3399 charitate
1772 3342 1815 3399 di·

97 3438 209 3494 CAPUT
227 3435 294 3490 lilV.
316 3464 348 3476 —
371 3435 502 3488 l'rinitati
523 3447 626 3488 samma
650 3432 715 3487 bono
734 3430 876 3487 dilectione
967 3435 1044 3485 ctum
1056 3434 1106 3492 est,
1120 3430 1328 3485 hicnnoverbo
1339 3430 1503 3486 continetur
1514 3433 1591 3504 qnod
1602 3432 1653 3493 ait,
1664 3431 1817 3486 interere?

417 3520 556 3575 iteremus.
967 3518 1037 3573 item
1049 3517 1127 3590 quod
1140 3517 1255 3581 addidit,
1273 3518 1370 3573 bonum
1383 3522 1433 3587 est,
1448 3534 1544 3573 nonne
1559 3521 1595 3574 ad
1604 3519 1673 3574 illud
1689 3519 1815 3591 respicit,

97 3611 141 3666 al.
159 3611 249 3665 Deum
263 3610 348 3680 ergo'
358 3606 478 3677 diligere
491 3605 628 3661 debemus
639 3603 743 3658 trinam
757 3601 910 3675 quamdam

62 3698 212 3765 unitatem,
224 3699 337 3754 Patrem
349 3700 377 3749 et
388 3693 490 3749 Filium
497 3697 525 3747 ιι
532 3693 669 3764 Spiritum
679 3695 820 3758 sanctum,
832 3690 910 3762 quod

61 3788 135 3844 nihil
161 3788 237 3843 aliud
259 3787 352 3841 dicam
372 3800 444 3850 esse,
460 3782 516 3838 nisi
534 3781 659 3854 idipsum
683 3798 752 3837 esse.
770 3783 818 3838 Est
832 3780 910 3836 enim

61 3893 127 3933 vere
143 3891 311 3946 summeque
326 3874 410 3940 Deus,
428 3888 462 3927 ec
477 3873 639 3942 quaomnia,
652 3886 704 3940 per
718 3885 796 3940 quem
809 3871 910 3935 omnia,

62 3968 96 4022 in
111 3981 162 4034 quo
177 3965 267 4019 omnia
278 3982 286 4017 :
298 3963 359 4017 haec
369 3960 455 4016 verba
462 3959 543 4016 Pauli
557 3963 634 4014 sunt.
651 3958 724 4024 Quid
735 3958 838 4014 deinde
849 3957 914 4013 sub

60 4053 143 4125 jieit‘i
156 4054 215 4123 lpsi
228 4052 317 4119 gloria
335 4052 418 4122 (Nom.
435 4065 472 4117 ιι,
490 4048 546 4119 36).
569 4046 764 4102 Sincerissima
783 4046 910 4102 omnino.

64 4143 162 4214 Neque
180 4139 257 4195 enim
273 4139 323 4207 ait,
338 4137 427 4210 ipsis:
443 4151 509 4191 nam
529 4151 605 4190 unus
620 4139 663 4190 est
679 4135 766 4190 Deus.
784 4134 859 4199 Quid
872 4136 915 4188 est

63 4234 172 4297 autem,
188 4231 245 4300 ipsi
253 4231 352 4297 gloria,
370 4267 377 4294 ,
393 4224 448 4280 nisi
458 4222 513 4296 ipsi
528 4223 637 4293 optima
651 4226 680 4278 ιι
693 4237 806 4276 summa
817 4226 844 4277 ei
858 4223 914 4276 late

54 4323 165 4391 pateus
180 4318 273 4374 fama‘i
288 4320 400 4384 Quanto
411 4314 488 4369 enim
501 4311 603 4367 melius
613 4315 699 4383 atque
714 4309 846 4365 diffusius
862 4307 914 4365 dit·

63 4407 197 4474 famatur,
225 4410 305 4462 tanto
328 4403 459 4476 diligitur
474 4407 502 4457 et
517 4404 629 4458 amatur
653 4398 809 4455 ardentius.
833 4397 914 4462 Quod

64 4514 130 4552 cum
144 4496 188 4566 iit,
201 4496 275 4552 nihil
288 4495 365 4551 aliud
379 4494 417 4549 ab
430 4494 557 4549 humano
572 4505 678 4563 genere
693 4503 781 4561 quam
796 4490 873 4542 certo
887 4490 916 4542 et

25 4621 41 4642 0
64 4585 207 4642 constanti
231 4585 319 4657 pado
344 4583 376 4639 in
396 4581 535 4655 optimam
560 4579 698 4634 vitamet
720 4575 916 4633 beatissimam

64 4673 205 4747 pergitur.
221 4674 285 4729 Non
296 4672 418 4727 arbitror
428 4685 493 4724 cum
503 4669 539 4724 de
551 4667 680 4723 moribus
693 4665 788 4722 civita
798 4664 831 4720 iit
841 4680 917 4736 qna-

64 4763 130 4832 stio,
154 4762 279 4834 amplius
303 4776 363 4816 esse
390 4757 606 4830 requirendum,
628 4753 706 4828 quod
728 4753 765 4809 sit
791 4751 917 4808 hominis

65 4867 212 4907 summum
227 4850 347 4915 bonum,
363 4863 420 4918 quo
432 4845 581 4901 referenda
591 4849 658 4898 sunt
668 4842 776 4898 omnia.
792 4842 824 4897 ld
840 4840 917 4897 enim

66 4954 128 4995 esse
142 4937 245 5008 patuit,
261 4940 290 4991 ei
310 4935 423 4990 ratione
438 4937 579 5006 quantum
593 4931 746 4998 valuimus,
761 4933 790 4986 ιι
804 4945 918 5001 eaquae

65 5027 173 5080 nostrae
187 5022 291 5078 rationi
303 5022 447 5077 antecellit
456 5020 624 5076 auctoritate
641 5018 747 5087 divina,
756 5016 830 5072 nihil
839 5016 918 5072 aliud

67 5128 155 5186 quam
170 5111 265 5182 ipsum
279 5111 379 5165 Deum.
393 5111 464 5164 Nam
479 5108 548 5180 quid
560 5108 614 5162 ιιιι
627 5105 706 5161 aliud
716 5104 858 5177 optimum
867 5103 919 5159 ho·

66 5201 166 5271 minis,
188 5198 243 5254 nisi
261 5198 309 5253 cui
326 5197 468 5252 inherere
487 5200 530 5251 est
545 5193 762 5250 beatissimum?
776 5193 808 5249 ld
823 5199 919 5248 autem

101 5293 108 5325 ¹
119 5289 240 5350 Quinque
252 5288 325 5345 lise..
335 5283 573 5336 inconvertibilitas
582 5285 737 5347 rampant.
747 5280 866 5342 hliiduo,
876 5281 919 5332 in-

67 5350 290 5404 conversibiliter.
361 5359 363 5362 ’

102 5415 184 5463 thav.
200 5417 226 5463 cl
245 5412 317 5470 dra,
332 5408 399 5461 dnm
414 5421 480 5471 erpo.
494 5407 675 5464 Restituimns,
698 5409 783 5456 Deam
798 5417 871 5466 erpo,
888 5418 919 5453 ex

69 5478 131 5526 diss.
145 5480 172 5525 et
186 5475 245 5525 aliis
259 5472 430 5525 editionibus.

248 5575 386 5641 Parnon.
412 5568 537 5636 xxxii.

967 3606 1046 3677 quod
1060 3605 1100 3660 ibi
1111 3605 1239 3676 positum
1253 3610 1305 3670 est,
1324 3606 1504 3674 Diligeniibns
1520 3610 1605 3662 Deum
1619 3611 1709 3662 amaia
1725 3622 1815 3678 proac-

968 3694 1037 3750 dnnt
1051 3696 1081 3749 in
1096 3694 1193 3752 tonum
1206 3696 1293 3765 (Nom.
1311 3711 1369 3762 vm,
1385 3698 1430 3764 35,
1444 3693 1514 3766 tssl‘l
1528 3695 1567 3750 ita
1581 3700 1614 3750 ut
1627 3711 1685 3750 una
1700 3699 1816 3749 senten-

967 3782 1036 3838 tiola
1058 3782 1227 3853 duobusque
1241 3782 1334 3837 verbis
1359 3782 1499 3855 propheta
1514 3787 1543 3838 et
1564 3783 1622 3838 vim
1643 3788 1672 3838 et
1691 3783 1814 3838 fructum

968 3869 1114 3927 charitatis
1128 3871 1268 3925 ostendat.

1003 3963 1048 4016 27.
1065 3960 1195 4030 Cumque
1213 3957 1251 4013 ihi
1267 3957 1373 4014 dictum
1395 3958 1441 4026 sit,
1458 3961 1508 4015 bel
1524 3960 1639 4028 Filium,
1655 3959 1707 4015 llei
1721 3958 1816 4016 Virtu-

968 4052 1027 4104 tem
1049 4064 1109 4103 esse
1134 4052 1220 4119 atque
1247 4046 1422 4118 Sapientiam
1444 4047 1467 4116 (l
1486 4049 1547 4105 Cor.
1570 4066 1589 4116 1,
1609 4048 1674 4117 tl);
1695 4063 1818 4119 cumque

968 4135 1058 4190 virtus
1072 4135 1109 4190 ad
1123 4133 1332 4206 operationem,
1349 4134 1488 4206 sapientia
1500 4150 1568 4189 vcro
1583 4136 1617 4189 ad
1637 4134 1818 4205 disciplinam

969 4222 1113 4294 pertinere
1136 4221 1316 4292 intelligatur
1334 4221 1423 4292 (unde
1447 4221 1476 4274 in
1501 4220 1652 4291 Evangelio
1676 4221 1733 4275 duo
1757 4220 1820 4290 ipsa

970 4309 1130 4382 signantur,
1153 4324 1218 4363 cum
1235 4308 1350 4374 dicitur,
1368 4309 1464 4364 Omnia
1476 4323 1528 4378 per
1541 4311 1632 4378 ipsum
1644 4308 1721 4374 sacta
1734 4311 1815 4370 sunt:

970 4413 1037 4452 nam
1052 4397 1106 4451 hoc
1120 4395 1295 4468 operationis
1312 4400 1397 4468 atque
1413 4395 1526 4450 virtutis
1540 4400 1601 4450 est:
1619 4394 1722 4449 deinde
1742 4395 1820 4465 quod

970 4485 1007 4541 ad
1024 4483 1204 4555 disciplinam
1219 4483 1336 4555 verique
1356 4481 1549 4555 cognitionem
1569 4481 1683 4549 attinet,
1696 4484 1732 4537 Et
1750 4485 1819 4550 uita,
1872 4476 1874 4481 ’

971 4572 1076 4644 inquii,
1092 4578 1151 4629 erat
1179 4574 1228 4628 tua
1253 4574 1389 4633 bominum
1413 4569 1509 4642 [Joan.
1524 4586 1544 4637 1,
1565 4572 1591 4637 3,
1615 4567 1665 4641 i]:
1689 4568 1821 4641 potuitne

972 4661 1130 4733 quidquam
1139 4661 1231 4734 magis
1241 4661 1393 4717 concinere
1404 4657 1449 4714 his
1455 4656 1630 4713 testimoniis
1640 4657 1712 4712 Novi
1722 4659 1820 4713 festa·

971 4750 1072 4819 menti,
1089 4766 1174 4823 qnam
1190 4750 1261 4805 illud
1280 4748 1359 4821 qnod
1381 4747 1413 4801 in
1433 4746 1534 4801 Vetere
1554 4734 1661 4801 dictum
1675 4750 1718 4801 est
1730 4746 1766 4801 de
1780 4762 1823 4801 sa-

972 4838 1080 4910 pientia
1093 4841 1218 4906 Attinpit
1232 4841 1321 4892 antem
1336 4852 1353 4890 a
1367 4838 1420 4904 fiae
1431 4836 1556 4904 usquein
1568 4839 1647 4905 pnem
1660 4836 1781 4903 fortiter,
1797 4838 1824 4889 et

973 4928 1094 5000 disponit
1116 4930 1207 4981 omnia
1230 4923 1372 4981 suaviter?
1394 4924 1525 4995 Namque
1549 4923 1689 4994 attingere
1711 4921 1824 4977 fortiter

973 5015 1066 5087 magis
1080 5015 1217 5070 virtutem
1234 5012 1394 5084 significat:
1410 5012 1563 5084 disponere
1577 5016 1673 5068 autem
1688 5010 1821 5072 suaviter,

975 5103 1058 5176 quasi
1071 5107 1162 5158 artam
1177 5102 1268 5174 ipsam
1280 5104 1367 5173 atque
1378 5100 1529 5157 rationem.
1541 5099 1593 5156 Sed
1607 5099 1631 5154 si
1644 5100 1699 5154 hoc
1712 5097 1825 5152 videtur

1007 5210 1823 5281 ¹Theodoricensiscodex:ltasitaffectneinmeniidnacestria.

976 5277 1347 5331 Arnuliensiszltasitnotitia
1356 5277 1384 5327 in
1394 5273 1631 5326 mentitusoestris.
1646 5272 1825 5322 cisterciensis

976 5342 1083 5392 demum
1100 5339 1193 5388 habet:
1209 5341 1253 5390 lta
1270 5344 1360 5390 essent
1379 5338 1486 5403 effectas
1497 5339 1524 5385 tn
1538 5334 1669 5384 mentitus
1683 5333 1793 5384 vestris.

1008 5394 1793 5466 ²lnaxcusis‚satjectos.ntinpotioribusllse.,satjunctos.

1013 5467 1047 5524 ia)
1064 5463 1129 5512 Vide
1143 5463 1256 5511 Retract.
1273 5462 1318 5511 lib.
1336 5465 1358 5522 l,
1373 5475 1430 5525 cap.
1446 5464 1471 5521 l,
1487 5473 1514 5507 n.
1532 5460 1556 5507 2.

1302 5600 1308 5608 ·
1334 5552 1650 5641 (onerante-dene.)
