3884 6112
86 156 155 212 ista
859 151 1054 211 APPENDIX.
1790 151 1838 205 itu

85 287 180 351 tuum,
200 285 230 337 et
253 281 315 351 ipse
332 283 375 334 est
390 277 525 333 Dominus
541 279 615 332 heus
628 281 705 332 tuus.
722 275 791 331 vide
819 275 936 347 qualem
991 275 1051 348 gita
1064 277 1176 345 Agncm
1203 270 1396 353 heahmimam
1417 286 1435 325 a
1460 283 1529 341 qua
1542 281 1681 349 laurum,
1702 272 1839 339 argentm

87 353 140 410 tibi
160 367 297 424 sponsum
312 349 441 422 elegeris,
459 348 574 419 qualern
589 347 640 401 tibi
655 345 781 401 amicum
796 345 935 400 attuleris.
991 350 1083 402 vestes
1098 343 1319 416 pretiosissimis,
1335 341 1446 423 lapides
1463 344 1600 411 pretiosi
1618 342 1650 392 et
1678 343 1742 393 tota
1755 341 1839 395 secan

89 427 154 507 lpse
168 430 212 480 est
226 422 369 494 speciosus
382 421 474 475 forma
493 434 553 488 prae
566 417 633 472 tiliis
645 417 807 472 hominum.
824 416 937 487 Specio-
992 418 1032 472 ris
1045 417 1145 488 gloriae
1160 430 1265 485 pompa
1274 429 1358 493 quasi
1373 412 1519 484 quiedam
1534 415 1673 490 stercora
1695 415 1761 489 sunt
1780 427 1838 491 repa

91 513 150 551 sior
160 495 245 550 etiam
258 493 317 547 sole
327 496 355 546 et
369 504 577 561 superomnem
593 489 740 542 stellarum
751 486 940 558 pulchritudi·
993 494 1062 543 tate.
1079 489 1182 541 vocata
1195 486 1229 538 ad
1244 483 1370 564 uihnnal
1385 498 1446 537 non
1461 481 1587 563 ⁰¹?thss
1605 479 1805 560 blandiebatur
1813 500 1840 551 iu

93 582 169 623 nem.
185 564 308 635 Spiritus
322 563 383 632 ejus
393 558 654 631 supermeldulcis,
670 565 698 613 et
715 559 867 613 hereditas
878 559 939 629 ejus
995 555 1460 635 dex,contempsitminabatur,
1486 558 1603 619 irrisit,
1631 567 1729 621 magis
1742 558 1840 607 metuens

93 653 179 707 super
193 635 250 689 mel
265 639 293 688 et
305 633 411 687 favum.
425 630 584 698 longitudo
600 630 629 683 in
643 629 759 683 dextera
773 631 845 699 eJus,
862 632 891 683 et
909 629 940 682 in
994 645 1030 684 ne
1044 632 1172 700 parceret
1194 641 1281 698 quam
1313 641 1350 679 ne
1377 628 1505 695 pumret
1516 622 1723 704 :foedumque
1750 624 1840 702 lupina

94 707 209 762 sinistra
223 706 284 774 ejus
297 702 402 757 divitiae
418 705 446 756 et
458 701 558 770 gloria.
576 701 638 770 lpse
664 704 691 754 te
715 700 776 770 jam
803 699 889 769 elegit
910 698 941 751 in
996 699 1081 754 vertit
1090 699 1120 753 in
1135 697 1309 776 oratorium:
1325 696 1403 767 quod
1419 711 1491 776 cum
1503 708 1630 774 virgine
1641 693 1802 764 ingrediens
1812 712 1842 774 aa

95 792 238 849 sponsam.
255 774 308 829 Sed
324 789 382 826 non
396 771 543 826 coronabit
557 770 611 823 nisi
633 770 792 841 probatam.
820 771 852 824 Et
875 768 943 823 dicit
996 773 1077 841 gelus
1092 770 1185 823 luceru
1200 767 1304 822 inludit
1316 767 1454 832 tenebris,
1472 770 1506 820 et
1531 768 1750 845 insectatorem
1763 766 1843 835 podiu-

94 848 258 916 Scriptura:
285 846 338 914 Qui
363 858 417 897 uon
448 848 487 897 ast
513 845 641 908 tentatus,
673 856 727 896 non
750 845 790 896 est
811 841 942 910 probatus
998 842 1045 895 iiae
1056 846 1147 894 morte
1163 838 1366 892 mulctabat.Si
1380 837 1563 908 igiturettu
1580 850 1727 899 marens,
1741 842 1843 890 ettoatu

96 919 186 989 (Ereti.
211 931 302 981 xxxiv,
324 917 358 981 9).
382 913 537 983 Virginitas
551 927 653 966 aurum
668 917 720 978 est,
737 912 808 966 cella
822 912 942 976 formai,
997 912 1125 967 libidims
1139 911 1316 963 incentorem
1329 909 1533 979 lacrymarum
1551 912 1682 960 tuarum
1707 922 1782 960 arma
1793 909 1844 961 leia·

96 987 236 1043 conflator
256 985 396 1050 diabolus,
423 983 497 1054 ignis
512 982 641 1049 tentatio,
663 998 729 1037 caro
751 981 876 1061 virginis
897 997 944 1035 vas
998 983 1083 1051 veris,
1099 996 1159 1061 non
1176 985 1253 1034 certe
1269 996 1304 1033 an
1327 979 1388 1060 eliis
1416 984 1469 1033 tuo
1484 983 1588 1059 'emto
1618 976 1717 1031 deerit
1735 977 1846 1058 cubicula,

97 1060 207 1114 luteum
221 1056 251 1110 in
267 1072 323 1128 quo
347 1070 451 1109 aurum
473 1053 647 1121 reconditur,
664 1069 716 1107 nec
730 1070 779 1108 vas
792 1055 914 1108 ulterius
929 1067 945 1104 a
999 1053 1049 1125 qui
1063 1051 1290 1125 prostibulonou
1302 995 1405 1130 gesuri.
1417 1050 1526 1103 llerito
1536 1049 1669 1129 beatam
1679 1051 1786 1128 Agriani
1796 1065 1846 1120 rges

139 1128 224 1183 olibet
237 1126 345 1180 artifice
360 1129 520 1194 reparatur.
1000 1125 1053 1178 iste
1076 1122 1231 1177 materialis
1255 1125 1384 1202 nequivit
1403 1120 1549 1187 adurere,
1578 1135 1633 1173 cui
1653 1134 1749 1199 carnis
1763 1122 1848 1200 tliinm

144 1200 211 1254 PUT
233 1199 308 1252 xxii.
324 1225 361 1238 -
381 1199 415 1251 Ut
439 1197 610 1263 virginitatis
630 1197 798 1265 propositum
822 1195 947 1260 relisisse
1000 1198 1141 1266 tepuerat,
1154 1207 1241 1264 qnam
1257 1191 1330 1262 ignis
1345 1190 1543 1245 succenderat
1565 1190 1735 1244 charitatis.
1752 1190 1848 1267 ouans

411 1266 624 1321 custodiendum.
1001 1280 1124 1335 cumque
1143 1278 1267 1334 nequam
1283 1261 1400 1332 spiritus
1415 1261 1524 1315 illicita
1540 1276 1680 1341 quaeque
1697 1276 1849 1332 suggesseris,

135 1342 201 1395 Haec
214 1338 294 1409 virgo
306 1336 414 1408 jugiter
432 1337 560 1407 cogitans
581 1335 817 1407 pretiosissimum
832 1331 948 1404 virgini·
1001 1335 1200 1391 vehementior
1220 1332 1384 1387 incubuerit
1409 1337 1515 1402 aestus3
1545 1332 1642 1386 illum
1667 1331 1720 1402 qui
1740 1338 1848 1386 scrutatu

100 1411 166 1467 tatis
180 1411 356 1476 thesaurum,
373 1407 422 1477 qui
437 1412 495 1461 tam
510 1406 620 1461 utiliter
635 1405 806 1478 possidetur,
823 1410 882 1458 tam
906 1405 948 1458 ir·
1002 1407 1089 1462 corda
1101 1409 1129 1459 et
1143 1420 1236 1470 renes,
1253 1405 1321 1457 scito
1336 1418 1398 1458 esse
1412 1408 1622 1474 praesentem,
1641 1402 1734 1456 etsub
1747 1404 1850 1472 ejosooi

101 1479 336 1551 recuperabiliter
348 1477 499 1543 amittitur,
517 1492 628 1531 summa
653 1475 811 1546 diligentia,
835 1489 948 1529 summo
1002 1479 1044 1534 los
1059 1492 1118 1531 esse
1133 1473 1275 1546 quidquid
1290 1473 1350 1544 agis
1363 1474 1406 1527 vel
1423 1474 1558 1544 cogitas.
1590 1473 1675 1528 Habe
1691 1472 1849 1552 proludere

101 1567 167 1607 cum
180 1551 284 1604 tiinore
297 1547 448 1602 custodiat.
465 1547 576 1618 Cogitet
599 1547 659 1601 sine
680 1545 892 1600 intermissione
913 1544 949 1598 ad
1001 1547 1159 1603 versutiam
1176 1545 1305 1611 Domino,
1331 1560 1419 1615 quem
1435 1544 1494 1599 tibi
1510 1543 1662 1598 assistere
1689 1560 1749 1598 non
1760 1544 1847 1602 dubitet

102 1622 184 1692 cujus
199 1619 348 1673 ordinatur
361 1617 531 1684 thalamum,
548 1617 584 1671 ad
604 1617 686 1687 cujus
700 1621 878 1688 praeparatur
892 1631 950 1669 ani·
1003 1624 1032 1675 et
1046 1616 1237 1688 depraedatori
1251 1615 1406 1686 responde:
1421 1616 1586 1687 Angelum
1604 1614 1703 1670 habeo
1717 1620 1847 1679 amantea

101 1694 218 1764 plexum
246 1693 389 1759 proponat
417 1688 472 1742 sibi
496 1703 604 1759 agnum
633 1703 720 1759 quem
749 1688 832 1759 sequi
853 1686 948 1748 habet.
1004 1690 1054 1761 qui
1070 1688 1161 1743 nimio
1176 1688 1237 1741 zelo
1251 1685 1375 1740 custodit
1391 1701 1503 1757 corpus
1518 1701 1645 1740 meum.
1667 1685 1785 1756 Adjuret
1795 1702 1848 1764 uina

103 1776 283 1833 quocumque
295 1759 368 1813 ierit.
386 1760 603 1830 Contemplator
618 1757 813 1813 beatissimam
832 1757 950 1812 hieriam
1004 1764 1160 1816 tumtunm
1171 1757 1261 1812 intali
1272 1756 1442 1811 necessitate
1457 1757 1601 1812 discreta
1615 1756 1847 1821 abstinentiatlnu

101 1832 311 1904 precedentem
346 1830 447 1883 choros
480 1829 635 1900 virginum,
675 1834 703 1883 ct
742 1827 950 1899 precinentem
1003 1831 1158 1885 ubimulta
1173 1829 1266 1882 carnis
1280 1827 1407 1894 afllictio,
1424 1833 1480 1882 aut
1495 1827 1602 1895 nulla,
1620 1832 1675 1882 ant
1689 1830 1847 1899 parraihqa

103 1904 185 1959 dulce
198 1900 269 1957 illud
284 1916 351 1955 cum
367 1899 537 1970 virginitatis
554 1905 691 1970 tympano
706 1899 860 1962 canticum,
875 1896 951 1979 quod
1004 1906 1169 1972 potestesse
1190 1899 1346 1953 delectatio.
1885 1942 1887 1953 .

103 1990 188 2029 nemo
202 1976 298 2054 potest
320 1987 420 2025 canere
449 1971 504 2025 nisi
527 1971 676 2042 utriusque
703 1985 785 2024 seius
815 1970 950 2039 virgines.
1005 1971 1119 2028 CAPUT
1136 1970 1450 2026 xxvi-costitusin
1461 1969 1601 2038 juvenili
1615 1974 1701 2025 aetate
1718 1972 1844 2037 amman
1885 1982 1887 1991 ·

105 2047 145 2100 lle
159 2043 264 2116 quibus
287 2043 424 2113 scriptum
452 2047 513 2096 est:
538 2044 575 2096 Hi
602 2046 665 2096 sunt
693 2044 822 2110 quicum
837 2041 954 2095 mulieri·
1077 2041 1204 2096 conduct
1217 2043 1336 2110 corporis
1357 2041 1508 2095 attritione
1535 2056 1599 2096 nori
1615 2046 1676 2096 stat
1698 2043 1804 2110 istrum
1883 2034 1887 2147 Ι

105 2116 153 2171 bus
169 2130 222 2169 uon
240 2119 303 2169 sunt
322 2114 491 2183 coinquinati
500 2127 507 2178 3
535 2114 655 2180 uirgines
677 2114 748 2166 euim
772 2116 835 2166 suut
849 2111 951 2181 (Apoc.
1042 2113 1131 2167 Nemo
1147 2127 1177 2166 se
1190 2111 1296 2182 palpet,
1313 2126 1398 2165 nemo
1413 2110 1605 2166 blandiatur
1619 2111 1689 2176 sibi,
1701 2112 1846 2167 nemoniil

103 2202 160 2252 xiv,
176 2184 214 2256 l).
230 2186 286 2239 Nec
313 2185 353 2238 sic
377 2184 430 2237 hoc
455 2182 563 2238 dictum
586 2182 719 2249 estimes,
737 2181 818 2253 quasi
832 2197 892 2235 non
910 2181 954 2235 vir
1006 2184 1055 2239 lat.
1070 2184 1223 2254 Nunquam
1237 2182 1271 2236 ab
1299 2181 1545 2237 adolescentibus
1562 2182 1634 2238 siue
1662 2198 1765 2254 magna
1787 2183 1846 2237 eiiii

104 2256 164 2311 sina
183 2255 313 2320 muliere,
341 2258 390 2309 aut
415 2254 520 2307 mulier
548 2253 610 2308 sine
635 2253 696 2307 viro
724 2252 813 2324 possit
840 2250 951 2307 foedari.
1007 2254 1180 2309 contritione
1195 2255 1223 2307 et
1237 2252 1330 2306 carnis
1348 2251 1515 2307 alilictione
1544 2253 1674 2309 castitas
1697 2255 1845 2326 conquiritis,
1884 2268 1887 2275 ·

106 2328 177 2382 Cum
192 2325 390 2379 detestandum
405 2323 477 2378 illud
493 2324 593 2403 scelus,
609 2322 723 2402 quolvir
744 2321 893 2389 invirum,
910 2321 954 2403 vel
1007 2325 1051 2380 vel
1064 2328 1201 2390 servatur,
1218 2338 1282 2448 cpite
1296 2324 1472 2404 plerumque
1483 2325 1586 2449 aegris
1602 2327 1650 2380 vel
1667 2326 1790 2380 sensibus
1800 2324 1845 2395 par}
1884 2328 1887 2393 !

104 2395 213 2452 femina
223 2395 254 2448 in
268 2394 415 2458 feminam,
432 2393 566 2447 omnibus
579 2394 695 2464 flagitiis
710 2392 899 2447 damnabilius
910 2408 955 2462 ιιι-
1008 2395 1131 2450 clitatnr.
1150 2395 1221 2450 Nam
1244 2399 1298 2448 icet
1312 2399 1496 2448 continentia
1533 2396 1845 2463 onumDeisitetneni
1883 2404 1887 2475 Ι

106 2466 227 2522 dicetur.
253 2464 306 2518 Sed
321 2468 350 2517 et
363 2463 470 2534 absque
482 2464 582 2517 alienae
597 2463 689 2517 caruis
709 2463 851 2517 consortio
867 2463 954 2533 virgi·
1008 2466 1100 2536 possit
1112 2481 1172 2520 esse
1185 2465 1344 2530 continens,
1359 2464 1415 2518 nisi
1432 2465 1517 2519 Deus
1534 2466 1601 2535 det,
1623 2483 1683 2522 nec
1704 2468 1768 2522 ullis
1778 2466 1845 2521 natm

106 2536 181 2590 nitas
210 2534 380 2604 plerumque
408 2533 611 2603 corrumpitur,
637 2532 751 2587 castitas
776 2533 909 2587 violatur.
926 2532 955 2587 Si
1008 2536 1118 2591 meritis
1131 2536 1240 2590 dorium
1253 2536 1318 2597 hoc,
1329 2535 1377 2589 sed
1390 2536 1457 2606 ejus
1466 2537 1622 2606 gratuitae
1639 2538 1681 2592 sit
1693 2537 1844 2610 gratianus

107 2604 303 2660 vehementior
312 2610 397 2658 aestus
406 2619 522 2657 carnem
532 2603 696 2658 concutiens
710 2604 886 2657 voluntatem
900 2603 956 2658 sibi
1008 2607 1134 2663 bendum
1145 2621 1153 2672 ς
1164 2607 1229 2660 illos
1242 2610 1431 2660 lamentante
1445 2605 1535 2661 dono
1545 2607 1697 2680 indignos
1713 2607 1845 2680 judicaturi

109 2675 273 2739 subdiderit,
290 2679 320 2729 et
341 2675 468 2744 rapuerit
481 2674 620 2742 membra,
641 2673 747 2744 cogitet
768 2674 848 2744 virgo
870 2690 957 2743 super
1009 2677 1117 2749 aliquid
1131 2677 1235 2731 laboris
1250 2692 1302 2757 pro
1317 2691 1350 2730 eo
1370 2676 1471 2730 subire
1491 2677 1688 2761 detrectant,
1705 2681 1845 2734 volenteis

108 2746 206 2802 omnia
220 2762 272 2799 sua
286 2745 458 2799 sanctificata
474 2746 543 2811 lieo,
559 2745 674 2798 incorrn
696 2749 724 2798 ta
751 2744 873 2806 Christo.
895 2745 955 2826 Spi·
1009 2755 1054 2803 ter
1065 2747 1183 2803 delicias
1194 2751 1264 2801 casti
1277 2761 1348 2811 esse,
1371 2746 1450 2800 inter
1463 2749 1580 2819 epulas
1601 2751 1845 2829 continentesjiitn

109 2817 178 2872 ritui
192 2820 289 2871 sancto
302 2815 441 2871 dedicata.
457 2815 612 2886 lndignum
631 2815 666 2885 ju
686 2814 741 2869 icet
759 2814 837 2885 quod
851 2815 956 2871 Christi
1009 2833 1114 2890 pueros
1129 2822 1157 2872 et
1169 2818 1281 2898 puellas
1299 2817 1478 2884 conversari,
1503 2823 1540 2874 et
1560 2836 1627 2876 non
1652 2822 1769 2889 tentari,
1780 2836 1803 2874 in
1817 2835 1844 2872 co

110 2891 163 2954 est,
178 2887 289 2941 tradere
304 2891 420 2952 satanae,
437 2891 464 2940 et
479 2885 609 2956 virginea
632 2886 695 2957 ejus
708 2886 838 2942 membra
851 2886 955 2942 erube·
1011 2888 1231 2944 messatiouibus
1250 2891 1279 2942 et
1292 2887 1488 2942 ebrietatibus
1505 2889 1602 2945 foedis
1619 2892 1747 2948 distendi
1759 2889 1844 2946 honori
1885 2940 1887 2945 .

109 2963 168 3013 scat
183 2958 226 3011 vel
241 2957 364 3026 simplici
379 2961 459 3011 motu
477 2956 624 3011 maculari.
1011 2957 1379 3029 hus,etuoncoinquiuari;
1394 2957 1494 3029 ligare
1506 2961 1615 3018 visum
1632 2980 1721 3018 suum
1734 2961 1843 3018 simun
1884 2956 1887 2991 ³

110 3029 224 3085 CAPUT
247 3028 340 3083 lllllll.
366 3057 400 3068 -
421 3028 561 3083 castitatis
596 3025 769 3096 dispendium
799 3029 830 3082 tn
865 3042 958 3083 menso
1010 3030 1075 3098 mis,
1091 3035 1188 3084 etnon
1198 3028 1290 3084 exuri.
1303 3028 1422 3084 Difficile
1436 3029 1499 3086 hoc
1516 3036 1631 3089 utrum
1641 3041 1694 3091 aut
1706 3031 1842 3106 impossihile

332 3098 492 3163 timendum,
507 3103 533 3152 et
547 3100 576 3152 in
590 3099 739 3168 colloquiis.
1010 3106 1042 3157 tu
1054 3100 1167 3155 videris.

145 3169 245 3239 ltaque
256 3169 376 3239 proinde
393 3168 423 3222 in
433 3167 605 3240 virginitatis
617 3184 676 3222 suae
690 3167 850 3223 custodiam
864 3171 958 3223 totum
1012 3172 1124 3228 CAPUT
1138 3171 1242 3225 llllVll.
1258 3198 1295 3212 -
1307 3170 1349 3225 De
1370 3173 1513 3228 iamacho
1536 3177 1693 3232 stimulum
1705 3178 1785 3231 cornis
1795 3172 1842 3226 diri

111 3239 241 3294 animum
258 3239 365 3295 tendat.
385 3238 581 3310 Cogitationes
607 3238 761 3309 expendat,
788 3243 820 3293 ut
847 3238 958 3293 vinuus
1045 3242 1272 3297 macerationibus
1292 3244 1574 3313 aioaomprimentc,
1593 3251 1767 3318 nonpem'nis
1777 3246 1842 3300 usia

110 3310 197 3379 hujus
211 3309 416 3380 perfectionem
440 3310 577 3375 esuriens,
604 3309 711 3364 famem
727 3308 843 3365 delicias
866 3314 957 3382 putet,
1048 3317 1153 3382 quante.

110 3380 223 3436 divitias
236 3385 446 3452 paupertatem.
462 3380 493 3434 lu
508 3379 581 3446 cibo,
605 3378 732 3451 inpotu,
750 3379 780 3434 in
794 3381 960 3448 sommo,in
1047 3383 1118 3438 Novi
1133 3399 1186 3454 ego
1205 3382 1387 3450 monachum,
1416 3383 1473 3455 qui
1499 3401 1578 3443 cum
1594 3388 1686 3445 initio
1699 3405 1754 3444 suia
1766 3399 1841 3442 unis·

110 3467 241 3506 sermone
256 3466 370 3522 semper
394 3451 495 3505 timeat
507 3450 690 3521 dispendium
716 3451 865 3520 castitatis,
884 3468 920 3506 ne
935 3451 959 3506 si
1013 3454 1108 3520 sionis,
1125 3457 1184 3508 tam
1197 3453 1374 3509 naturalibus
1388 3453 1567 3525 incentivis,
1604 3464 1671 3515 tam
1696 3455 1841 3515 uolnus

109 3521 275 3592 plusdebito
289 3521 368 3576 carui
381 3521 549 3586 reddiderit,
563 3520 637 3575 vires
650 3521 777 3593 praebeat
785 3522 958 3590 adversario,
1011 3525 1092 3581 tiosae
1114 3524 1339 3592 consuetudinis,
1367 3528 1427 3579 tam
1453 3530 1667 3599 suggestione
1693 3527 1841 3586 cahidihastia

111 3593 263 3647 etocculto
277 3592 386 3647 nutriat
400 3592 521 3647 hostem.
538 3591 645 3647 Sedens
659 3591 747 3662 igitur
770 3593 806 3647 ad
830 3609 959 3648 mensam
1012 3600 1180 3658 tentaretur,
1205 3599 1238 3649 ut
1251 3594 1419 3666 pudicitiam
1448 3613 1543 3653 suarii
1575 3599 1841 3673 periclitantium

112 3664 245 3718 decorem
260 3662 403 3734 pudicitiae
416 3667 511 3716 mente
530 3663 664 3730 revolvat,
686 3668 715 3717 et
727 3662 762 3718 ad
783 3664 844 3734 ejus
866 3664 960 3734 perfe-
1012 3665 1102 3721 erexit
1116 3682 1145 3721 se
1160 3671 1260 3721 contra
1272 3681 1312 3733 se,
1328 3670 1356 3720 et
1368 3666 1515 3724 adversus
1536 3687 1634 3728 suam
1648 3688 1760 3728 carnem
1771 3668 1841 3725 suus

112 3733 237 3789 ctionem
258 3734 404 3804 suspirans
418 3733 496 3787 cibos
517 3731 653 3798 fastidiat,
680 3737 781 3804 potum
796 3734 957 3799 exhorreat,
1012 3736 1117 3791 simum
1132 3736 1295 3808 concipiens
1309 3736 1410 3792 odium
1422 3737 1506 3794 nihil
1527 3744 1637 3816 magis
1756 3736 1842 3814 quodid

112 3804 285 3874 etiamquod
301 3804 473 3858 sumendum
488 3804 641 3858 necessitas
652 3803 834 3874 judicaverit,
850 3810 899 3860 aut
914 3822 959 3860 ra·
1012 3824 1076 3863 eam
1091 3808 1243 3868 affectaret,
1264 3823 1297 3862 ex
1319 3812 1419 3863 steret.
1451 3809 1568 3884 Itaque
1600 3815 1704 3871 ineis
1727 3810 1841 3869 maesuhl

112 3873 153 3929 tio
168 3873 324 3940 dictaverit,
340 3874 516 3954 cumdolore
530 3873 763 3954 autpudore,ali
806 3876 880 3930 ando
895 3892 960 3931 cum
1013 3894 1125 3950 corpus,
1142 3883 1244 3950 atquae
1258 3878 1285 3932 ai
1299 3824 1368 3934 gese
1383 3878 1585 3939 debebantur
1601 3886 1778 3951 subtrahens,
1789 3881 1841 3937 eim

112 3943 245 4014 lacrymis
258 3948 361 3997 sumat.
377 3944 405 3998 Si
419 3959 445 3996 ei
463 3959 556 4022 sermo
568 3944 654 3997 fuerit
664 3959 730 3997 cum
754 3944 861 4015 eiquo,
884 3962 958 4000 sem·
1014 3955 1109 4004 motus
1124 3949 1185 4020 ejus
1197 3948 1341 4020 simplices
1356 3951 1598 4032 comprimebat.
1615 3956 1677 4013 Sed
1691 3973 1753 4012 cum
1775 3957 1841 4007 iterun

112 4028 165 4085 per
176 4017 285 4068 metuat
298 4012 407 4083 aliquid
425 4012 534 4093 audire,
560 4012 636 4084 quod
659 4013 703 4067 vel
728 4013 872 4069 modicum
887 4033 961 4072 sere·
1014 4020 1104 4075 nimia
1124 4020 1254 4075 debilitas
1273 4019 1327 4074 sibi
1339 4021 1404 4101 plus
1418 4022 1593 4096 indulgere
1610 4029 1843 4101 compellentem

112 4083 232 4139 nitatem
247 4084 383 4139 castitatis
398 4083 565 4150 obnubilet;
582 4084 770 4140 deserendam
785 4101 814 4140 se
838 4089 961 4158 agretia
1014 4106 1079 4146 caro
1094 4106 1193 4146 rursus
1206 4095 1294 4161 caput
1309 4106 1422 4162 erigens
1444 4095 1652 4167 acquisitam,
1673 4104 1707 4154 ut
1725 4097 1843 4170 paulini,

111 4171 170 4210 non
185 4154 305 4223 dubitet,
321 4155 345 4209 si
362 4156 404 4210 vel
420 4170 511 4209 unum
530 4155 649 4210 verbum
667 4160 765 4211 contra
780 4156 961 4214 honestatem
1013 4161 1166 4216 infestabat
1184 4160 1311 4232 quietem
1321 4176 1330 4232 ;
1351 4160 1505 4235 plerisque
1523 4183 1562 4223 se
1589 4169 1712 4243 frigidis
1728 4160 1845 4241 aquilii

111 4226 250 4351 proferat·
1014 4232 1100 4299 ciens,
1116 4237 1242 4286 tremens
1256 4232 1422 4313 aliquandiu
1437 4235 1601 4304 psallebat
1616 4247 1649 4296 et
1674 4239 1777 4296 orabit
1795 4236 1844 4303 Stis

133 4297 226 4352 APUT
240 4296 327 4351 lllllV.
339 4296 453 4353 -Ante
462 4311 595 4352 sommum
614 4298 775 4352 censueritis
787 4300 959 4360 ieiunando.
1015 4303 1102 4357 etiam
1116 4303 1227 4357 illicitos
1243 4308 1368 4357 sentiens
1383 4307 1486 4360 motus
1504 4310 1622 4366 urticis
1641 4312 1762 4367 fricabat

354 4370 380 4421 et
394 4367 536 4422 dolendum
552 4367 722 4437 depereatis.
1014 4372 1217 4429 etnudoecarni
1229 4373 1359 4444 aperiens
1368 4372 1552 4435 incendium
1568 4381 1713 4438 incendio
1727 4399 1757 4437 sn

148 4439 292 4492 Prostrata
306 4437 410 4492 lectulo
422 4438 592 4508 pudicitiam
603 4443 682 4493 tuam
705 4440 875 4495 commenda
890 4442 959 4508 Deo,
1015 4446 1048 4499 Et
1062 4460 1126 4499 cum
1137 4445 1199 4500 haec
1213 4445 1310 4500 omnia
1331 4460 1389 4499 non
1400 4445 1599 4519 sufficerent,
1617 4454 1797 4510 nihilominus
1806 4459 1843 4502 eu!
1865 4476 1869 4509 ι,

111 4511 140 4563 et
155 4508 195 4562 sic
205 4508 384 4577 signocrucis
399 4514 508 4564 armata
517 4509 629 4563 revolve
645 4507 740 4562 animo
756 4511 902 4580 quomodo
913 4512 959 4567 die
1014 4515 1131 4585 spiritus
1146 4514 1341 4570 fornicationis
1355 4522 1495 4586 urgeret;
1517 4524 1599 4578 tunc
1626 4525 1709 4597 qnod
1726 4525 1804 4579 solum
1820 4531 1842 4571 sa

111 4577 161 4633 illo
175 4578 278 4646 vixisti,
295 4578 319 4632 si
333 4579 429 4642 verbo,
454 4580 478 4634 si
493 4596 590 4651 opere,
616 4577 640 4633 si
663 4578 766 4634 ellectu
789 4581 903 4636 Domini
917 4582 960 4637 tui
1013 4586 1130 4656 perluit,
1146 4590 1304 4657 prostratus
1316 4586 1563 4655 antepedessesu
1580 4601 1661 4663 orat,
1676 4597 1777 4668 plorat,
1790 4604 1841 4658 sita*

111 4649 207 4703 oculos
220 4648 381 4716 offendisti3
398 4650 421 4703 si
438 4650 538 4721 levior,
553 4651 577 4704 si
592 4648 717 4714 otiosior,
734 4649 759 4703 si
768 4652 961 4732 negligentior
1013 4659 1067 4723 rat,
1083 4661 1175 4727 rogat,
1204 4656 1323 4727 adjurat,
1353 4656 1535 4730 obtestatur,
1566 4669 1604 4720 ut
1632 4674 1686 4722 aut
1711 4655 1840 4728 otuiditd

112 4718 318 4783 debitofuisti;
335 4720 358 4773 si
372 4721 436 4791 plus
450 4721 512 4776 cibo
540 4720 664 4787 crudior,
694 4725 767 4791 potii
794 4722 960 4780 dissolutior
1013 4732 1112 4793 sanet;
1126 4727 1351 4793 clamatcrebro,
1366 4728 1429 4782 Non
1447 4730 1555 4801 abibo,
1575 4751 1641 4792 non
1651 4737 1768 4810 quiesco
1787 4740 1840 4789 nei

113 4794 203 4844 metas
214 4790 388 4844 necessitatis
400 4792 551 4846 excessisti.
566 4792 595 4848 Si
608 4791 777 4862 subreptum
787 4792 841 4847 tibi
850 4795 960 4866 aliquid
1015 4798 1155 4853 dimittam
1171 4797 1225 4851 nisi
1238 4797 1418 4853 benedixeris
1431 4800 1510 4856 mihi
1523 4820 1532 4858 ε
1548 4812 1715 4877 prestatur
1729 4778 1839 4863 ad'hara

110 4860 217 4915 horum
242 4861 442 4930 deprehendis,
468 4862 591 4934 suspira,
613 4867 712 4931 pectus
735 4863 843 4931 tunde,
864 4869 892 4919 et
906 4865 960 4921 hoc
1014 4868 1388 4941 refrigerium‚sednegatur
1402 4871 1839 4943 securitasouiescentibnsun

110 4931 416 5013 sacrificiovespertino
432 4938 482 4989 tuo
496 4933 707 4990 reconciliatam
723 4950 827 5005 sponso
837 4951 959 5006 sponsus
1014 4940 1164 5009 paululum
1171 4939 1264 4993 carnis
1274 4939 1397 4994 stimulis
1406 4940 1590 5002 affectiones
1606 4949 1722 5007 illicitae
1740 4944 1839 5023 pecten

111 5007 315 5129 {Amissillitilllt
325 5102 362 5118 -
374 5077 406 5131 ln
416 5075 609 5131 tentationibus
623 5075 770 5144 impudicis
784 5077 960 5146 recogitando
1012 5010 1129 5151 {2231th
1144 5009 1645 5148 appprqpppppoqipqstpplutpepfifgpp
1656 5021 1839 5148 οῗῑτῗῗῃάῗὶἕ

169 5213 175 5224 ,
335 5148 453 5214 viminis
470 5149 584 5214 donetis
600 5147 724 5201 historia·
1013 5151 1159 5217 castitatis,
1175 5154 1207 5204 ut
1222 5166 1322 5204 omnes
1333 5167 1398 5222 quoe
1413 5153 1525 5211 sentiri
1541 5168 1688 5230 possunt,
1703 5164 1747 5219 vel
1760 5159 1838 5232 cogilu

147 5213 318 5294 Siyigilanli
333 5216 438 5281 subito,
450 5217 603 5297 autquieta
617 5217 736 5289 soporis,
753 5223 803 5274 aut
819 5222 880 5273 arte
895 5224 957 5274 ten-
1013 5222 1126 5293 quasvis
1136 5221 1267 5291 injiceret
1280 5221 1462 5293 voluptates3
1480 5231 1516 5282 et
1540 5233 1617 5287 tunc
1634 5251 1755 5307 qnoque
1772 5233 1840 5287 rendi·

112 5287 213 5339 tatoris
223 5288 300 5341 calor
313 5287 440 5368 corporis
453 5286 541 5341 fuerit
555 5287 703 5354 excitatns,
723 5292 751 5343 et
779 5289 809 5344 in
823 5305 958 5346 somnum
1013 5293 1049 5348 ab
1075 5309 1118 5348 co.
1135 5293 1189 5348 Sed
1203 5307 1294 5363 usqne
1308 5291 1471 5364 adtempns
1488 5302 1523 5352 et
1549 5316 1635 5358 nunc
1649 5304 1787 5361 senectuti
1802 5309 1840 5354 aa*

109 5355 229 5410 callidus
245 5356 335 5411 hostis
364 5356 513 5423 invexerit,
532 5358 713 5431 ,diversisque
739 5361 958 5431 cogitationibus
1013 5363 1066 5418 biis
1079 5363 1204 5424 accessit,
1221 5379 1273 5417 uec
1288 5362 1328 5417 sic
1341 5365 1439 5418 tamen
1452 5380 1485 5420 se
1501 5368 1542 5424 de
1555 5376 1724 5433 securitate
1736 5371 1840 5432 buil'aa·
1864 5428 1868 5433 ,

109 5425 396 5508 quietempudicitiae
423 5428 608 5496 infestaverit,
635 5432 871 5502 proposueritque
886 5432 957 5486 deli·
1012 5434 1124 5490 CAPUT
1154 5434 1268 5489 llllVlll.
1290 5461 1326 5474 -
1347 5434 1454 5490 Gontm
1476 5451 1563 5496 senes
1593 5449 1651 5513 qui·
1681 5447 1841 5504 conanum

107 5513 175 5562 cias,
186 5501 252 5552 vitae
268 5498 390 5554 durioris
405 5500 556 5555 horrorem
572 5500 735 5568 incusserit,
751 5502 846 5556 veniat
859 5501 909 5557 tibi
925 5503 956 5559 in
1252 5507 1383 5560 nnsortio
1403 5520 1502 5564 cume
1522 5514 1641 5572 namt,
1694 5506 1708 5528 ⁸

109 5570 237 5623 mentem
253 5568 344 5624 beatae
370 5569 499 5654 virginis,
524 5586 589 5643 qne
613 5570 644 5625 in
671 5576 768 5626 tenera
792 5577 955 5630 retutelam
1048 5575 1128 5655 [lude
1142 5590 1202 5631 non
1224 5591 1328 5658 parum
1340 5575 1433 5647 pudet
1445 5585 1665 5651 quorumdam
1690 5579 1842 5662 impollute
1859 5574 1867 5643 J

111 5637 209 5696 crebro
218 5639 377 5709 reportavit
384 5641 420 5700 de
426 5640 599 5714 impiissimo
609 5641 692 5699 hoste
700 5641 891 5715 triumphum.
904 5645 957 5701 Co·
1014 5662 1065 5720 qui
1079 5661 1145 5703 cum
1161 5647 1193 5703 in
1208 5647 1339 5706 sordibus
1354 5656 1534 5723 senuerunt,
1555 5669 1618 5714 nec
1632 5658 1679 5717 sio
1692 5660 1841 5734 saspach*
