3884 6112
133 261 201 315 libi

132 382 199 440 fleri
213 382 290 455 quod
302 384 415 436 naturae
429 379 557 452 corporis
566 378 695 435 convenit
709 394 715 433 :
729 377 807 449 quod
823 377 879 432 nisi
892 376 932 433 ita
942 393 984 431 es·

133 477 185 540 set,
202 472 300 527 nullus
315 474 477 526 remaneret
491 485 575 540 sapor
598 468 628 523 iu
650 483 698 522 ore
719 471 906 538 posteaquam
921 467 983 521 tue-

133 561 192 616 rint
207 577 306 615 mansa
320 560 370 615 illa
384 559 495 614 reddita
505 562 590 628 atque
607 556 735 626 desputa.
753 556 832 621 Quod
848 555 935 610 etiam
950 555 984 610 de

136 651 211 706 aeris
231 650 361 721 partibus
385 651 460 702 recte
480 646 535 701 dici
557 649 659 716 potest,
684 660 754 717 quas
774 644 891 700 naribus
906 643 985 699 duci-

134 755 198 794 mus
215 756 221 792 :
238 754 304 792 nam
319 735 431 791 etiamsi
445 734 553 806 aliquid
569 736 642 790 aeris
656 734 735 806 quod
749 751 804 806 ego
820 733 982 795 reddidero,

136 827 229 899 possis
243 827 329 880 etiam
344 830 376 878 tu
400 824 513 890 ducere,
530 827 699 878 nontamen
723 823 830 895 poteris
845 822 932 878 etiam
948 823 984 876 il·

134 914 194 978 lud,
211 913 288 985 quod
312 913 378 968 inde
398 912 429 967 iu
455 912 623 968 alimentum
641 928 740 967 meum
762 911 893 978 cesserit;
917 909 985 981 quia

135 1019 189 1059 uec
202 1003 284 1058 reddi
298 1007 401 1074 potest.
419 1003 490 1056 Nam
507 1002 594 1057 etiam
609 1002 728 1056 naribus
746 1001 915 1056 alimentum
932 1014 986 1053 uos

135 1108 235 1165 capere
251 1091 356 1147 medici
371 1093 473 1147 docent
489 1107 496 1147 :
513 1091 592 1164 quod
614 1091 783 1147 alimentum
806 1094 834 1145 et
849 1088 985 1161 spirando

135 1183 213 1239 solus
228 1181 334 1236 sentire
353 1197 482 1252 possum,
499 1185 527 1236 et
540 1180 668 1236 reflando
686 1181 835 1235 restituere
847 1193 905 1233 uon
919 1192 985 1247 pos·

135 1287 210 1341 sum,
224 1275 257 1325 ut
269 1271 320 1325 abs
335 1275 363 1325 te
378 1269 465 1324 etiam
481 1270 600 1324 ductum
614 1269 732 1323 naribus
747 1267 895 1322 sentiatur.
912 1266 984 1320 Nam

133 1363 237 1415 caetera
250 1359 473 1430 sensibilisque
489 1356 620 1429 quamvis
634 1357 800 1422 sentiamus,
817 1358 985 1410 nontamen

134 1464 167 1504 ea
180 1447 329 1502 sentiendo
351 1447 382 1501 in
401 1451 533 1502 nostrum
548 1462 650 1517 corpus
673 1449 806 1516 corrupta
828 1448 984 1511 mutamus,

133 1553 287 1609 possumus
302 1552 346 1606 ea,
361 1535 419 1591 sive
435 1550 492 1590 uuo
515 1539 657 1606 tempore,
683 1534 741 1589 sive
763 1532 882 1604 singulis
903 1531 985 1585 vicis·

134 1627 187 1682 sim
214 1625 391 1697 temporibus
417 1625 501 1679 erube
524 1624 640 1690 sentire,
665 1624 738 1679 sicut
761 1623 804 1677 vel
823 1626 915 1676 totum
941 1619 985 1674 vel

132 1732 198 1789 pars
212 1714 274 1787 ipsa
288 1731 374 1786 quam
390 1713 493 1776 sentio,
510 1713 559 1768 abs
573 1718 602 1768 te
617 1713 704 1768 etiam
720 1711 875 1779 sentiatur;
887 1709 983 1782 qualia

133 1808 210 1873 suut,
234 1803 290 1858 sive
314 1803 373 1869 lux,
395 1803 452 1857 sive
468 1818 565 1870 sonus,
587 1801 646 1857 sive
668 1816 788 1872 corpora
811 1815 876 1871 quae
897 1797 985 1853 attin·

133 1892 239 1965 gimus,
253 1907 311 1946 non
327 1895 424 1945 tamen
436 1889 579 1945 laedimus.
599 1890 637 1944 Ε.
654 1888 798 1956 intelligo.
817 1887 854 1943 A.
872 1885 986 1941 Manife-

133 1985 208 2036 stum
225 1984 266 2035 est
281 1995 350 2050 ergo
365 1996 399 2035 ea
415 1983 768 2051 quaeuoucommutamus
779 1979 986 2031 ettamenseu·

132 2070 221 2126 timus
231 2068 360 2140 corporis
375 2068 517 2134 sensibus,
531 2072 559 2122 et
572 2084 631 2123 uon
640 2066 785 2138 pertinere
800 2066 836 2120 ad
852 2068 985 2119 naturam

133 2174 269 2214 sensuum
292 2161 466 2223 nostrorum,
490 2160 520 2211 et
541 2160 692 2227 propterea
716 2154 807 2227 magis
826 2153 910 2209 uobis
924 2168 984 2208 esse

133 2246 307 2308 communia,
324 2244 392 2317 quia
411 2244 442 2298 iu
460 2248 594 2299 nostrum
610 2242 761 2315 proprium
783 2246 812 2297 et
830 2241 911 2313 quasi
924 2240 984 2312 pri-

133 2340 230 2391 vatum
243 2351 301 2389 non
315 2337 467 2389 vertuntur
480 2336 566 2403 atque
581 2336 740 2387 mutantur.
754 2332 791 2386 Ε.
810 2333 930 2387 Prorsus
942 2347 984 2385 as-

134 2422 252 2479 sentior.
268 2423 307 2476 A.
324 2419 477 2492 Proprium
493 2424 604 2490 ergoet
625 2418 707 2491 quasi
721 2418 864 2490 privatum
876 2417 986 2473 intelli·

134 2512 262 2585 gendum
286 2514 340 2580 est,
363 2508 440 2581 quod
460 2507 616 2581 unicuique
639 2513 770 2564 nostrum
790 2506 843 2562 soli
860 2511 904 2561 est
919 2505 940 2572 ¹,
958 2511 987 2561 et

134 2600 212 2673 quod
226 2599 256 2653 in
272 2614 301 2652 se
316 2598 394 2652 solus
413 2596 509 2663 sentit,
531 2596 610 2668 quod
625 2596 661 2650 ad
676 2612 757 2651 suam
772 2600 904 2650 naturam
917 2609 985 2666 pro-

134 2689 198 2761 prie
213 2687 339 2759 pertinet
355 2702 361 2740 :
378 2701 531 2741 commuue
554 2690 651 2740 autem
675 2688 703 2739 et
723 2683 806 2756 quasi
825 2683 984 2755 publicum,

135 2777 213 2850 quod
237 2777 272 2831 ab
288 2775 421 2831 omuibus
440 2774 630 2830 sentientibus
649 2773 729 2827 nulla
743 2772 788 2827 sui
801 2773 986 2843 corruptione

133 2869 219 2936 atque
234 2863 458 2920 commutatione
470 2863 602 2919 sentitur.
619 2863 657 2918 ld.
670 2862 713 2916 Ita
726 2866 782 2917 est.

133 2955 245 3011 CAPUT
261 2954 332 3008 vul.
350 2983 383 2993 -
397 2954 575 3010 Numerarem
598 2954 670 3006 ratio
683 2951 758 3006 nullo
772 2952 892 3021 corporis
906 2964 986 3005 seua

167 3045 329 3115 percipitur,
345 3059 363 3096 o
378 3044 472 3111 quovis
493 3042 659 3109 intelligente
676 3044 804 3110 perceptu
825 3055 881 3095 une
903 3044 943 3095 est
960 3043 986 3095 et

169 3131 407 3187 incommutabilis.

169 3224 213 3277 20.
239 3223 276 3275 A.
300 3223 371 3290 Age,
391 3234 469 3273 nuuc
491 3217 616 3285 attende,
632 3220 661 3271 et
675 3216 720 3271 dic
734 3214 805 3270 mihi
828 3218 925 3270 utrum
940 3214 985 3270 iu·

46 3301 49 3311 '
132 3310 265 3366 veniatur
282 3307 393 3380 aliquid
416 3307 495 3380 quod
510 3322 609 3362 omnes
623 3304 825 3360 ratiocinantes
841 3320 892 3359 sue
907 3303 985 3374 quis·

132 3415 190 3473 que
210 3400 321 3454 ratione
345 3401 432 3468 atque
456 3401 553 3451 mente
572 3392 765 3450 communiter
779 3392 904 3459 rideant,
919 3406 986 3446 cum

131 3488 204 3544 illud
218 3487 295 3559 quod
316 3485 430 3542 videtur
446 3488 551 3556 praesto
572 3484 608 3538 sit
621 3482 765 3552 omuibus,
780 3496 832 3535 uec
851 3480 882 3534 iu
900 3493 986 3535 usum

132 3591 232 3632 eorum
258 3574 362 3646 quibus
392 3576 499 3643 praesto
528 3575 572 3626 est
596 3573 798 3636 commutetur,
834 3565 917 3640 quasi
943 3565 985 3620 ci-

131 3665 184 3722 bus
205 3668 256 3719 aut
281 3663 371 3735 potio,
397 3661 447 3715 sed
470 3660 670 3731 incorruptum
691 3659 895 3729 integrumque
920 3670 984 3727 per·

132 3755 257 3819 maneat,
291 3749 348 3803 sive
377 3748 421 3803 illi
445 3748 570 3817 videant,
600 3748 657 3802 sive
680 3763 741 3802 nou
765 3746 882 3801 videant
912 3759 919 3798 ε
948 3759 985 3798 au

131 3839 205 3894 forte
230 3837 302 3892 nihil
318 3836 486 3907 hujusmodi
500 3852 560 3891 esse
582 3834 747 3890 arbitraris?
761 3835 800 3889 Ε.
818 3835 878 3888 lmo
894 3832 986 3887 multa

132 3942 193 3982 csse
212 3925 309 3991 rideo;
334 3941 349 3978 e
370 3923 476 3995 quibus
496 3939 587 3977 unum
609 3920 829 3976 commemorari
849 3920 915 3975 satis
930 3924 984 3987 est,

131 4012 296 4086 quadratio
310 4017 340 4068 et
351 4010 455 4066 veritas
470 4010 585 4066 numeri
599 4010 733 4066 omuibus
745 4007 985 4065 ratiocinantibus

131 4108 236 4175 praesto
259 4106 312 4168 est,
337 4106 370 4156 ut
390 4100 483 4156 omnis
506 4117 568 4156 eam
584 4105 765 4172 computator
787 4115 839 4154 sua
863 4096 985 4170 quisque

131 4193 244 4249 ratione
258 4195 287 4246 et
300 4190 492 4261 intelligentia
503 4192 622 4245 conetur
632 4187 864 4261 apprehendere;
875 4191 903 4241 et
912 4187 985 4241 alius

130 4282 160 4339 id
172 4281 293 4349 facilius,
318 4279 391 4335 alius
408 4278 556 4334 difficilius
581 4278 678 4350 possit,
702 4277 774 4333 alius
793 4274 911 4331 omuino
927 4291 986 4331 uon

130 4370 221 4441 possit
237 4387 243 4426 ε
260 4385 326 4425 cum
350 4373 447 4423 tamen
468 4367 531 4438 ipsa
549 4367 701 4438 aequaliter
719 4365 853 4421 omuibus
868 4380 897 4418 se
910 4379 984 4435 pree·

129 4457 197 4514 beat
218 4458 379 4514 valentibus
403 4473 467 4512 eam
488 4471 605 4527 capere;
631 4471 685 4510 nec
703 4470 769 4510 cum
784 4469 848 4509 eam
863 4453 985 4525 quisque

130 4548 263 4620 percipit,
276 4548 306 4604 iu
326 4547 372 4603 sui
384 4545 562 4618 perceptoris
578 4545 660 4616 quasi
673 4544 844 4600 alimentum
857 4545 986 4597 vertatur

131 4641 217 4708 atque
238 4641 381 4704 mutetur3
406 4652 458 4690 uec
472 4652 538 4691 curn
552 4635 583 4691 iu
598 4650 632 4690 ea
646 4633 769 4705 quisque
789 4631 908 4699 fallitur,
923 4630 986 4702 ipsa

130 4724 254 4789 deficiat,
279 4725 328 4779 sed
352 4740 386 4779 ea
404 4740 471 4779 vera
494 4728 523 4779 et
538 4723 651 4795 integra
665 4725 864 4794 permanente,
882 4719 931 4776 ille
955 4719 985 4775 in

132 4826 229 4867 errore
242 4810 280 4865 sit
294 4815 374 4866 tauto
390 4811 525 4882 amplius,
541 4815 649 4883 quanto
665 4810 762 4866 minus
777 4825 840 4864 eam
855 4808 942 4864 ridet.

166 4902 212 4957 tt.
235 4901 272 4957 A.
298 4900 383 4955 Recte
398 4916 480 4968 saue;
503 4902 552 4956 sed
570 4900 654 4955 rideo
669 4903 697 4954 te
711 4902 848 4971 tanquam
864 4913 921 4952 non
936 4912 985 4950 ru-

131 4992 197 5048 dem
221 4991 326 5047 harum
347 5004 444 5042 rerum
468 4987 524 5042 cito
543 4988 687 5043 iuvenisse
703 4988 781 5058 quod
795 4987 904 5042 diceres
919 5002 926 5041 ε
942 4989 984 5040 ta-

131 5098 209 5151 men,
237 5080 261 5135 si
286 5078 339 5134 tibi
367 5076 469 5148 aliquis
494 5076 600 5131 diceret
626 5093 762 5132 numeros
784 5075 854 5131 istos
869 5091 928 5131 nou
950 5090 985 5130 ex

131 5171 228 5244 aliqua
250 5186 303 5226 sua
324 5170 435 5230 natura,
462 5166 560 5220 seder
576 5165 611 5220 iis
625 5166 712 5221 rebus
727 5181 798 5238 quas
818 5181 904 5220 seusu
920 5180 983 5218 cor·

130 5261 209 5334 poris
223 5258 402 5330 attingimus,
420 5255 575 5326 impressos
594 5271 655 5310 esse
669 5255 767 5310 animo
788 5257 887 5310 nostro
902 5252 984 5326 quasi

130 5350 270 5421 quasdam
293 5346 436 5419 imagines
455 5359 637 5416 quocumque
660 5343 830 5413 visibilium3
852 5343 921 5417 quid
934 5358 984 5398 re-

128 5477 177 5604 ug!
185 5475 248 5526 Bad.
263 5474 308 5525 Er.
322 5477 349 5525 et
357 5472 419 5524 tice.
435 5468 577 5530 sexdecim,
587 5467 983 5533 geedunmqutequcnoatrum

189 5559 235 5605 eet.

686 255 731 309 DE
752 251 883 308 LIBERO
901 250 1081 318 cuniculo,
1103 251 1130 308 S.
1152 249 1344 309 Auuusrlur
1834 256 1882 309 usi

1039 378 1216 449 sponderes‘?
1237 393 1275 433 au
1297 381 1328 432 tu
1354 392 1469 449 quoqne
1491 376 1524 432 id
1538 375 1657 450 petest
1672 377 1708 435 E.
1727 377 1808 431 Nullo
1820 380 1885 434 modo

1040 467 1070 522 id
1094 468 1255 539 putaverim
1280 484 1286 522 :
1316 467 1473 523 nonenim
1496 465 1635 522 sisausa
1649 466 1885 539 corporispereeei

1040 572 1185 623 numeros,
1208 556 1314 612 idcirco
1337 557 1423 611 etiam
1445 555 1596 611 rationem
1623 555 1795 627 partitionis
1808 572 1885 613 nume

1039 660 1138 701 rorum
1161 645 1205 699 vel
1225 644 1416 715 copulationis
1430 660 1519 700 seusu
1533 644 1676 715 corporis
1694 644 1839 716 percipere
1851 663 1887 718 pe-

1039 733 1091 789 tui.
1110 735 1166 789 Hac
1180 733 1258 788 enim
1279 735 1341 790 luce
1364 733 1469 790 mentis
1489 734 1599 790 refello
1618 749 1704 801 eum,
1721 734 1886 806 quisquisrd

1038 821 1069 877 iu
1093 821 1225 878 addendo
1240 822 1284 877 rel
1299 822 1329 877 iu
1352 823 1524 879 retrahendo
1539 823 1618 878 dum
1639 825 1797 893 computat
1808 823 1886 881 talen

1040 927 1183 966 summanr
1205 910 1422 967 renuntiaverit.
1446 913 1478 967 tu
1502 910 1657 984 quidquid
1678 927 1771 967 sensu
1784 913 1887 983 corpori

1040 1003 1139 1071 teugo,
1160 999 1250 1055 veluti
1270 1004 1315 1065 est
1333 1001 1388 1055 boc
1401 1001 1505 1056 eoelum
1530 1003 1562 1055 et
1585 1000 1654 1055 brec
1680 1004 1774 1067 terra,
1789 1005 1886 1073 etque·

1039 1103 1163 1160 cumque
1184 1088 1215 1143 in
1239 1088 1279 1143 eis
1294 1087 1351 1143 alia
1372 1105 1493 1160 corpora
1517 1087 1629 1156 sentio,
1647 1087 1797 1160 quamdiu
1815 1088 1889 1146 tutan

1040 1176 1098 1232 siut
1119 1176 1215 1232 nescio
1242 1183 1378 1249 :septem
1401 1183 1499 1233 autem
1523 1182 1553 1232 et
1579 1177 1641 1232 tria
1662 1177 1771 1233 decem
1789 1183 1889 1243 sunted

1039 1282 1098 1321 uon
1112 1267 1205 1322 solum
1215 1282 1302 1332 nuuc,
1313 1267 1360 1322 sed
1375 1266 1462 1322 etiam
1477 1282 1616 1337 semper;
1632 1282 1739 1338 neque
1751 1266 1812 1322 ullo
1825 1267 1889 1323 mod

1040 1354 1194 1426 aliquando
1209 1360 1317 1427 septem
1341 1355 1438 1410 atteia
1459 1370 1521 1410 nou
1534 1355 1666 1411 suerunt
1682 1355 1847 1421 decem,aut
1857 1356 1889 1412 eli

1039 1444 1154 1516 quaudo
1171 1448 1280 1515 septem
1297 1450 1324 1499 et
1338 1444 1393 1500 trie
1406 1460 1465 1500 nou
1480 1449 1569 1500 eruut
1594 1444 1716 1500 decem.
1743 1446 1821 1500 ilaue
1840 1461 1888 1517 erge

1039 1532 1288 1604 incorruptibilem
1302 1534 1415 1589 numeri
1430 1533 1585 1589 veritatem
1603 1535 1626 1602 ¹,
1642 1534 1710 1591 dixi
1725 1533 1801 1589 mibi
1812 1538 1838 1590 et
1847 1534 1889 1590 rai

1040 1623 1110 1679 libet
1124 1622 1310 1679 ratiocinanti
1322 1640 1382 1678 esse
1398 1638 1600 1680 communem.

1075 1713 1119 1766 22.
1134 1712 1171 1766 A.
1199 1712 1260 1767 lton
1275 1712 1375 1768 resisto
1390 1713 1443 1768 tibi
1462 1711 1619 1767 verissima
1633 1716 1667 1768 et
1690 1712 1891 1769 certissimam·

1039 1799 1203 1871 spondenti.
1216 1800 1270 1856 Sed
1284 1800 1363 1871 ipsos
1376 1817 1491 1874 quoque
1504 1817 1654 1857 numeros
1670 1818 1738 1858 non
1752 1819 1805 1874 per
1817 1819 1892 1876 corpo

1039 1887 1079 1944 ris
1101 1904 1201 1944 sensus
1222 1893 1353 1945 attractos
1375 1905 1436 1945 esse
1456 1889 1541 1945 facile
1556 1889 1692 1958 videbis,
1707 1891 1735 1945 si
1747 1891 1892 1963 cogitaretis

1039 1978 1198 2049 quemlibet
1213 1994 1366 2034 numerum
1381 1982 1425 2034 tot
1438 1978 1534 2033 vocari
1547 1978 1676 2050 quoties
1692 1995 1793 2035 uuum
1805 1981 1890 2036 habuc

1040 2066 1078 2122 rit
1107 2085 1114 2122 ε
1141 2068 1221 2123 verbi
1248 2067 1350 2139 gratim
1380 2068 1404 2122 si
1424 2067 1468 2122 bis
1492 2067 1637 2122 habuerit
1659 2084 1775 2139 unum,
1795 2068 1891 2124 duero

1040 2161 1156 2224 cautur;
1187 2156 1211 2211 si
1239 2160 1293 2224 ter,
1323 2156 1395 2224 tria,
1421 2160 1450 2210 et
1477 2155 1502 2210 si
1525 2155 1629 2211 decies
1664 2173 1769 2213 unum
1799 2158 1892 2221 babent

1040 2249 1108 2300 tunc
1145 2248 1284 2300 vocantur
1315 2245 1414 2301 decem
1443 2261 1451 2299 ι
1478 2249 1507 2299 et
1540 2244 1679 2316 quilibet
1708 2245 1830 2302 omniuo
1852 2263 1891 2302 ua·

1040 2349 1137 2389 merus
1167 2333 1280 2405 quoties
1307 2334 1394 2389 habet
1420 2348 1524 2401 uuum,
1548 2333 1625 2388 hinc
1649 2334 1701 2390 illi
1730 2351 1836 2391 nomeu
1852 2339 1890 2401 cst,

1041 2428 1070 2479 et
1083 2427 1126 2478 tot
1143 2424 1312 2495 appellatur.
1331 2425 1425 2479 Unum
1446 2438 1515 2479 vero
1535 2423 1684 2496 quisquis
1699 2425 1848 2481 serissime
1859 2440 1891 2479 ec-

1040 2511 1123 2584 gitat‚
1146 2513 1274 2584 protecto
1296 2512 1405 2568 invenit
1428 2512 1558 2583 eorporis
1586 2514 1734 2570 sensibus
1759 2531 1817 2570 uon
1832 2527 1892 2586 poss

1041 2600 1150 2657 sentiri.
1179 2600 1326 2673 Quidquid
1354 2601 1431 2656 euim
1454 2599 1506 2654 tali
1532 2614 1629 2656 seusu
1652 2602 1825 2675 attingitur,
1847 2602 1890 2672 jau

1040 2705 1099 2747 uon
1124 2706 1227 2761 unum,
1259 2690 1309 2745 sed
1335 2690 1428 2744 multa
1454 2705 1517 2743 esse
1541 2689 1749 2746 convincitur
1778 2708 1787 2746 z
1812 2704 1891 2761 corpas

1040 2785 1084 2836 est
1106 2779 1193 2846 enim,
1213 2783 1242 2834 et
1269 2778 1333 2835 idco
1358 2778 1444 2834 habet
1467 2777 1716 2834 innumerabiles
1742 2776 1892 2852 parteaSet

1040 2872 1074 2923 ut
1097 2867 1223 2922 minutas
1247 2883 1376 2939 quasque
1398 2865 1553 2938 minusque
1575 2868 1761 2924 articulatas
1778 2882 1892 2939 uouper

1040 2972 1155 3028 sequar,
1190 2957 1487 3028 quantulumcumque
1514 2955 1591 3012 illud
1621 2959 1835 3029 corpusculum
1859 2955 1891 3021 s't

1039 3045 1127 3101 habet
1140 3049 1216 3100 certe
1235 3045 1321 3100 aliam
1336 3049 1447 3117 partem
1462 3044 1735 3112 dexteram,aliam
1750 3047 1891 3108 sinistram

1040 3134 1127 3189 aliam
1147 3133 1335 3206 superiorem,
1355 3133 1441 3188 aliam
1456 3132 1650 3203 interiorem,
1668 3141 1726 3190 aut
1740 3135 1825 3191 aliam
1837 3135 1890 3188 ulte

1040 3222 1156 3291 riorem,
1179 3223 1266 3278 aliam
1292 3223 1469 3290 citeriorem
1498 3225 1550 3277 aut
1580 3221 1659 3278 alias
1685 3224 1806 3292 finales,
1826 3221 1892 3278 uun

1040 3312 1183 3367 mediam:
1198 3312 1260 3368 hoec
1274 3311 1351 3366 euim
1361 3326 1475 3366 necesse
1487 3315 1531 3366 est
1546 3312 1727 3382 quamlibet
1741 3314 1840 3385 exiguo
1850 3325 1892 3365 cor

1040 3401 1117 3473 poris
1140 3401 1256 3456 modulo
1278 3400 1369 3455 inesse
1392 3399 1549 3466 fateamur3
1568 3404 1602 3454 et
1617 3407 1791 3473 propterca
1803 3400 1891 3457 nullon

1040 3505 1143 3561 corpus
1157 3506 1222 3545 vere
1236 3504 1367 3561 puraque
1390 3504 1480 3543 unum
1500 3503 1561 3542 esse
1579 3491 1794 3558 concedimus,
1810 3492 1838 3545 in
1849 3502 1891 3560 qut

1039 3584 1139 3635 temen
1164 3594 1223 3634 uon
1248 3582 1365 3649 possent
1384 3581 1443 3632 tam
1464 3577 1556 3632 multa
1580 3580 1747 3634 numerari
1770 3577 1890 3635 nisiilliu

1039 3668 1126 3725 unius
1140 3668 1305 3740 cognitione
1318 3667 1449 3724 discreta.
1465 3667 1537 3722 Cum
1551 3667 1636 3722 enim
1652 3685 1767 3740 quaero
1783 3666 1890 3725 nnumin

1040 3773 1169 3829 corpore,
1184 3761 1213 3812 et
1227 3772 1273 3812 me
1292 3771 1351 3811 uon
1365 3755 1494 3811 inveniro
1508 3771 1569 3809 uon
1586 3755 1710 3824 dubito,
1730 3759 1801 3813 nori
1813 3756 1891 3827 utem

1040 3846 1111 3919 quid
1125 3845 1166 3901 ibi
1181 3861 1319 3918 quaeram,
1335 3849 1364 3901 et
1384 3844 1454 3916 quid
1475 3843 1516 3898 ibi
1539 3859 1603 3899 non
1624 3845 1799 3916 inveniam,
1814 3849 1892 3902 atnoe

1039 3950 1124 4007 posse
1142 3934 1276 3999 inveniri,
1299 3935 1344 3989 vel
1367 3933 1462 4005 potius
1477 3931 1600 3986 omniuo
1618 3931 1663 3987 ibi
1686 3951 1752 3989 non
1772 3950 1840 3989 esse.
1853 3929 1893 3986 ui

1041 4039 1111 4094 ergo
1127 4023 1194 4078 novi
1208 4023 1285 4094 quod
1299 4038 1359 4078 nou
1374 4026 1416 4077 est
1427 4036 1532 4091 corpus
1545 4036 1655 4087 uuum,
1673 4023 1753 4094 quid
1771 4024 1809 4078 sit
1822 4033 1893 4076 anon

1039 4111 1107 4167 nori
1122 4128 1129 4168 ε
1150 4127 1242 4166 uuum
1256 4111 1334 4167 euim
1348 4109 1373 4165 si
1387 4126 1446 4165 uon
1472 4125 1599 4176 nossem,
1623 4111 1730 4166 multa
1746 4112 1779 4166 in
1794 4121 1893 4181 comere

1039 4214 1192 4255 numerare
1230 4214 1288 4254 non
1316 4214 1440 4269 possem.
1470 4197 1655 4268 Ubicumque
1687 4204 1795 4257 autem
1820 4208 1895 4253 nunu

1039 4287 1181 4355 noverim,
1215 4303 1274 4343 nou
1308 4287 1407 4358 utique
1435 4301 1487 4357 per
1511 4285 1645 4356 corporis
1680 4304 1808 4343 sensum
1830 4283 1894 4347 nori3

1039 4376 1108 4450 quia
1134 4393 1187 4449 per
1212 4375 1340 4448 corporis
1365 4390 1481 4431 sensum
1507 4390 1565 4429 non
1602 4375 1676 4430 ueri
1711 4377 1772 4432 uisi
1796 4388 1894 4445 corpus,

1040 4465 1117 4537 quod
1141 4480 1206 4519 vere
1235 4480 1365 4535 pureque
1388 4479 1480 4519 uuum
1506 4478 1565 4518 uon
1596 4478 1662 4517 esse
1697 4464 1894 4520 convincimus.

1039 4555 1128 4610 Porro
1143 4553 1168 4608 si
1184 4570 1274 4609 uuum
1295 4569 1354 4609 nou
1376 4551 1556 4625 percepimus
1570 4553 1713 4622 corporis
1727 4569 1829 4620 sensu,
1844 4549 1895 4606 uul-

1039 4644 1100 4699 lum
1115 4658 1269 4698 numerum
1284 4659 1318 4698 eo
1333 4658 1418 4697 seusu
1428 4640 1623 4713 percepimus,
1635 4656 1750 4698 eorum
1766 4642 1894 4698 duntaxat

1039 4747 1228 4788 numerorum
1244 4747 1315 4804 quos
1329 4729 1520 4801 intelligentia
1533 4728 1701 4785 cernimus.
1711 4731 1738 4786 N
1741 4731 1821 4786 ullus
1832 4727 1896 4784 euim

1040 4827 1083 4877 est
1096 4838 1131 4877 ex
1146 4821 1193 4885 iis,
1208 4821 1259 4892 qui
1273 4836 1332 4876 non
1346 4824 1388 4875 tot
1402 4823 1529 4887 uocetur,
1553 4817 1671 4889 quoties
1695 4818 1790 4874 habet
1804 4830 1893 4881 uuum,

1040 4912 1122 4983 cujus
1147 4910 1294 4983 perceptio
1314 4909 1443 4982 corporis
1469 4923 1555 4964 seusu
1582 4921 1642 4963 uon
1672 4908 1720 4965 tit.
1746 4907 1895 4980 eujuslihct

1040 4999 1119 5056 euim
1134 4999 1294 5072 corpusculi
1308 5015 1374 5071 pars
1387 4997 1507 5054 dimidia
1530 4996 1647 5068 quantis
1664 4996 1787 5053 duabus
1812 5000 1893 5052 totum

1039 5092 1160 5156 constat,
1178 5088 1264 5144 habet
1280 5088 1382 5159 etipsa
1402 5085 1550 5142 dimidiam
1566 5099 1661 5140 suam.
1689 5084 1738 5141 Sic
1752 5101 1825 5157 ergo
1840 5084 1895 5137 suut

1038 5177 1096 5233 ilice
1120 5178 1184 5233 duae
1205 5182 1301 5248 partes
1321 5177 1351 5231 iu
1366 5190 1496 5247 corpore,
1520 5177 1554 5229 ut
1565 5189 1620 5229 uec
1638 5173 1715 5245 ipsae
1730 5171 1893 5246 simpliciter

1038 5266 1103 5322 duca
1118 5267 1188 5322 siut.
1207 5267 1349 5322 Numerus
1364 5269 1460 5320 autem
1475 5263 1524 5318 ille
1543 5262 1594 5335 qui
1607 5267 1733 5318 vocatur
1745 5263 1816 5331 duo,
1832 5275 1892 5332 que·
1907 5314 1910 5321 ,

1038 5356 1119 5413 uiam
1134 5355 1179 5411 bis
1194 5356 1280 5412 habet
1295 5354 1367 5411 illud
1380 5352 1459 5427 quod
1473 5351 1642 5423 simpliciter
1649 5367 1750 5408 unum
1765 5355 1820 5418 est,
1835 5362 1892 5422 pars

1039 5481 1125 5595 wtnin
1140 5478 1334 5544 antiquioribus
1342 5476 1466 5528 editionis
1475 5479 1502 5527 et
1507 5487 1606 5526 norem
1616 5474 1810 5537 bisanucrnerr'
1821 5471 1891 5525 nen·
