3884 6112
94 204 145 255 aaa

86 319 480 382 daramiuareuamanimam
491 333 594 383 meam,
609 315 754 387 diligendo
766 314 937 370 moriturum

88 432 121 471 ac
136 414 160 469 si
173 429 231 469 uon
244 410 440 467 moriturum?
455 406 573 463 blaxime
584 405 691 477 quippe
713 419 759 458 me
771 403 942 474 reparabant

90 507 176 573 atqua
190 500 358 554 recreabant
368 498 490 551 aliorum
503 495 659 549 amicorum
675 492 782 558 solatia,
797 507 862 545 cum
876 490 940 562 qui-

90 592 144 645 bus
160 589 291 644 amabam
303 587 378 658 quod
390 602 443 657 pro
453 591 480 639 te
495 584 624 637 amabam
638 599 644 636 :
657 586 685 635 et
699 581 825 635 hocerat
839 580 941 649 ingens

90 681 188 733 fabula
202 683 230 731 ct
245 679 365 747 longum
385 672 576 738 mendacium,
601 671 681 741 cujus
695 667 855 724 adulterina
874 684 941 723 cou-

91 766 240 820 fricatione
256 763 493 833 corrumpebatur
504 776 584 813 mens
594 768 690 812 nostra
703 757 835 829 pruriens
846 757 877 812 iu
890 773 942 811 au·

92 855 183 909 ribus.
200 854 253 908 Sed
276 853 325 906 illa
350 850 419 904 mibi
444 849 541 903 sabula
564 863 622 902 uon
639 846 823 908 moriebatur,
838 846 861 899 si
877 845 942 916 quis

92 944 250 998 amicorum
266 955 396 994 meorum
411 941 579 992 mereretur.
600 935 663 989 Alia
677 939 758 990 erant
770 951 834 1006 quae
850 934 879 987 in
901 933 942 988 eis

93 1030 217 1101 amplius
231 1029 381 1099 capiebant
400 1026 529 1081 animum
545 1042 551 1080 :
569 1024 693 1095 colloqui
708 1030 735 1077 ct
745 1023 898 1083 corridere,
914 1027 943 1076 ct

93 1113 216 1169 vicissim
230 1114 366 1168 benevole
382 1112 520 1182 obsequi3
538 1110 623 1164 simul
638 1109 732 1180 legere
752 1106 839 1161 libras
853 1102 941 1158 dulci-

93 1206 203 1275 loquos,
225 1202 310 1257 simul
326 1201 439 1272 uagari,
458 1206 487 1255 et
502 1199 586 1253 simul
613 1196 757 1252 honestari
771 1216 777 1262 3
793 1191 942 1249 dissentire

92 1293 236 1347 interdurn
247 1291 306 1346 siue
322 1291 546 1360 odio,tanquam
563 1287 621 1359 ipse
635 1287 720 1341 bomo
735 1301 840 1348 secum,
858 1285 941 1351 alque

92 1381 154 1452 ipsa
197 1380 342 1434 rarissima
379 1377 555 1432 dissensione
591 1375 705 1429 condire
742 1372 942 1427 consensiones

92 1468 233 1540 plurimas
247 1485 254 1533 ς
272 1469 371 1522 docere
383 1466 492 1538 aliquid
518 1465 649 1531 invicem,
667 1468 715 1517 ant
728 1464 832 1518 discere
848 1461 881 1515 ab
897 1460 941 1515 iu-

93 1558 193 1624 ricem,
211 1557 371 1611 desiderare
397 1556 528 1609 absentes
548 1570 612 1608 cum
637 1552 775 1617 molestia,
800 1549 942 1620 suscipere

94 1646 240 1701 venientes
255 1662 320 1699 cum
335 1645 434 1699 laetitia
452 1661 459 1699 ε
476 1644 519 1698 his
540 1647 624 1715 atque
639 1640 804 1712 hujusmodi
824 1638 912 1710 siguis
926 1653 943 1690 a

93 1735 176 1790 corde
191 1734 351 1789 amantium
373 1739 402 1787 et
420 1731 630 1787 redamantium
656 1729 876 1801 procedentibus
892 1743 943 1798 per

92 1841 132 1889 os,
149 1840 201 1894 per
216 1823 355 1893 linguam,
371 1837 422 1891 per
437 1821 544 1889 oculos,
561 1825 589 1875 et
607 1820 685 1873 mille
704 1823 800 1872 matus
815 1815 941 1888 gratissi-

95 1929 166 1985 mos,
183 1911 265 1983 quasi
280 1911 429 1967 fomitibus
442 1912 567 1964 contlare
581 1909 701 1976 animos,
718 1913 746 1963 et
763 1923 795 1962 ex
811 1906 942 1978 pluribus

94 2000 301 2056 uuumsacere.

436 2088 549 2143 CAPUT
569 2088 612 2142 ΙΧ.

165 2182 200 2234 lle
216 2178 337 2233 hemona
353 2180 485 2232 amicitia.
502 2179 599 2233 Beatos
612 2178 660 2246 qai
674 2181 748 2229 anmt
764 2176 792 2228 c‘n
807 2177 869 2229 Deo.

132 2270 171 2322 tl.
189 2269 246 2322 Hoc
261 2270 303 2320 cst
317 2266 394 2339 qaod
408 2265 538 2335 diligitur
549 2265 579 2318 in
595 2263 705 2333 amieis,
720 2268 748 2317 et
763 2263 785 2317 si
801 2262 941 2334 diligitur,

93 2360 125 2410 ut
138 2371 187 2410 rea
201 2354 255 2409 sibi
273 2355 310 2409 sit
328 2355 457 2409 bumana
470 2352 651 2421 couscientia,
677 2351 701 2406 si
723 2368 780 2407 nou
805 2352 943 2407 amaverit

93 2445 299 2508 redamantem,
316 2448 365 2498 aut
380 2443 403 2497 si
418 2448 562 2497 amantem
577 2458 635 2495 non
651 2441 857 2504 redamaverit,
871 2439 943 2495 nibil

95 2549 228 2603 quaerens
241 2549 274 2586 ex
286 2534 347 2605 ejus
358 2548 476 2603 corpore
491 2535 595 2601 praeter
608 2529 714 2583 iudicia
727 2528 941 2584 benevolentiae.

97 2621 167 2676 Hinc
183 2621 230 2675 ille
246 2622 348 2687 luctus,
364 2620 387 2674 si
410 2620 475 2692 quis
498 2619 652 2680 moriatur;
668 2623 696 2672 et
718 2618 842 2672 tenebrae
864 2618 944 2673 dolo·

95 2726 173 2778 rum,
188 2715 216 2764 et
231 2726 310 2764 versa
335 2709 484 2765 dulcedine
499 2708 529 2762 in
543 2706 767 2762 amaritudinem
785 2723 833 2761 cor
852 2705 942 2760 madi-

94 2800 172 2862 dum,
192 2803 221 2853 et
234 2815 265 2852 ex
282 2798 386 2853 omissa
402 2798 460 2853 rita
475 2797 658 2852 morientium
675 2812 753 2850 rnors
776 2795 941 2849 viventium.

96 2891 197 2945 Beatus
217 2888 266 2958 qui
282 2892 359 2943 amat
382 2891 419 2952 te,
443 2891 471 2941 et
489 2885 612 2940 amicum
640 2884 670 2939 in
695 2888 734 2951 te,
751 2888 779 2939 et
794 2882 944 2937 inimicam

92 2982 212 3049 propter
226 2983 264 3031 te.
277 2976 359 3031 Solus
378 2975 454 3030 enim
475 2976 587 3030 uallum
608 2975 725 3028 abarum
757 2972 871 3038 amittit,
898 2971 944 3026 cui

95 3082 197 3121 omnes
216 3065 245 3120 iu
259 3065 308 3119 illo
324 3065 489 3131 charisuut,
499 3063 772 3136 quinonamittitnr.
785 3063 818 3117 Et
831 3061 945 3133 quisest

95 3157 159 3218 iste,
175 3155 231 3209 nisi
243 3156 316 3209 Deus
327 3160 434 3220 noster,
450 3155 523 3208 Deus
538 3152 587 3225 qui
602 3151 780 3207 fecitcoelum
796 3156 824 3205 et
838 3155 943 3204 terram

96 3250 125 3298 et
138 3243 240 3313 implet
257 3259 300 3308 ea,
327 3241 394 3312 quia
424 3241 570 3311 implendo
594 3257 627 3294 ca
645 3240 711 3295 fecit
734 3242 790 3294 aa?
806 3241 843 3294 Te
860 3256 944 3294 uerno

96 3331 210 3396 amittit,
226 3330 280 3385 uisi
291 3330 341 3401 qui
356 3328 496 3385 dimittit:
519 3334 546 3383 et
560 3328 610 3400 qui
631 3328 759 3393 dimittit,
775 3344 832 3399 quo
849 3327 879 3390 it,
896 3332 946 3382 aut

97 3437 154 3491 quo
169 3419 253 3490 fugit,
276 3419 332 3474 uisi
346 3435 362 3474 a
376 3421 404 3473 te
418 3417 531 3489 placida
546 3417 581 3471 ad
607 3421 635 3471 te
659 3416 763 3470 iratum
774 3417 787 3470 ἱ)
809 3417 880 3470 Nam
895 3414 945 3469 ubi

98 3525 157 3564 nau
169 3509 277 3564 iurauit
293 3509 385 3581 legem
404 3510 483 3562 tuam
498 3507 527 3561 iu
543 3522 628 3578 poena
642 3504 715 3560 sua‘?
731 3507 761 3560 Et
778 3506 821 3560 lex
835 3509 884 3558 tua
898 3520 946 3558 re·

98 3598 177 3666 ritas,
192 3601 220 3652 et
233 3597 337 3652 veritas
351 3601 394 3653 ta.

436 3693 550 3749 CAPUT
574 3694 603 3746 X.

120 3783 227 3838 labiles
240 3787 381 3847 creatura,
392 3797 438 3835 nac
452 3783 481 3835 ia
496 3783 532 3834 cis
544 3785 632 3849 potest
646 3780 738 3833 arsinoa
750 3779 922 3847 requiescere.

138 3874 178 3924 15.
201 3871 275 3924 Deus
289 3869 439 3936 virtutum,
455 3873 586 3922 converte
602 3883 653 3921 uos
673 3871 701 3921 et
715 3866 831 3921 ostende
846 3866 946 3920 facicm

99 3964 219 4013 tuamet
243 3957 312 4011 salvi
335 3956 441 4010 erimus
455 3957 535 4026 (Psal.
553 3971 659 4021 cxxxiv,
681 3957 718 4021 t).
736 3955 806 4008 Nam
821 3971 947 4025 quoquo·

95 4064 208 4102 cersirm
223 4064 252 4102 se
267 4046 384 4102 verterit
402 4045 499 4100 anima
510 4045 646 4114 heminis,
660 4045 693 4099 ad
711 4044 824 4100 dolores
850 4043 948 4115 ligitur

98 4137 167 4192 alibi
181 4143 373 4209 praeterquam
398 4135 429 4189 in
458 4140 504 4201 tc;
520 4135 633 4189 tametsi
652 4134 750 4205 figitur
777 4134 807 4189 in
821 4133 948 4204 pulchris

98 4233 178 4282 extra
192 4233 220 4283 te
239 4233 267 4282 et
282 4232 361 4280 extra
374 4241 416 4280 se.
435 4224 504 4288 Qua
519 4229 616 4278 tamen
633 4225 710 4278 nulla
724 4228 819 4278 essent
833 4222 888 4277 nisi
904 4239 947 4276 cs-

100 4321 163 4372 sent
178 4317 227 4371 abs
247 4322 284 4379 te,
312 4314 525 4386 qamoriuntur
552 4318 581 4366 et
606 4312 747 4379 occidunt,
777 4317 806 4367 et
830 4311 949 4366 oriendo

101 4403 256 4474 quasiasse
276 4401 429 4472 incipiunt,
449 4405 478 4455 et
496 4404 627 4454 crescunt
650 4405 681 4455 ut
705 4400 899 4470 perficiantur,
923 4402 951 4452 et

101 4492 227 4561 perlecta
241 4494 393 4545 senescunt
416 4493 444 4544 et
469 4489 615 4543 intereunt
630 4505 636 4542 :
652 4494 680 4542 et
698 4505 755 4543 non
772 4492 780 4525 ¹
796 4488 892 4543 omnia
906 4506 950 4542 se·

99 4584 227 4647 uescunt,
246 4586 274 4635 et
288 4580 385 4635 onmia
406 4579 559 4634 intereunt.
591 4579 663 4647 Ergo
687 4594 750 4633 cum
767 4577 898 4632 oriuntur
922 4581 950 4633 et

100 4668 222 4726 tendunt
235 4686 313 4737 esse;
330 4686 386 4741 quo
402 4669 493 4740 magis
505 4667 635 4723 celeriter
649 4671 779 4722 crescunt
792 4671 824 4722 ut
836 4666 901 4732 sint,
916 4684 949 4721 ea

97 4759 188 4830 magis
203 4760 337 4815 lesliuaut
352 4769 383 4814 ut
407 4775 465 4814 uou
488 4758 547 4812 siut
563 4774 570 4813 :
585 4756 625 4812 sie
647 4761 689 4811 est
713 4756 814 4810 modus
839 4772 947 4810 eorum.

97 4849 219 4903 Tantum
234 4848 338 4902 dedisti
353 4847 403 4915 eis,
421 4848 487 4920 quia
505 4853 600 4919 partes
615 4850 682 4902 suut
696 4860 803 4911 rerum,
819 4861 882 4915 quae
892 4861 950 4899 nou

99 4944 166 4993 sunt
195 4952 295 4991 ornnes
324 4936 495 5003 simul;sed
523 4936 689 4992 decedendo
717 4950 749 4989 ae
777 4934 952 4989 succedendo

100 5030 190 5098 agant
203 5041 302 5080 omues
323 5025 499 5092 universum,
523 5026 604 5097 cujus
626 5030 722 5096 partes
737 5028 812 5077 sunt.
831 5024 898 5077 Ecce
913 5022 952 5077 sic

100 5115 249 5188 peragitur
261 5120 289 5169 et
304 5130 397 5169 sermo
419 5121 516 5170 uester
536 5132 588 5187 per
616 5115 697 5185 signa
719 5112 864 5168 sonantia.
891 5113 952 5167 Nou

97 5205 240 5263 animarit
253 5210 329 5260 totus
344 5220 437 5258 sermo
452 5204 475 5258 si
492 5220 584 5259 unum
606 5203 725 5258 verbum
746 5219 801 5257 uon
829 5201 952 5255 decedat

100 5313 163 5351 eum
175 5295 303 5351 senuerit
316 5298 412 5365 partes
438 5308 512 5358 suas,
535 5296 566 5346 ut
581 5293 711 5347 succedat
733 5290 821 5346 aliud.
842 5289 951 5345 Laudat

118 5407 136 5472 ¹¹
155 5403 296 5465 Sequimur
310 5403 386 5457 Mas.;
405 5400 432 5448 iu
445 5398 509 5447 auo.
526 5413 613 5462 parra,
630 5399 735 5448 sublata
749 5398 899 5459 nepotiane,
914 5395 952 5445 le-

99 5469 168 5515 artur
184 5480 189 5512 ι
208 5467 311 5515 Etenim
327 5463 416 5514 orrrnla
428 5467 571 5512 recrescunt.

688 190 958 247 rt'ls'l‘rssstos'tssst
980 190 1006 244 S.
1033 190 1236 246 ⁴lUGUS'l'lNl.
1799 192 1843 244 ‘illl

997 319 1025 369 te
1037 330 1071 369 ex
1087 312 1144 369 illis
1161 313 1258 368 anima
1274 329 1349 385 mea,
1366 315 1559 370 Deuscreator
1570 312 1784 381 omniasancti
1797 330 1845 370 uer

997 404 1026 459 iu
1052 403 1093 457 eis
1112 402 1251 475 inligatur
1266 403 1376 473 glutine
1392 403 1499 458 amoris
1524 419 1579 475 per
1598 417 1703 458 sensus
1716 405 1844 474 corporis.

997 495 1071 548 Eunt
1085 493 1163 547 enim
1184 509 1242 564 quo
1257 492 1348 559 ibant,
1373 497 1480 547 utnon
1504 493 1564 548 sint
1585 494 1605 559 ¹,
1623 497 1652 548 et
1665 491 1847 548 conscindunt

997 598 1060 637 earn
1076 581 1225 637 desideriis
1240 581 1452 652 pestilentiosis,
1468 581 1610 654 quoniam
1631 580 1698 652 ipsa
1709 595 1771 635 esse
1784 583 1845 637 rult.

997 677 1026 726 et
1040 671 1218 743 requiescere
1237 676 1314 724 amat
1334 670 1420 724 ineis
1438 687 1503 742 qam
1518 674 1611 725 amat.
1631 671 1666 725 lu
1688 669 1746 724 illis
1761 676 1847 726 auteur

996 777 1055 815 non
1075 765 1117 814 est
1137 759 1200 814 ubi:
1218 759 1284 831 quia
1300 775 1356 813 non
1371 764 1456 824 stant,
1472 758 1604 831 lugiunt;
1628 761 1658 813 et
1676 757 1743 829 qnis
1759 774 1793 812 ea
1811 775 1847 813 se

998 849 1096 922 quitur
1112 866 1195 903 sensu
1220 849 1332 903 caruis‘?
1354 853 1403 902 urst
1426 849 1490 918 quis
1512 864 1545 902 ea
1559 847 1796 920 comprehendit,
1811 827 1848 902 s'el

998 955 1062 993 curn
1087 943 1192 1011 presto
1216 941 1304 992 sunt?
1327 937 1435 991 Tardus
1457 941 1500 992 est
1521 936 1601 991 euim
1626 951 1734 991 sensus
1753 937 1848 1001 caruis

998 1027 1136 1098 quoniam
1162 1042 1261 1080 sensus
1274 1025 1368 1080 caruis
1390 1029 1442 1091 est,
1463 1029 1492 1079 et
1505 1024 1567 1094 ipse
1590 1029 1637 1079 est
1660 1023 1771 1079 modus
1785 1025 1848 1095 ejus.

997 1115 1106 1170 Subicit
1130 1115 1164 1170 ad
1189 1114 1267 1169 aliud
1283 1115 1316 1169 ad
1333 1114 1407 1185 quod
1422 1113 1512 1168 lactus
1534 1118 1594 1168 est:
1612 1113 1651 1169 ad
1673 1112 1848 1168 illudentem

998 1222 1056 1260 nan
1067 1204 1182 1272 suflicit,
1198 1208 1230 1258 ut
1241 1207 1357 1258 teneant
1369 1203 1595 1257 transcurrentia
1609 1201 1648 1257 ab
1665 1201 1752 1256 initio
1762 1202 1849 1258 debita

997 1311 1088 1366 usque
1101 1294 1136 1348 ad
1151 1294 1238 1348 linem
1255 1293 1392 1347 debitum.
1405 1294 1437 1347 lu
1447 1293 1536 1347 rerba
1548 1291 1630 1346 enim
1643 1296 1700 1346 tuo
1713 1306 1767 1363 per
1780 1293 1848 1362 quod

997 1388 1140 1449 creantur,
1155 1383 1194 1436 ibi
1208 1383 1341 1438 audiunt:
1360 1381 1439 1445 ilinc,
1455 1385 1483 1435 et
1498 1381 1664 1452 bucusque.

1340 1472 1452 1526 enarr
1466 1471 1508 1525 xl.

1033 1566 1130 1618 Omnia
1142 1567 1232 1616 crocata
1248 1566 1311 1615 snrrt
1325 1561 1474 1615 instabilia.
1489 1559 1786 1616 Solustleusatabr'lr's.

1037 1657 1076 1706 lo.
1095 1651 1159 1706 Noli
1181 1667 1241 1704 esse
1265 1666 1347 1714 rana,
1369 1649 1465 1704 anima
1488 1666 1565 1704 mea.
1593 1654 1624 1704 et
1650 1648 1847 1705 obsurdescere

998 1742 1028 1796 in
1048 1757 1115 1795 aure
1130 1741 1232 1804 cordis,
1257 1739 1382 1793 tumultu
1404 1739 1536 1794 vanitatis
1561 1741 1631 1793 tuae.
1661 1737 1741 1794 Audi
1760 1743 1789 1792 et
1808 1742 1845 1794 tu:

997 1830 1122 1885 Verbum
1138 1829 1231 1898 ipsum
1241 1829 1344 1882 clamat
1355 1832 1386 1882 ut
1396 1828 1512 1894 redeas,
1527 1833 1556 1883 et
1572 1827 1613 1882 ibi
1629 1832 1677 1882 est
1690 1828 1847 1899 lacusquie·

996 1919 1032 1974 tis
1054 1917 1305 1988 imperturbabilis,
1321 1917 1369 1971 ubi
1385 1933 1443 1971 non
1466 1917 1608 1972 deseritur
1630 1933 1728 1987 amor,
1754 1917 1778 1971 si
1795 1917 1846 1989 ipse

997 2025 1055 2063 non
1077 2008 1199 2062 deserat.
1224 2006 1290 2060 Ecce
1313 2006 1361 2060 illa
1382 2006 1541 2072 discedunt,
1564 2011 1595 2061 ut
1616 2006 1678 2061 alia
1692 2006 1844 2064 succedant.

998 2102 1026 2153 et
1047 2096 1180 2152 amnibus
1199 2095 1257 2149 suis
1276 2095 1404 2166 partibus
1422 2100 1533 2150 constet
1550 2094 1654 2149 intima
1669 2095 1843 2150 universitas.

999 2185 1144 2258 Numquid
1166 2200 1219 2255 ego
1243 2184 1340 2256 aliqua
1363 2184 1487 2247 discedo,
1512 2185 1551 2239 ait
1574 2185 1705 2239 Verbum
1725 2184 1793 2239 Dei?
1810 2185 1844 2239 lbi

998 2279 1054 2348 liga
1076 2275 1255 2331 mansionem
1272 2279 1366 2330 tuam:
1387 2274 1427 2329 ibi
1441 2274 1610 2329 commenda
1626 2273 1774 2347 quidquid
1787 2273 1843 2327 iude

998 2368 1097 2433 habes,
1116 2364 1212 2419 anima
1235 2380 1310 2427 mea,
1330 2365 1431 2417 saltem
1446 2362 1564 2433 fatigata
1583 2362 1720 2417 fallaciis.
1735 2361 1842 2416 Veritati

998 2453 1168 2507 commenda
1180 2452 1382 2524 quidquidtibi
1396 2455 1438 2506 est
1452 2451 1606 2516 averitate,
1618 2436 1657 2505 'et
1676 2468 1738 2506 uon
1753 2453 1843 2523 perdes

1000 2543 1122 2614 aliquid;
1147 2548 1176 2598 et
1197 2545 1380 2597 reflorescent
1402 2540 1498 2610 putria
1522 2544 1582 2608 lua,
1617 2545 1648 2594 et
1674 2541 1844 2596 sanabuntur

999 2648 1099 2687 ornnes
1114 2632 1265 2703 languores
1280 2631 1333 2699 tui,
1349 2635 1377 2685 et
1399 2631 1474 2683 llura
1487 2635 1537 2684 tua
1556 2630 1805 2698 reformabuntur,
1822 2635 1844 2684 et

999 2721 1220 2787 renovabuntur,
1238 2725 1267 2774 et
1285 2719 1517 2789 constringentur
1531 2717 1566 2772 ad
1581 2723 1625 2772 te:
1647 2725 1677 2772 et
1690 2736 1750 2775 non
1765 2725 1791 2774 te
1803 2719 1842 2773 de

998 2814 1109 2881 ponent
1123 2826 1180 2880 quo
1197 2809 1388 2870 descendunt:
1411 2809 1461 2862 sed
1484 2808 1601 2862 stabunt
1621 2811 1733 2873 tecum,
1749 2814 1777 2863 et
1790 2824 1843 2880 pcr-

998 2900 1156 2955 manebuut
1167 2899 1203 2953 ad
1221 2913 1334 2969 semper
1348 2900 1470 2952 stantem
1481 2900 1745 2967 acpermaneirtem
1755 2898 1841 2953 Deum.

1040 2993 1079 3043 l7.
1098 2987 1201 3058 thuid
1218 3003 1350 3057 perversa
1363 2985 1489 3057 sequeris
1504 3000 1621 3039 carnem
1636 2987 1741 3040 tuam?
1755 2987 1842 3058 lpsate

1000 3080 1135 3147 sequatur
1149 3091 1294 3130 conversa.
1306 3074 1450 3145 Quidquid
1461 3074 1603 3145 perillam
1615 3073 1717 3140 sentis,
1731 3074 1762 3130 in
1774 3079 1842 3145 parte

1000 3170 1056 3220 est:
1073 3169 1100 3219 et
1113 3165 1228 3236 ignoras
1243 3168 1335 3218 totum
1353 3164 1433 3234 csrjus
1451 3163 1496 3217 lrae
1512 3166 1608 3233 partes
1625 3167 1710 3229 sunt;
1735 3169 1763 3218 et
1776 3163 1840 3218 dele·

1001 3259 1077 3308 etant
1091 3259 1119 3307 te
1141 3257 1247 3308 tamen.
1269 3253 1323 3307 Sed
1348 3253 1371 3306 si
1395 3252 1429 3307 ad
1453 3257 1545 3307 totum
1569 3252 1840 3323 comprebedendan

1001 3347 1075 3398 esset
1097 3342 1217 3398 idoneus
1236 3358 1334 3397 sensns
1357 3341 1450 3396 caruis
1471 3346 1538 3404 tuce,
1556 3357 1589 3395 ac
1615 3357 1675 3395 non
1698 3348 1729 3396 et
1751 3341 1840 3412 ipsein

1001 3438 1081 3505 parte
1091 3430 1217 3486 uuirarsi
1228 3431 1383 3501 accepisset
1391 3446 1442 3501 pro
1453 3445 1538 3501 paena
1547 3433 1595 3483 tua
1602 3429 1717 3500 justum
1725 3430 1839 3493 niodum,

1001 3522 1088 3576 selles
1104 3526 1135 3574 ut
1159 3519 1294 3575 transiret
1317 3520 1454 3590 quidquid
1471 3518 1566 3572 existit
1587 3518 1616 3572 iu
1642 3519 1840 3589 praesentiant

1002 3610 1093 3681 magis
1109 3609 1160 3664 tibi
1176 3608 1274 3662 omnia
1296 3609 1452 3679 placerent.
1468 3609 1540 3662 Nam
1560 3612 1588 3660 et
1600 3606 1681 3677 quod
1700 3606 1839 3677 loquimar.

1002 3715 1054 3769 per
1069 3698 1202 3752 eumdem
1217 3711 1333 3751 sensum
1350 3696 1442 3750 caruis
1458 3695 1540 3750 audis
1551 3714 1559 3761 3
1572 3699 1600 3748 et
1615 3710 1675 3748 uon
1697 3695 1739 3749 ris
1757 3694 1839 3763 utique

1003 3793 1077 3842 stare
1093 3787 1224 3858 syllabas,
1239 3786 1287 3841 sed
1303 3786 1487 3851 transvolare,
1504 3789 1537 3838 ut
1551 3783 1615 3836 alim
1630 3783 1760 3851 veniant,
1770 3787 1795 3836 et
1807 3788 1838 3834 to·

1003 3882 1064 3932 tum
1077 3876 1184 3931 audias.
1208 3876 1259 3940 lta,
1273 3890 1387 3946 semper
1401 3872 1498 3928 omnia
1517 3872 1624 3943 quibus
1640 3888 1734 3927 uuum
1748 3868 1839 3941 aliquid

1003 3970 1123 4029 constat,
1144 3970 1244 4020 elnon
1267 3964 1352 4019 simul
1368 3967 1435 4017 sunt
1449 3961 1545 4017 omnia
1560 3977 1594 4015 aa
1609 3960 1718 4032 quibus
1732 3961 1838 4015 constat:

1003 4056 1067 4127 plus
1079 4054 1221 4109 delectant
1236 4052 1333 4107 omnia
1349 4067 1434 4124 quam
1449 4050 1574 4122 singula.
1590 4049 1613 4103 si
1626 4048 1742 4120 possint
1757 4043 1840 4102 sentiri

1004 4144 1113 4198 omnia.
1138 4142 1192 4198 Sed
1208 4143 1293 4213 longe
1307 4140 1352 4195 bis
1366 4139 1469 4194 melior
1483 4138 1533 4210 qui
1547 4138 1613 4193 lecit
1628 4137 1740 4206 amnia,
1753 4141 1780 4191 et
1792 4136 1840 4206 ipse

1004 4238 1046 4288 est
1063 4235 1136 4287 [laus
1155 4234 1264 4286 noster:
1291 4234 1319 4284 et
1342 4244 1400 4284 nau
1422 4227 1551 4292 discedit,
1576 4225 1646 4297 quia
1660 4242 1715 4281 nee
1729 4223 1843 4279 succedi·

1004 4329 1052 4378 tnr
1065 4322 1100 4376 ei.

1335 4407 1448 4462 CAPl'T
1465 4406 1521 4460 Xll.

1006 4505 1090 4558 Arnas·
1110 4515 1164 4553 non
1178 4498 1358 4568 intepretatur,
1373 4496 1451 4550 modo
1468 4497 1497 4549 in
1519 4494 1561 4548 liis
1581 4510 1641 4562 qna
1651 4495 1772 4564 placent,
1784 4506 1845 4546 ane·

1345 4597 1404 4637 mas
1420 4585 1510 4636 neam.

1043 4680 1085 4732 la.
1101 4675 1129 4730 Si
1146 4675 1258 4745 placent
1273 4688 1403 4743 corpora,
1421 4673 1511 4726 Deum
1535 4685 1570 4724 ex
1589 4669 1647 4723 illis
1667 4669 1765 4737 lauda,
1785 4667 1846 4722 etin

1006 4752 1143 4821 artilicem
1155 4779 1253 4818 earum
1267 4767 1398 4834 retorque
1414 4773 1557 4827 amorem3
1572 4775 1608 4813 ue
1624 4759 1655 4812 in
1668 4759 1715 4813 bis
1730 4774 1793 4830 quae
1802 4753 1846 4810 tibi

1006 4858 1128 4928 placent,
1144 4859 1175 4908 tu
1190 4852 1347 4924 displiceas.
1357 4851 1386 4906 Si
1400 4851 1513 4922 placent
1525 4849 1641 4915 auimae,
1653 4848 1685 4903 in
1696 4850 1754 4904 [leo
1764 4860 1846 4904 amen

1006 4953 1053 5000 tur
1062 4962 1068 4998 :
1077 4943 1143 5016 quia
1153 4943 1255 5014 etipsoe
1263 4939 1569 5005 mutabilessunt,etin
1580 4937 1844 4994 illollxaestabiliuu·

1007 5040 1069 5100 tur;
1079 5032 1208 5104 alioquin
1220 5032 1294 5086 irent
1304 5035 1333 5085 et
1344 5029 1480 5101 perirent.
1492 5028 1524 5083 lu
1534 5028 1583 5082 illo
1592 5044 1661 5100 ergo
1673 5024 1845 5091 amentum

1006 5139 1075 5194 rape
1091 5122 1125 5176 ad
1139 5138 1205 5175 aum
1222 5126 1316 5175 tecum
1331 5136 1403 5191 quas
1418 5124 1508 5191 patos,
1521 5116 1605 5171 etdic
1619 5117 1677 5172 eis:
1693 5119 1843 5172 Huncame

1007 5230 1080 5274 nins,
1096 5211 1172 5265 bunc
1184 5226 1331 5264 amemus:
1348 5209 1407 5280 ipse
1427 5207 1493 5262 lecit
1505 5207 1576 5265 haec.
1593 5211 1691 5261 etnou
1707 5212 1751 5262 est
1762 5205 1834 5272 longe

1009 5306 1069 5359 Non
1084 5301 1161 5356 enim
1175 5300 1240 5355 lecit
1251 5303 1336 5370 atqua
1346 5297 1427 5367 abiit,
1438 5297 1486 5352 sed
1497 5306 1531 5350 ex
1540 5296 1589 5350 illo
1599 5294 1629 5349 in
1641 5295 1691 5350 illo
1702 5299 1776 5349 suut.
1788 5293 1841 5346 Erre

1043 5460 1047 5491 ¹
1065 5457 1124 5505 slas.
1142 5461 1202 5504 tres:
1221 5455 1290 5504 Enrrt
1304 5456 1371 5502 enlm
1386 5454 1494 5515 qnotnl
1506 5463 1556 5498 non
1569 5449 1633 5499 siret.
