3884 6112
80 213 150 268 1011
822 225 930 285 LIBER
953 226 1129 297 Quantus
1764 239 1832 295 loto

75 335 204 390 damnat.
232 331 263 392 l'd
279 337 366 394 etiam
387 339 419 395 in
434 342 544 398 ceteris
558 361 643 400 sensu
664 348 829 420 explorante
844 351 926 409 133113
980 354 1108 425 33331331
1125 371 1189 426 333
1205 358 1300 410 tamen
1315 357 1427 427 plausu,
1442 357 1470 413 id
1486 363 1529 413 est
1543 361 1682 416 levatione
1706 378 1739 417 ac
1754 365 1830 435 posi·

73 429 118 478 ast
131 425 265 496 experiri.
291 427 373 482 113113
389 445 514 502 namque
538 435 697 490 certissima
721 443 773 504 est,
792 455 857 494 cum
872 441 924 496 sibi
982 443 1061 498 tione
1075 443 1255 499 conveniant.
1272 444 1387 500 liiversa
1401 449 1467 500 suut
1483 452 1579 502 autem
1595 449 1638 503 rel
1655 452 1827 521 quantitate,

74 513 401 586 copulantnrquiinter
426 535 455 572 se
483 526 551 576 sunt
575 524 750 595 copulabiles
764 528 859 598 pedes,
879 545 926 585 aas
980 536 1091 585 uicum
1102 533 1826 608 majoracoputanturminoribusqualiaistasnut,

73 605 172 671 partes
187 602 290 658 debere
306 604 336 658 in
351 605 407 660 fine
422 607 557 679 subjungi
585 626 650 681 qum
675 614 810 669 omuibus
824 632 924 672 33333-
980 618 1132 674 videlicet:

75 689 161 743 31331
175 689 205 743 13
220 690 269 745 1113
283 692 355 746 33313
370 695 524 763 3311333113,
543 713 578 750 33
591 698 667 753 13133
681 700 773 756 333133
784 704 924 774 quodam·

75 778 164 833 modo
179 778 328 834 discordias
345 782 454 853 aliquid
469 784 588 841 oriatur.

113 869 157 921 33.
169 867 241 922 11133
254 869 346 939 magis
362 870 524 927 mirandum
539 878 591 942 est,
606 877 683 946 quod
699 893 764 933 cum
783 881 926 952 spondeus

75 959 105 1008 et
115 955 481 1015 diiambumetdiehorium
492 963 615 1018 suaviter
625 965 746 1034 claudat,
756 973 926 1026 tamencum

72 1043 105 1097 hi
120 1043 178 1099 duo
194 1044 281 1114 pedes
294 1044 352 1100 sive
376 1047 438 1114 soli,
464 1050 523 1104 sira
551 1053 694 1107 corneliis
718 1056 926 1127 copulabilibus

71 1148 189 1203 quoquo
207 1134 291 1188 modo
307 1135 504 1191 mixtisinuna
518 1140 590 1194 serie
605 1142 722 1211 fuerint,
739 1147 884 1216 33333333
895 1148 924 1204 13

72 1219 142 1284 1133,
156 1221 334 1292 approbante
361 1239 457 1292 sensu,
474 1228 616 1297 peninon
631 1236 733 1301 potest.
764 1234 832 1298 Quis
848 1236 925 1291 enim

73 1307 185 1362 dubitet
197 1324 280 1363 aures
295 1309 417 1366 libenter
432 1314 559 1386 accipere
576 1316 628 1370 1313
653 1318 768 1390 singula
792 1323 924 1393 repetita,

77 1396 208 1450 Timendo
232 1413 274 1452 res
289 1413 342 1452 333
358 1404 413 1454 est:
444 1403 556 1458 etitem
571 1407 736 1476 separatim,
751 1410 926 1467 ι1333113333

76 1483 152 1539 noti?
170 1487 206 1539 At
220 1484 244 1538 31
265 1485 304 1540 113
317 1488 433 1559 jungas,
451 1492 581 1547 Timeudo
595 1509 649 1563 res,
671 1496 731 1565 jam
747 1499 838 1554 timere
852 1502 909 1556 3311
917 1519 925 1571 ;

77 1571 132 1625 3131
148 1571 177 1626 13
192 1573 285 1628 331313
300 1576 428 1632 33311333
453 1579 551 1634 333133
566 1583 666 1638 nolim.
690 1575 746 1640 Nec
770 1587 926 1646 absurdum

76 1659 172 1714 minus
187 1666 239 1731 est,
254 1662 277 1716 si
305 1663 509 1735 quolibetloco
536 1670 625 1725 alium
651 1678 812 1743 connectas,
836 1678 925 1733 veluti

75 1747 231 1802 molossum
245 1749 300 1804 hoc
315 1752 418 1807 modo:
440 1757 490 1809 Vir
502 1758 594 1823 fortis,
617 1761 736 1816 timendo
746 1779 802 1832 res,
813 1766 874 1835 jam
889 1768 925 1821 ti·

74 1850 146 1890 mere
159 1837 224 1891 noli.
238 1838 285 1891 Vel
300 1838 355 1893 ita:
375 1842 504 1898 Timeudo
519 1861 572 1912 res,
587 1850 632 1900 vir
654 1851 747 1916 sortis,¹
756 1852 817 1921 jam
833 1856 926 1910 timere

75 1923 142 1977 noli.
159 1924 207 1978 Vel
223 1926 309 1980 etiam
322 1927 380 1983 ita:
399 1931 528 1986 Timcurio
537 1950 590 2000 res,
598 1936 659 2004 jam
671 1939 763 1993 timere
776 1943 821 1995 uir
843 1944 925 2008 fortis

76 2012 141 2066 uoti.
158 2013 244 2084 Cujus
260 2015 440 2072 absurditatis
454 2035 538 2076 causa
552 2028 604 2088 est,
619 2025 697 2094 qood
719 2042 769 2096 pes
784 2027 926 2085 diiambus

77 2101 165 2155 etiam
178 2101 213 2157 33
229 2102 349 2174 duplum
362 2107 531 2178 etsimplum
542 2111 641 2181 plaudi
652 2118 756 2183 potest,
771 2116 846 2170 3133
861 2117 926 2172 sim·

77 2188 160 2258 plum
173 2193 200 2244 et
215 2190 336 2262 duplum
361 2193 505 2250 dichorius
522 2214 528 2251 τ
554 2200 698 2268 33333333
718 2206 816 2258 autem
830 2204 926 2275 duplas

78 2277 154 2348 parti
167 2293 267 2334 eornm
281 2282 399 2351 aequalis
412 2287 471 2351 est;
489 2286 538 2340 sed
555 2303 621 2342 curn
639 2304 706 2344 eum
721 2289 769 2344 ille
789 2292 876 2346 trahit
892 2294 926 2348 ad

78 2364 214 2436 primam,
225 2367 272 2422 hic
281 2370 316 2423 ad
332 2374 499 2437 extremam,
513 2373 608 2430 existit
617 2378 757 2432 nonnulla
770 2378 924 2448 discordia;

66 2456 108 2522 ‚et
125 2452 252 2509 iteratio
268 2457 341 2512 tollit
354 2459 581 2517 admirationem.

113 2542 158 2596 31.
175 2543 231 2597 Ν33
246 2544 340 2599 minus
355 2547 526 2603 miraculum
547 2551 606 2606 edit
629 2553 811 2625 antispastus,
832 2555 879 2610 eui
900 2556 925 2611 si

76 2628 174 2683 nultus
189 2630 261 2686 atius
276 2633 394 2703 pedum,
405 2640 454 2690 aut
468 2642 542 2693 certe
557 2640 790 2710 solusdiiambus,
808 2644 926 2700 misceo·

77 2721 134 2784 tur,
148 2718 256 2789 patitur
269 2720 606 2796 iambometrumclaudi,
621 2745 687 2784 cum
702 2730 867 2787 aliisautem
878 2749 926 2804 po·

74 2804 147 2860 situs
160 2807 241 2861 nullo
255 2811 360 2877 modo,
379 2816 407 2868 et
429 2829 496 2867 cum
520 2814 648 2871 dichorio
663 2818 779 2889 quidem
807 2825 926 2892 propter

74 2893 170 2965 ipsum
185 2893 364 2966 dichorium;
381 2899 477 2972 itaque
505 2903 560 2957 hoc
583 2904 703 2960 minime
723 2907 823 2964 miror.
852 2910 923 2964 Cum

73 2982 185 3037 crateris
199 3000 265 3039 vero
287 3002 388 3043 senum
404 2993 565 3061 temporum
585 2993 717 3064 pedibus,
738 3011 788 3050 cur
815 3013 925 3053 memo·

73 3075 170 3125 ratum
182 3072 269 3127 trium
279 3078 442 3144 temporum
454 3078 557 3149 pedem
569 3079 664 3135 131133
675 3083 816 3153 repudiet,
830 3085 925 3140 nescio

72 3173 140 3229 qnae
154 3162 294 3215 33133333
308 3163 443 3218 secretior
458 3165 574 3221 tortasse
587 3183 674 3238 quam
690 3175 721 3225 ut
735 3187 752 3225 a
767 3172 848 3227 nobis
862 3173 925 3228 erui

72 3251 161 3317 atque
175 3249 286 3304 ostendi
302 3256 407 3321 queat:
422 3254 468 3307 sed
497 3254 551 3309 hoo
573 3254 613 3310 ito
628 3272 689 3312 esse
713 3259 758 3314 his
786 3262 924 3332 exemplis

71 3334 175 3404 probo.
192 3337 263 3392 Nam
278 3337 399 3395 1313333
414 3347 515 3405 metra,
531 3344 664 3399 Potestotc
672 3346 771 3416 placet,
793 3353 924 3418 potestate

73 3425 224 3491 potentium
236 3425 335 3494 placet,
345 3442 430 3483 nemo
441 3429 564 3500 ambigit
572 3431 696 3487 suaviter
709 3434 821 3505 singula
832 3437 923 3508 repeti

72 3525 139 3564 cum
151 3511 264 3567 silentio
283 3514 371 3569 trium
385 3520 549 3588 temporum
566 3519 596 3574 iu
614 3520 923 3580 1133.Α113131333331-

71 3603 196 3654 tarcum
211 3602 312 3658 eodem
325 3603 438 3659 silentio
451 3623 458 3660 :
469 3608 602 3663 Potestote
612 3611 747 3679 33331333
759 3613 855 3681 placet.
871 3615 922 3669 Po·

74 3688 234 3756 testatejtibi
242 3691 356 3745 multum
368 3694 469 3762 placet.
484 3696 617 3751 Potestote
626 3699 687 3767 jum
703 3699 754 3753 tibi
767 3702 805 3754 sio
821 3701 920 3771 piacet.

71 3776 208 3829 Potestote
221 3779 335 3833 multrare
347 3776 399 3835 titt
408 3783 506 3851 313331,
523 3785 664 3841 Potestotis
684 3789 843 3856 3333311333
860 3791 921 3859 pto·

69 3866 123 3918 act.
138 3862 219 3928 Quod
234 3866 399 3923 adsensum
416 3871 526 3938 attinet,
542 3874 654 3944 peregit
666 3874 881 3932 officiumsuum
892 3878 923 3934 in

70 3951 126 4007 hac
154 3955 322 4024 quassans,
339 3960 451 4030 etquid
467 3961 617 4032 acceperit,
633 3964 746 4035 etquid
769 3968 922 4038 exploserit

69 4037 207 4093 iudicavit
223 4056 230 4095 :
246 4042 295 4097 sed
311 4042 346 4097 de
356 4059 440 4098 causa
463 4061 514 4099 our
540 4045 580 4100 ita
595 4047 641 4109 311,
658 4048 730 4102 33113
745 4052 921 4108 3333313333

70 4131 124 4181 est.
140 4130 178 4182 dc
190 4132 271 4184 mea¹
288 4130 407 4202 quidem
422 4132 451 4186 in
465 4134 546 4188 tauta
566 4133 737 4191 obscuritate
754 4138 827 4193 nihil
843 4141 920 4196 aliud

70 4214 160 4283 videt,
183 4217 239 4271 nisi
253 4235 318 4274 eum
333 4220 460 4276 diiambo
475 4222 664 4294 antispastum
679 4223 830 4281 dimidiam
856 4245 920 4299 par-

70 4308 132 4358 tem
159 4306 283 4377 priorem
313 4308 419 4366 habere
443 4325 645 4367 communem:
670 4327 737 4366 uam
762 4318 922 4387 uterquea

69 4391 151 4446 brevi
165 4398 194 4448 et
206 4395 294 4467 longa
308 4397 423 4469 incipit;
439 4399 625 4470 posteriorem
635 4404 732 4455 autem
746 4417 812 4456 cum
826 4403 920 4460 dicho·

69 4480 136 4534 rio:
151 4481 235 4554 longa
249 4485 325 4539 euim
341 4486 458 4542 3133331
470 4487 554 4542 ambo
569 4487 719 4543 liniuntur.
736 4490 835 4562 Itaque
847 4491 920 4548 anti-

69 4573 182 4640 spastus
195 4573 238 4626 vel
261 4575 339 4629 solus
355 4580 494 4648 tanquam
517 4593 598 4632 suam
614 4577 742 4648 priorem
757 4579 919 4650 dimidiam,

67 4658 115 4712 rel
139 4674 203 4713 cum
222 4661 346 4718 diiambo
361 4679 426 4719 cum
442 4681 498 4736 quo
525 4681 588 4720 eam
615 4668 805 4724 communiter
823 4670 919 4741 habet,

67 4745 233 4814 collocatos,
245 4750 389 4820 patiturin
399 4751 456 4806 1133
471 4753 555 4807 metri
570 4769 630 4808 esse
646 4754 792 4824 iambum;
810 4761 840 4812 et
853 4774 918 4812 cum

65 4832 195 4889 dichorio
213 4842 366 4908 pateretur,
382 4839 405 4893 si
420 4840 514 4895 eidem
537 4841 665 4896 dichorio
687 4843 751 4897 talis
779 4846 920 4901 terminus

64 4923 255 4979 conveniret:
272 4941 338 4979 oum
352 4928 463 4981 caeteris
477 4933 573 4983 autem
591 4945 649 4984 non
673 4931 790 5003 patitur,
815 4933 920 5005 quibus

64 5009 118 5063 1311
132 5010 268 5067 societate
281 5030 340 5067 non
355 5025 366 5060 ²
377 5016 521 5086 jungitur.

173 5099 286 5156 CAPUT
301 5103 381 5159 xvll.
398 5108 471 5159 —De
482 5108 628 5160 metrorum
638 5108 815 5176 copulatione.

101 5188 144 5241 35.
160 5186 243 5252 Quod
256 5204 322 5244 3333
340 5191 376 5245 33
392 5196 550 5247 metrorum
570 5193 780 5263 copulationem
805 5198 917 5265 attinet,

64 5273 133 5328 satis
146 5279 190 5330 est
204 5275 401 5348 inpraesentia
416 5280 521 5347 313333,
537 5296 621 5351 33333
634 5280 688 5336 sibi
702 5281 812 5338 3133333
827 5291 918 5341 metra

99 5383 107 5414 ¹
121 5380 168 5429 lta.
183 5380 205 5429 Α
220 5382 302 5443 addit,
312 5385 390 5433 rotto.
400 5384 434 5433 111.

97 5442 161 5490 ’113.
176 5447 203 5492 31
220 5444 281 5493 333.
296 5447 422 5496 omittunt
434 5446 476 5495 hic
491 5446 668 5509 negationem,
679 5461 757 5513 quam
769 5452 857 5500 133333
873 5465 918 5500 ex·

68 5504 222 5553 3133313133
240 5511 266 5555 et
279 5508 338 5555 313.

1134 698 1193 748 lam
1208 699 1271 747 33113
1285 699 1362 749 terris
1376 700 1446 749 31313
1462 703 1540 763 atque
1557 700 1622 751 dirce

1136 760 1277 810 Grandinis
1292 762 1363 810 misit
1381 763 1464 818 Pater,
1478 766 1504 811 31
1520 762 1632 814 rubente

1136 823 1248 873 Dextera
1262 837 1349 872 sacras
1357 823 1489 895 jaculatus
1500 836 1583 883 arces,

1276 885 1379 935 Terruit
1393 885 1496 935 urbem.

1290 947 1396 1010 (Horat.
1413 947 1459 996 uo.
1478 950 1489 996 1
1504 950 1673 1006 carminum,
1688 949 1736 999 ode
1748 951 1785 1013 2.)

980 1023 1051 1077 Nam
1063 1024 1117 1078 hoc
1128 1030 1271 1096 quartum,
1288 1025 1366 1097 quod
1378 1042 1434 1080 uuo
1449 1026 1651 1082 choriamboet
1661 1044 1719 1082 una
1729 1028 1758 1083 in
1770 1029 1828 1085 tine

982 1112 1066 1182 longa
1080 1113 1261 1179 terminatur,
1278 1130 1365 1184 quam
1379 1130 1500 1184 parvum
1516 1115 1552 1169 sit
1568 1115 1658 1171 tribus
1672 1115 1829 1187 superiori-

982 1200 1035 1254 bus
1047 1200 1121 1255 inter
1134 1217 1164 1255 33
1179 1201 1336 1272 noualibus
1351 1202 1512 1272 subjectum
1532 1201 1619 1258 rides.
1643 1205 1692 1258 Vel
1708 1204 1829 1275 pedibus

981 1286 1063 1341 sicuti
1076 1288 1153 1344 haec:

1147 1369 1224 1415 Grato
1235 1367 1335 1430 Pyrrha
1345 1369 1394 1417 sub
1405 1371 1490 1424 antro.

1151 1428 1198 1478 Cui
1216 1428 1309 1477 doram
1327 1429 1422 1492 religas
1439 1443 1553 1478 comam.

1291 1491 1396 1553 (113331.
1409 1490 1453 1539 tro.
1474 1493 1485 1539 1
1503 1490 1673 1551 carminum,
1688 1492 1737 1542 ode
1749 1495 1784 1558 5.)

981 1565 1079 1623 Cernis
1094 1568 1312 1640 quippehorum
1328 1571 1452 1626 duorum
1465 1571 1734 1640 superiusconstare
1744 1589 1832 1644 spon·

980 1654 1034 1710 deo
1050 1659 1078 1710 et
1091 1657 1268 1724 choriambo,
1280 1663 1306 1713 et
1321 1659 1408 1730 longa
1422 1659 1533 1725 ultima,
1549 1675 1613 1730 ques
1640 1659 1676 1714 ad
1691 1677 1740 1715 sex
1755 1668 1831 1718 tem-

981 1758 1050 1813 pora
1065 1743 1212 1815 implenda
1227 1746 1352 1818 spondeo
1364 1746 1539 1801 debebatur:
1556 1747 1609 1802 hoc
1624 1753 1722 1803 autem
1736 1754 1831 1821 poste-

980 1833 1040 1887 rius
1056 1834 1182 1904 spondeo
1195 1838 1223 1890 et
1237 1835 1412 1901 choriambo,
1429 1839 1457 1889 et
1475 1835 1586 1890 duabus
1610 1835 1718 1890 ultimis
1742 1837 1832 1893 breri-

982 1923 1045 1987 333,
1067 1939 1132 1994 qoae
1147 1923 1216 1978 item
1226 1939 1292 1978 oum
1307 1924 1400 1995 primo
1416 1923 1544 1995 spondeo
1559 1922 1683 1994 implent
1698 1939 1746 1979 sex
1760 1930 1831 1980 tem·

980 2026 1060 2081 pora.
1081 2013 1162 2066 Paria
1172 2017 1240 2067 3331
1251 2028 1320 2083 ergo
1334 2012 1386 2066 ista
1397 2011 1586 2083 temporibus,
1602 2013 1652 2067 ssd
1666 2012 1696 2067 in
1707 2013 1828 2085 pedibus

981 2098 1113 2154 nonnihil
1125 2099 1295 2155 diversitatis
1310 2104 1418 2156 tenent.

1017 2190 1060 2242 311.
1078 2188 1126 2242 Est
1142 2189 1240 2243 atalia
1269 2189 1430 2245 differentia
1458 2189 1576 2244 istarum
1601 2190 1828 2262 copulationum.

982 2276 1060 2345 qood
1074 2275 1130 2330 3113
1144 2276 1184 2331 113
1204 2278 1383 2349 3333133133,
1407 2278 1534 2332 3133113
1548 2277 1602 2332 3131
1617 2278 1730 2333 31133113
1744 2279 1833 2336 13133·

982 2361 1161 2431 3331331131,
1175 2363 1248 2418 31331
1261 2365 1322 2418 hacc
1337 2365 1394 2419 duo
1409 2364 1604 2420 recentissima
1616 2407 1623 2432 ,
1639 2365 1696 2420 alia
1712 2366 1830 2423 1313333

982 2448 1059 2505 311331
1074 2450 1183 2522 aliquid
1198 2454 1354 2523 postulent,
1370 2452 1444 2508 31331
1458 2453 1536 2508 haec:

1153 2539 1234 2588 Vides
1246 2543 1275 2589 ut
1292 2538 1344 2589 alta
1360 2544 1412 2590 stet
1427 2541 1486 2591 nive
1501 2541 1644 2591 candidum

1153 2601 1269 2660 Soracte,
1284 2616 1333 2651 nec
1342 2602 1399 2665 jam
1410 2604 1559 2653 sustineant
1570 2618 1638 2653 onus

1185 2662 1435 2721 811331333333133,
1448 2664 1561 2728 geluque

1167 2724 1289 2774 Flumina
1306 2725 1473 2775 constiterint
1486 2730 1573 2775 33313.

1282 2786 1386 2850 (Horat.
1400 2787 1445 2836 tib.
1460 2790 1471 2836 1
1493 2790 1659 2848 carminum,
1672 2786 1722 2838 ode
1733 2790 1767 2852 9.)

982 2867 1054 2920 Nam
1068 2865 1092 2918 31
1104 2865 1285 2938 haecsingula
1294 2870 1468 2937 repetantur,
1477 2867 1574 2937 priora
1582 2867 1638 2921 duo
1649 2883 1741 2922 unum
1757 2872 1828 2923 tem·

980 2969 1035 3024 pus
1049 2953 1079 3007 in
1093 2953 1238 3008 1133311331
1249 2953 1390 3024 flagitant,
1402 2954 1519 3009 tertium
1534 2955 1601 3023 duo,
1617 2960 1753 3026 quartum
1765 2955 1829 3011 tria.

981 3042 1117 3112 Copulata
1139 3057 1206 3096 xero
1231 3060 1248 3097 a
1272 3042 1368 3113 primo
1391 3042 1428 3098 33
1443 3043 1601 3098 secundum
1622 3049 1830 3114 transeuntem,

979 3145 1071 3184 unum
1086 3133 1199 3202 tempus
1213 3130 1296 3185 silere
1319 3135 1443 3202 cogunt3
1470 3133 1627 3187 33333333
1651 3133 1686 3188 33
1708 3132 1826 3188 tertium

980 3217 1048 3284 duo,
1064 3219 1178 3274 atertio
1203 3219 1237 3274 ad
1253 3224 1386 3290 quartum
1400 3219 1466 3275 tria.
1482 3223 1506 3275 Α
1521 3226 1623 3291 quarto
1644 3224 1740 3275 autem
1755 3220 1779 3275 si
1790 3222 1826 3277 ad

979 3305 1106 3375 primum
1120 3307 1228 3373 redeas,
1245 3312 1358 3378 tempus
1370 3323 1463 3362 uuum
1472 3307 1579 3364 silebis.
1595 3308 1649 3364 Sed
1660 3325 1724 3380 quae
1735 3312 1776 3363 est
1786 3324 1828 3363 ra-

979 3394 1019 3449 tio
1033 3400 1075 3450 est
1088 3396 1228 3450 redeundi
1243 3397 1276 3451 ad
1289 3397 1533 3468 primum,eadem
1543 3398 1630 3452 33133
1642 3397 1727 3453 aliam
1743 3398 1830 3452 talem

979 3483 1191 3554 copulationem
1212 3485 1388 3541 transeundi.
1418 3486 1475 3540 lloc
1493 3500 1585 3556 genus
1607 3485 1828 3555 copulationum

978 3575 1054 3625 reete
1066 3588 1118 3627 333
1131 3572 1309 3644 appellamus
1318 3573 1479 3638 circuitum,
1491 3574 1541 3644 qui
1558 3571 1668 3636 περεόδος
1683 3573 1829 3644 3333331·

978 3659 1061 3715 citur.
1085 3660 1226 3715 Circuitus
1248 3676 1316 3732 ergo
1331 3661 1426 3715 minor
1449 3676 1510 3716 3333
1534 3677 1591 3715 333
1616 3665 1721 3732 331331,
1742 3677 1830 3732 qnam

979 3748 1029 3820 qui
1043 3748 1154 3803 duobus
1169 3749 1306 3804 membris
1320 3753 1443 3819 constat,
1467 3749 1497 3805 id
1521 3754 1563 3804 est
1582 3750 1694 3805 duobus
1714 3749 1828 3806 metris:

978 3853 1030 3892 nec
1044 3853 1104 3893 esse
1118 3840 1257 3909 majorem
1267 3839 1421 3893 voluerunt
1434 3854 1468 3893 eo
1483 3838 1533 3910 qui
1545 3855 1637 3911 usque
1650 3839 1687 3895 ad
1700 3845 1824 3910 quatuor

978 3927 1108 3983 membra
1116 3927 1255 3997 procedit.
1270 3927 1349 3981 Dicet
1362 3926 1450 3998 igitur
1462 3927 1616 3982 minimum
1626 3928 1826 3993 bimembrem,

977 4014 1105 4069 medium
1126 4014 1335 4082 trimembrem,
1363 4020 1391 4070 et
1414 4015 1548 4070 ultimum
1563 4017 1828 4087 quadrimembrem

977 4117 1094 4167 vocare;
1124 4102 1177 4156 hos
1198 4103 1277 4157 enim
1298 4103 1387 4157 Groeci
1406 4101 1829 4166 81331333333133,3333333133

976 4194 1085 4244 vocant
1104 4190 1143 4244 De
1159 4206 1216 4261 quo
1241 4195 1301 4245 toto
1316 4206 1420 4262 genere
1436 4191 1574 4262 quoniam
1587 4191 1755 4262 diligentius
1769 4197 1827 4246 tra·

976 4277 1080 4331 ctaturi
1094 4293 1201 4342 sumus,
1215 4282 1248 4332 ut
1262 4277 1330 4344 dixi,
1341 4279 1370 4332 13
1378 4293 1412 4334 33
1424 4294 1557 4334 sermone
1564 4279 1614 4349 qui
1625 4278 1709 4333 uobis
1718 4279 1754 4334 de
1764 4295 1826 4334 rer-

977 4364 1055 4419 31333
1066 4363 1129 4428 3311,
1147 4380 1223 4419 3333
1237 4365 1356 4420 interim
1369 4366 1424 4421 hoc
1437 4367 1504 4421 satis
1518 4366 1563 4420 sit.

1012 4456 1056 4509 37.
1076 4452 1150 4508 Sane
1161 4452 1284 4508 arbitror
1294 4454 1355 4525 jam
1374 4459 1402 4508 te
1415 4453 1586 4524 intelligere,
1602 4453 1828 4511 innumerabilia

976 4556 1082 4612 genera
1099 4557 1160 4596 esse
1173 4547 1342 4610 metrorum,
1356 4558 1420 4613 quse
1434 4541 1592 4612 quingenta
1602 4542 1750 4612 sexaginta
1763 4547 1827 4600 octo

976 4630 1176 4684 inveneramus
1192 4632 1211 4696 ¹,
1227 4646 1291 4685 cum
1308 4631 1384 4685 etde
1398 4628 1518 4683 silentiis
1532 4645 1589 4683 non
1615 4629 1669 4684 nisi
1691 4630 1826 4688 finalibus

976 4718 1106 4789 exempla
1116 4724 1210 4774 esseut
1221 4718 1297 4784 data,
1312 4723 1341 4773 et
1352 4719 1430 4772 nulla
1443 4717 1551 4788 pedum
1566 4718 1732 4775 commixtio
1753 4721 1826 4777 lacta

976 4810 1060 4875 esset,
1075 4811 1103 4862 et
1117 4807 1197 4862 nulla
1208 4807 1313 4862 solutio
1328 4808 1480 4877 longarum
1495 4804 1525 4861 in
1540 4806 1611 4862 duas
1634 4807 1742 4872 333333,
1760 4823 1826 4880 quse

975 4896 1077 4966 pedem
1092 4897 1167 4951 ultra
1181 4895 1302 4967 syllabas
1318 4899 1443 4967 quatuor
1465 4894 1637 4966 porrigeret.
1657 4896 1729 4951 3131
1743 4896 1826 4950 adhi-

975 4983 1035 5039 bita
1049 4982 1316 5039 omnisilentiorum
1329 4983 1558 5054 interpositione,
1573 4988 1602 5039 et
1615 4983 1695 5038 omni
1718 4983 1826 5056 pedum

974 5071 1187 5137 commixtione,
1212 5075 1240 5125 et
1254 5070 1334 5125 omni
1354 5071 1496 5126 solutione
1520 5072 1672 5143 longarum
1691 5071 1825 5142 colligere

975 5174 1127 5213 numerum
1142 5164 1298 5213 metrorum
1316 5159 1404 5228 velis3
1426 5163 1520 5214 133133
1543 5161 1645 5226 existit,
1671 5164 1704 5214 31
1717 5175 1825 5214 noman

973 5247 1035 5313 ejus
1049 5245 1168 5298 tortasse
1178 5259 1241 5299 non
1256 5249 1397 5316 suppetat
1417 5246 1472 5301 Sed
1496 5246 1557 5301 haec
1578 5244 1707 5315 exempla
1729 5259 1826 5314 quma

1007 5334 1013 5365 ¹
1030 5330 1142 5394 1333133
1154 5331 1269 5395 vulgatis
1283 5333 1404 5396 pluribus
1418 5333 1480 5382 3133.
1504 5332 1626 5387 habetur.
1641 5331 1825 5395 quadruplata

972 5392 1342 5456 septemiuscneromusSed
1360 5395 1567 5459 legendumcum
1576 5393 1710 5443 dlhiueusi
1725 5393 1824 5449 333133.

973 5455 1113 5517 3333313313
1128 5457 1196 5505 octo.
1208 5455 1304 5506 Confer
1313 5456 1401 5506 locum
1418 5457 1464 5507 lib.
1478 5458 1501 5514 t,
1515 5469 1561 5504 nn.
1579 5455 1753 5515 1131133111
1768 5469 1823 5504 me-

975 5519 1076 5563 trorum
1093 5515 1184 5565 isthoec
1199 5531 1303 5566 sumnia
1315 5522 1444 5568 censetur.
