3884 6112
155 266 221 321 tout
688 253 735 308 llE
754 250 982 322 QUANTITATE
999 247 1136 317 ANIMAE,
1158 247 1184 302 S.
1205 243 1394 303 AUGUSTINI
1858 241 1906 296 rtet

152 385 329 458 moeream.
346 381 406 437 Lr'd.
427 384 454 447 2,
480 383 569 436 satiro
582 383 608 448 l,
622 396 648 434 υ.
664 380 691 447 2,
714 378 751 449 3).
777 376 859 442 Quod
883 375 1000 431 omniuo
1055 388 1106 427 uos
1121 370 1242 442 decepit,
1258 366 1453 440 composuisti.
1461 367 1494 422 Et
1508 379 1568 438 ego
1584 363 1718 436 quidem
1728 362 1842 418 tametsi
1854 364 1905 419 obt

152 475 217 533 lieri
229 489 287 529 non
302 475 404 543 potest,
421 469 475 525 nisi
488 470 523 524 ed
538 470 600 540 ejus
620 468 809 524 reformemur
833 463 1000 533 imaginem,
1055 477 1124 517 nere
1138 476 1197 515 non
1210 458 1386 529 potui,boua
1399 455 1467 512 lidei
1480 453 1577 522 adfui,
1597 451 1685 525 quod
1701 450 1779 506 mihi
1792 451 1904 508 saliret:

152 577 240 635 quam
254 560 337 614 nobis
351 564 385 613 ut
406 556 647 629 pretiosissimum
669 556 847 628 quiddamst
868 551 1001 607 cbarissi·
1055 555 1085 606 tu
1100 566 1166 605 vero
1177 549 1200 603 si
1208 544 1449 619 prevaricationis
1461 542 1612 616 arguaris,
1629 539 1708 613 quid
1725 538 1824 608 facias,
1837 557 1903 614 aquo

154 665 234 704 mum
250 646 465 702 custodiendam
481 645 569 713 dedit,
586 646 654 700 dum
670 644 815 714 nosipsos
833 640 918 695 nobis
931 639 1002 693 tales
1054 645 1083 694 et
1095 638 1233 710 producte
1248 639 1291 691 est
1304 639 1335 691 ut
1345 635 1475 706 jurgaret
1488 631 1654 697 audenter,
1665 632 1698 684 et
1708 635 1870 700 oppugnata
1880 638 1902 687 ut

154 737 242 802 dedit,
258 736 390 808 qualibus
405 735 478 790 nihil
493 735 583 805 possit
603 739 708 806 praeter
733 733 828 802 ipsum
855 727 1000 799 anteponi.
1054 727 1177 798 turpiter
1191 726 1325 782 cederet?
1339 725 1376 782 A.
1392 722 1615 794 Numquidnam
1640 722 1690 774 est
1711 718 1761 774 hic
1774 718 1902 789 quisquan

154 827 211 881 Hac
224 830 320 880 autem
344 822 455 878 actione
479 823 551 877 nihil
576 821 648 876 mihi
663 820 775 875 videtur
799 817 957 890 operosius,
974 819 1003 870 et
1052 816 1151 887 judex,
1168 831 1254 886 equo
1277 813 1344 868 huic
1367 813 1411 868 rel
1439 811 1511 866 mihi
1525 808 1735 866 metuendum
1751 805 1811 861 sit?
1825 807 1902 879 igota

154 913 227 968 nibil
242 917 284 968 est
297 911 449 967 cessationi
460 911 582 966 similius
599 927 605 964 :
620 925 714 981 neque
727 913 824 963 temen
838 923 901 962 eam
916 904 1002 960 susci·
1054 903 1188 974 privatim
1211 902 1293 974 quasi
1320 900 1464 956 adhibitus
1484 898 1738 970 jurisconsultus,
1768 895 1902 952 instruendi

152 1017 222 1074 pere
236 1001 414 1071 autimplere
425 1000 537 1054 animus
551 1002 654 1070 potest,
663 997 718 1053 nisi
731 1014 764 1052 eo
775 996 838 1068 ipso
851 995 1002 1067 adjuvaute
1053 1009 1139 1048 causa
1149 991 1277 1046 refellere
1283 988 1518 1057 volui,uteumed
1526 986 1681 1060 judicium
1690 987 1811 1041 ventum
1828 984 1901 1052 lucit

153 1088 200 1144 cui
213 1087 353 1143 redditur.
370 1087 448 1141 Unde
463 1086 495 1141 lit
516 1090 546 1141 ut
559 1087 647 1140 bouso
663 1084 725 1155 ejus
740 1081 891 1137 clementia
909 1080 1001 1135 refor-
1055 1084 1171 1151 paratus
1185 1078 1309 1133 assistas.

153 1176 275 1231 meudus
290 1174 327 1229 sit
341 1175 422 1245 cujus
436 1174 562 1229 bonitate
578 1189 609 1227 ec
623 1175 765 1243 potestate
788 1170 928 1225 formatus
949 1171 1000 1222 est.
1091 1171 1134 1222 58.
1151 1170 1184 1223 Ε.
1202 1168 1249 1221 Est
1275 1181 1342 1236 ergo
1369 1163 1478 1236 aliquid
1504 1163 1586 1234 quod
1609 1178 1669 1234 pro
1696 1160 1759 1218 ista
1786 1161 1900 1232 protere,

188 1268 232 1320 56.
248 1263 303 1318 Sed
317 1263 352 1317 ad
366 1262 546 1333 propositum
561 1260 654 1316 redire
668 1259 808 1331 cogimur.
822 1260 915 1323 Quare
939 1256 1002 1310 vido
1056 1272 1143 1328 quam
1156 1254 1229 1310 milri
1244 1253 1448 1309 invalidissimo
1465 1257 1573 1308 temere
1598 1250 1824 1307 defendendam
1837 1255 1902 1306 tucn·

153 1356 252 1409 utrum
266 1351 318 1406 tibi
332 1351 392 1423 jam
402 1351 557 1422 probatum
574 1349 620 1419 sit,
635 1350 710 1404 feras
721 1364 779 1402 uon
791 1347 896 1401 babere
911 1344 1002 1399 scieu-
1056 1344 1179 1416 demque
1193 1342 1397 1398 commendas?
1409 1342 1446 1397 A.
1462 1341 1509 1396 Est
1521 1343 1615 1395 certo.

152 1441 234 1505 tiam,
249 1444 394 1509 totamque
410 1439 489 1492 illam
504 1439 582 1492 velut
595 1436 750 1508 imaginem
765 1435 899 1500 scientiae,
915 1448 1002 1505 quem
1056 1433 1167 1489 CAPUT
1176 1433 1252 1488 XXX.
1263 1462 1298 1473 -
1310 1433 1415 1487 Animo
1429 1445 1488 1499 que
1503 1428 1611 1498 ubique
1624 1431 1737 1484 emeat
1760 1430 1792 1484 ie
1806 1444 1901 1501 comm,

152 1528 304 1595 miramur,
319 1528 377 1582 vim
392 1543 452 1580 esse
466 1525 617 1582 sentiendi.
641 1528 675 1581 Ε.
703 1524 858 1579 Probatum
873 1538 940 1576 saue
952 1541 960 1591 3
974 1526 1003 1575 et

153 1617 254 1689 siquid
266 1615 533 1685 dehoodiligeutius
546 1613 734 1684 quaerendum
742 1618 794 1679 est,
804 1611 881 1666 aliud
889 1615 1001 1680 tempus

152 1704 317 1776 aucupabor
333 1721 340 1757 :
354 1719 430 1758 nuno
442 1719 524 1757 nasse
539 1702 623 1772 cupio
638 1700 708 1772 quid
723 1700 789 1755 hiuc
804 1698 947 1753 coniicias.

190 1792 303 1847 CAPUT
314 1792 406 1845 XXlX.
423 1819 457 1828 -
471 1790 591 1845 scientio
602 1794 627 1842 ct
637 1803 729 1844 seruus
745 1787 813 1856 qaid
826 1787 964 1855 different.

189 1880 224 1934 A.
238 1877 312 1944 Quid
328 1876 406 1932 aliud
420 1882 502 1948 puta,
519 1877 576 1931 nisi
591 1876 789 1932 definitionem
799 1875 877 1929 illam
890 1889 1000 1940 seusus,

153 1972 187 2023 ut
200 1973 285 2022 antea
299 1966 377 2039 quod
393 1966 489 2021 neseio
505 1966 574 2036 quid
589 1967 654 2036 plus
668 1981 755 2037 quam
781 1978 895 2019 sensum
910 1962 1001 2017 iuclu-

153 2055 247 2122 debat,
264 2055 304 2108 ita
318 2069 394 2107 nunc
409 2054 552 2108 contrario
581 2054 650 2108 vitio
675 2053 815 2120 vacillare,
841 2051 918 2122 quod
942 2066 1002 2105 uon

152 2160 268 2200 omnem
281 2158 396 2197 sensum
409 2142 506 2213 potuit
519 2141 687 2196 includeret
703 2142 813 2196 Habent
834 2141 912 2194 euim
933 2139 1001 2194 lerre

153 2247 279 2299 sensum,
294 2246 348 2285 uec
361 2230 469 2285 habeut
483 2229 634 2284 scientiam
650 2229 812 2301 :quidquid
827 2234 923 2284 autem
942 2245 1001 2283 uon

151 2319 233 2388 latet,
247 2319 335 2373 scitur
349 2334 355 2386 ;
368 2323 397 2372 et
410 2333 496 2374 omne
510 2317 588 2388 quod
601 2317 698 2383 scitur,
714 2317 751 2372 ad
773 2317 920 2372 seientiam
933 2332 1000 2388 pro-

152 2407 225 2462 iecto
252 2404 387 2476 pertinet.
404 2405 444 2458 De
460 2403 563 2475 quibus
590 2405 724 2458 omuibus
736 2405 798 2476 jam
820 2403 892 2458 mihi
907 2410 1001 2459 tecum

153 2494 294 2552 convenit.
309 2496 366 2547 Aut
381 2492 470 2564 igitur
483 2509 541 2547 uou
552 2497 596 2548 est
609 2509 720 2564 rerum,
733 2509 847 2548 sensum
863 2509 924 2548 esse
938 2509 1002 2564 pas-

153 2583 264 2638 sionem
276 2581 468 2653 corporisnou
481 2581 619 2636 latentem
633 2581 778 2649 animam;
793 2585 843 2635 eut
855 2597 888 2636 eo
903 2588 1002 2637 carent

151 2671 259 2739 bestie,
267 2670 334 2742 quie
342 2669 462 2725 scientia
475 2673 703 2725 carentrsensum
712 2674 810 2724 autem
821 2669 1001 2725 concedimus

151 2760 263 2816 bestiis:
276 2758 403 2814 delinitio
419 2773 487 2829 ergo
500 2757 550 2812 illo
564 2757 665 2813 vitiosa
678 2762 730 2813 est.
747 2760 781 2813 Ε.
797 2758 899 2813 Fateor
926 2756 1000 2812 nihil

152 2865 199 2904 me
213 2848 341 2903 iuvenire
356 2863 414 2918 quo
430 2846 570 2903 resistam.

187 2940 231 2992 57.
247 2937 284 2992 A.
296 2935 397 3005 Accipe
408 2934 486 2990 eliud
501 2933 655 3006 quomegis
667 2950 720 2990 uos
728 2934 815 3006 hujus
826 2932 1001 2990 delinitionis

151 3025 267 3098 pudeat.
284 3025 355 3079 Nam
369 3023 536 3091 meministi,
544 3023 693 3095 utopiuor,
703 3021 1001 3078 tertiumdeliuitionis

152 3110 1001 3183 vitiumtibidemonstratum,quoprorsusnihilestturpius;

151 3217 218 3257 cum
232 3218 263 3255 ex
278 3204 379 3255 neutra
397 3204 479 3270 parte
492 3216 559 3254 rere
574 3204 626 3268 est,
643 3199 736 3271 qualis
751 3204 794 3255 est
807 3199 855 3255 illa
864 3199 999 3266 hominis,

149 3290 235 3345 homo
246 3293 288 3344 est
303 3287 409 3343 animal
435 3289 611 3359 quadrupes:
627 3304 693 3342 nem
717 3288 785 3355 sire,
807 3287 1000 3342 omnishomo

150 3377 257 3433 animal
270 3380 312 3432 est
323 3377 505 3448 quadrupes;
522 3376 590 3446 sive,
606 3392 691 3431 omne
716 3376 823 3431 animal
838 3375 999 3447 quadrupes

149 3464 236 3520 homo
251 3468 304 3532 est,
320 3462 370 3535 qui
384 3461 453 3518 dicit
467 3468 553 3535 etque
581 3463 715 3530 nllirmet,
742 3463 848 3518 insanit
860 3464 997 3534 profecto,

149 3551 172 3606 si
187 3569 244 3607 uon
256 3552 379 3623 jocatur.
395 3554 431 3608 Ε.
450 3552 554 3606 Verum
570 3552 649 3607 dicis.
672 3553 709 3607 A.
725 3551 800 3616 Quid
816 3551 830 3606 t
855 3551 878 3606 si
892 3551 923 3606 in
942 3551 998 3606 hoo

149 3640 236 3696 etiam
255 3640 323 3695 ritio
344 3640 398 3694 ista
412 3645 508 3695 nostra
523 3639 755 3711 deprehenditur,
772 3644 892 3711 putasne
912 3639 997 3712 quid·

150 3744 238 3799 quam
259 3728 349 3798 magis
364 3744 424 3783 esse
439 3728 517 3800 quod
531 3728 566 3783 sit
581 3729 791 3800 explodendum
807 3733 891 3799 atque
906 3732 997 3782 exter·

149 3815 318 3869 minandum
334 3814 369 3869 de
380 3814 476 3869 anima
484 3817 499 3869 ⁴?
507 3818 540 3870 Ε.
552 3815 621 3879 Quis
632 3815 661 3869 id
670 3815 802 3870 recuset‘.l
814 3816 869 3870 Sed
877 3813 995 3883 nollem,

147 3902 172 3955 si
185 3901 249 3956 lieri
262 3906 364 3972 potest,
380 3901 466 3957 etiam
478 3901 525 3957 hic
539 3902 649 3957 tamdiu
666 3902 799 3971 detineri,
813 3904 996 3974 atqueiuter·

148 3989 355 4061 rogatiunculis
371 3990 484 4061 agitari.
495 3991 531 4045 A.
549 3990 626 4045 Nihil
645 3992 778 4063 estquod
799 3996 920 4057 metuas,
934 3993 995 4063 jem

147 4077 224 4133 enim
240 4078 400 4133 conlectum
416 4081 458 4132 cst
469 4079 618 4148 negotium
633 4094 640 4134 ε
657 4095 694 4133 au
708 4078 761 4134 tibi
784 4080 912 4135 nondum
928 4097 994 4152 pcr-

146 4182 262 4221 suasum
278 4170 330 4232 est,
345 4182 411 4221 cum
426 4166 460 4221 de
476 4166 636 4222 diliereutia
651 4167 778 4223 ferarum
792 4174 821 4223 et
845 4167 995 4224 hominum

145 4263 287 4329 ageretur,
303 4257 380 4312 aliud
396 4273 457 4311 esse
473 4258 588 4324 sentire,
605 4259 683 4315 aliud
694 4259 786 4315 seire?
800 4260 837 4314 E.
857 4261 916 4315 lmo
934 4278 994 4315 ma·

144 4347 270 4402 ximc.A.
278 4345 364 4401 Aliud
375 4361 443 4417 ergo
453 4361 563 4413 seusus,
573 4346 649 4401 aliud
664 4347 791 4402 scientia.
799 4350 833 4403 Ε.
841 4349 881 4402 lta
893 4354 946 4404 est.
956 4352 992 4403 A.

145 4436 206 4490 Nou
220 4440 314 4489 autem
323 4433 461 4489 sentimus
473 4434 595 4502 ratione,
610 4435 659 4489 sed
670 4441 719 4490 eut
733 4437 804 4502 sisu,
817 4441 867 4490 eut
880 4437 993 4508 auditu,

1166 1536 1219 1576 noa
1233 1520 1334 1576 idcirco
1347 1523 1387 1575 cst
1395 1534 1447 1589 per
1462 1521 1548 1574 totum
1561 1531 1670 1587 corpus
1690 1517 1814 1586 diffuse.

1090 1612 1124 1664 Ε.
1137 1608 1280 1675 Quidnam
1300 1608 1331 1663 id
1358 1612 1411 1672 est,
1435 1607 1579 1663 obscero?
1593 1606 1634 1662 A.
1663 1605 1746 1671 Quia
1761 1622 1902 1679 quanqum

1055 1697 1092 1753 sit
1105 1697 1185 1753 aliud
1199 1714 1310 1767 sensus,
1325 1695 1400 1751 eliud
1413 1694 1540 1761 scientia,
1556 1694 1636 1750 illud
1649 1697 1826 1751 tamennon
1835 1697 1902 1752 latare

1055 1784 1170 1857 utrique
1183 1800 1336 1840 commune
1348 1789 1407 1851 est;
1422 1788 1455 1839 ut
1468 1782 1523 1854 ipsi
1532 1780 1654 1837 homini
1666 1786 1702 1838 et
1714 1782 1818 1839 bestiae
1826 1801 1902 1856 quun

1055 1873 1097 1928 vis
1109 1872 1269 1945 plurimum
1281 1872 1425 1941 different,
1438 1870 1547 1926 cnimu
1561 1874 1669 1925 tamen
1684 1886 1753 1926 esse
1772 1887 1902 1928 commune

1055 1967 1108 2018 est.
1124 1964 1186 2018 Nou
1200 1964 1269 2018 latet
1282 1962 1359 2017 enirn
1373 1960 1514 2034 quidquid
1523 1959 1638 2015 animae
1654 1965 1796 2032 apparet,
1806 1962 1903 2033 sireper

1055 2050 1293 2124 temperationem
1307 2050 1436 2122 corporis
1450 2051 1471 2118 ¹,
1486 2049 1545 2105 sira
1558 2064 1618 2119 per
1644 2048 1853 2122 intelligentie
1862 2067 1902 2123 pu·

1055 2141 1169 2196 ritatem
1181 2159 1188 2204 ;
1204 2145 1290 2213 atque
1304 2141 1376 2195 illud
1389 2140 1518 2212 primum
1529 2155 1648 2207 seusus,
1666 2140 1730 2196 hoc
1744 2145 1839 2197 autem
1850 2142 1902 2197 alte·

1055 2246 1121 2285 rum
1135 2229 1253 2285 scientie
1267 2229 1321 2284 sibi
1334 2229 1495 2284 vindicarit.
1519 2231 1553 2284 Ε.
1581 2229 1687 2285 Manet
1702 2245 1777 2302 ergo
1791 2231 1838 2286 illa
1849 2232 1902 2286 dati·

1054 2318 1124 2373 nitio
1138 2322 1199 2373 tuta
1227 2323 1256 2375 et
1282 2318 1474 2390 probatatA.
1506 2318 1607 2373 Xanet
1636 2334 1726 2374 vero.
1743 2322 1780 2375 Ε.
1803 2320 1901 2376 Ubinam

1055 2423 1124 2478 ergo
1135 2406 1270 2478 deeeptus
1280 2407 1368 2462 sum?
1381 2407 1418 2462 A.
1436 2405 1488 2462 Ubi
1497 2405 1613 2477 rogavi,
1632 2410 1742 2462 utrum
1756 2409 1901 2482 omnequod

1055 2510 1113 2550 nou
1132 2495 1212 2556 latet,
1237 2494 1343 2550 sciatur
1359 2510 1367 2549 ι
1381 2497 1412 2550 tu
1427 2493 1505 2549 euim
1530 2493 1605 2549 huie
1636 2496 1795 2568 rogationi
1817 2502 1900 2552 lema-c

1055 2599 1186 2638 essemus
1201 2599 1241 2637 es.
1255 2585 1288 2638 Ε.
1304 2583 1376 2638 Nam
1391 2582 1557 2654 quidrelles
1573 2580 1780 2641 diceremtA.
1793 2585 1900 2640 Xonooc

1055 2672 1136 2726 tiuuo
1150 2687 1211 2726 esse
1225 2670 1374 2726 scientiam
1388 2671 1412 2726 si
1426 2669 1495 2741 quid
1509 2685 1572 2726 non
1596 2670 1690 2741 latet,
1706 2673 1762 2729 sed
1775 2674 1800 2728 si
1811 2690 1856 2745 per
1866 2689 1899 2728 ra·

1054 2758 1165 2815 tionem
1178 2775 1238 2814 non
1252 2760 1339 2815 latet:
1355 2774 1421 2814 cum
1433 2763 1530 2814 autam
1544 2774 1603 2830 per
1622 2776 1741 2833 corpus
1763 2777 1821 2817 nou
1840 2763 1898 2828 latet,

1055 2845 1307 2916 sensumvocari‚si
1312 2846 1492 2918 perseipsum
1499 2862 1561 2901 nou
1567 2847 1666 2906 lateat
1675 2850 1810 2922 corporis
1816 2850 1898 2922 passio.

1054 2937 1099 2990 An
1109 2935 1224 3007 ignores
1238 2934 1606 3007 quibusdamphilosophis
1620 2940 1653 2991 et
1669 2939 1820 3009 peracutis
1830 2939 1898 2993 suun

1055 3039 1126 3090 esse,
1137 3040 1173 3078 ne
1185 3023 1311 3094 idipsum
1320 3023 1436 3094 quidem
1442 3023 1521 3094 quod
1530 3028 1638 3080 mente
1648 3027 1898 3099 comprehenditur.

1054 3112 1089 3167 ad
1104 3127 1210 3166 nomen
1224 3112 1350 3182 aspirare
1364 3111 1501 3179 scientie,
1516 3111 1578 3167 nisi
1594 3116 1661 3168 tam
1683 3115 1775 3172 firma
1792 3131 1897 3188 compre·

1053 3199 1154 3256 hensio
1162 3200 1208 3265 sit,
1216 3200 1327 3255 utebea
1341 3216 1422 3255 mens
1436 3200 1518 3255 nulla
1532 3200 1657 3258 ratione
1668 3204 1898 3276 queatdimorerii

1089 3291 1132 3343 59.
1149 3290 1183 3343 Ε.
1197 3288 1312 3359 Accipio
1324 3288 1378 3343 ista
1391 3287 1555 3360 gratissime
1569 3305 1578 3344 r
1590 3291 1646 3345 sed
1663 3308 1771 3364 quasso
1787 3293 1897 3366 quoniam

1053 3377 1124 3447 quid
1138 3376 1175 3431 sit
1185 3393 1294 3446 sensus,
1310 3376 1494 3432 subtilissime
1518 3383 1676 3449 quantum
1692 3382 1818 3438 arbitror
1827 3381 1896 3453 01ch

1053 3469 1146 3518 cetum
1163 3469 1215 3533 est,
1230 3464 1388 3520 referamus
1401 3481 1453 3519 nos
1466 3464 1502 3521 ad
1515 3464 1603 3522 illam
1619 3469 1828 3539 quaestionem.
1844 3486 1896 3542 pro·

1051 3559 1116 3624 pter
1127 3569 1215 3625 quam
1225 3552 1422 3624 explicandum
1432 3553 1487 3608 hoc
1498 3570 1747 3627 susceperamus.
1760 3558 1895 3615 Attuloem

1052 3641 1129 3696 euim
1144 3659 1197 3712 ego
1206 3647 1482 3714 argumentumque
1490 3647 1782 3716 tantumproberem
1795 3648 1895 3703 animan

1051 3745 1123 3797 esse,
1139 3735 1278 3802 quantum
1292 3730 1354 3802 ejus
1368 3735 1410 3785 cst
1423 3746 1536 3801 corpus,
1552 3747 1589 3787 co
1618 3735 1709 3804 quod
1722 3740 1895 3809 tangentem

1051 3819 1143 3890 capite
1158 3835 1249 3891 usqua
1263 3820 1299 3874 ed
1310 3819 1393 3890 pedis
1403 3824 1566 3875 extremum
1582 3821 1734 3890 pollicem
1748 3826 1833 3881 sentit
1842 3839 1895 3897 qua·

1050 3922 1221 3979 queversum
1232 3907 1373 3978 tetigeris;
1386 3906 1711 3980 etqucindeadsensus
1720 3913 1894 3969 delinitiomu

1049 4011 1198 4050 morarum
1219 3995 1426 4066 plenissimam,
1451 3996 1502 4052 sed
1527 3996 1606 4053 forta
1637 4003 1809 4058 necessario
1829 3987 1894 4056 duat

1049 4085 1265 4155 samuelisque
1275 4084 1371 4155 ipsum
1382 4085 1506 4140 bortum
1514 4085 1704 4158 tautioperis
1711 4090 1894 4162 J'amoslcndc.

1048 4171 1072 4226 si
1084 4173 1277 4242 plaeetAAist
1285 4172 1412 4241 omnino,
1425 4176 1511 4245 atque
1521 4174 1704 4234 uberrimus
1717 4196 1725 4247 ;
1740 4196 1811 4236 nam
1823 4183 1895 4235 toton

1049 4261 1127 4332 quod
1139 4262 1349 4332 quaerebamus,
1363 4261 1497 4317 effectum
1523 4267 1580 4318 est.
1596 4264 1631 4320 Si
1646 4267 1734 4323 euim
1761 4272 1895 4325 aensusat

1048 4350 1175 4420 corporis
1185 4349 1280 4420 passio
1294 4365 1347 4420 per
1356 4350 1478 4422 seipsam
1492 4365 1553 4405 uon
1568 4351 1672 4409 lateus
1688 4355 1894 4429 animam,quod

1046 4441 1079 4492 ut
1089 4436 1253 4492 firmissime
1266 4441 1440 4508 teneremus,
1454 4437 1565 4493 diutius
1580 4455 1681 4511 quam
1697 4445 1790 4500 velles
1806 4461 1894 4501 sermo

145 4528 195 4577 eut
209 4523 324 4591 olfactu,
339 4526 390 4577 aut
403 4527 529 4595 gustatu,
549 4527 598 4577 aut
621 4526 707 4578 tactu.
725 4527 755 4578 Ε.
777 4523 931 4580 Assentior.
954 4526 991 4580 A.
1046 4524 1237 4580 ciuetisumus
1249 4545 1257 4594 ;
1271 4525 1465 4581 meministine
1478 4526 1597 4581 tandem
1612 4544 1675 4584 nos
1687 4530 1895 4605 comperisseibi

144 4610 177 4665 Et
189 4626 274 4665 omne
287 4610 364 4682 quod
378 4612 493 4679 scimus,
521 4611 632 4667 ratione
647 4610 752 4665 scimus
769 4628 775 4665 ς
793 4613 889 4667 nullus
904 4613 993 4685 igitur
1046 4612 1151 4668 sentire
1170 4612 1268 4669 oculos
1284 4614 1333 4669 ubi
1345 4630 1404 4670 non
1418 4618 1494 4681 sunt,
1518 4614 1563 4669 vel
1585 4616 1694 4686 potius
1708 4620 1753 4676 ibi
1782 4621 1893 4694 patiti.

144 4712 243 4751 seusus
257 4698 375 4753 scientia
389 4705 441 4756 est.
470 4699 616 4772 Quidquid
643 4703 739 4754 autem
763 4715 821 4754 uon
850 4701 930 4768 latet,
956 4703 993 4757 ad
1046 4701 1172 4757 llemiui.
1185 4703 1223 4758 A.
1239 4702 1331 4757 Etiam
1345 4702 1419 4758 illud
1429 4701 1544 4769 dedisti,
1554 4702 1615 4757 uisi
1633 4705 1739 4773 fallor,
1762 4709 1908 4793 necrrrodc¹

144 4784 292 4839 scientiam
305 4786 431 4856 pertinet
447 4803 453 4844 :
471 4788 508 4842 ad
522 4789 636 4842 nullum
651 4803 718 4860 ergo
733 4803 848 4842 sensum
866 4788 992 4858 pertinet
1045 4788 1157 4844 dubitas
1171 4789 1299 4846 dandum
1327 4791 1425 4858 luisse,
1439 4789 1567 4846 mimam
1582 4795 1685 4851 multo
1702 4813 1797 4869 quam
1820 4802 1893 4854 totum

142 4888 203 4928 nou
217 4873 352 4938 laterent
362 4875 721 4948 nullushomoquedrupes
733 4875 870 4930 rectedioi
883 4883 986 4947 potest.
1044 4893 1148 4949 corpus
1162 4883 1215 4945 est,
1230 4895 1291 4934 esse
1316 4878 1466 4935 meliorem
1492 4895 1525 4934 ac
1553 4883 1776 4952 potentiorem.
1792 4889 1825 4944 Ε.
1839 4887 1893 4942 Hinc

142 4961 334 5029 Quamobrem
348 4960 403 5016 ista
418 4970 515 5018 nostra
538 4963 668 5020 delinitio
692 4970 824 5037 suscepta
845 4969 904 5031 tua,
930 4982 989 5020 nou
1043 4980 1111 5020 vero
1126 4966 1259 5022 dubitare
1274 4967 1416 5022 netarium
1428 4971 1508 5038 puto.
1523 4968 1562 5025 A.
1572 4971 1651 5041 Age,
1669 4973 1811 5047 sicorpus
1818 4976 1895 5049 potest

138 5051 231 5107 solum
243 5050 351 5104 alienos
365 5051 504 5105 terminos
532 5052 679 5120 invasisse,
695 5068 789 5124 neque
817 5052 927 5124 aliquid
942 5054 988 5109 sui
1044 5051 1085 5107 ibi
1097 5053 1157 5124 peti
1170 5053 1279 5126 aliquid
1292 5055 1343 5110 ubi
1357 5071 1415 5112 nou
1431 5059 1483 5124 est,
1507 5061 1634 5127 propter
1665 5064 1893 5132 quamdamcuu

135 5138 209 5212 juris
221 5137 381 5210 reliquisse,
397 5139 446 5193 sed
460 5139 532 5195 nibil
544 5140 662 5196 omnino
677 5141 810 5196 habuisse
824 5141 987 5212 proprium,
1043 5141 1140 5196 anime
1158 5143 1459 5215 contemperationem,
1482 5145 1563 5216 quod
1585 5147 1685 5204 oculis
1710 5150 1746 5206 in
1768 5150 1893 5208 cuneum

137 5231 288 5299 totumque
302 5225 428 5280 alienum
456 5242 608 5298 occupasse
634 5228 762 5284 convicta
787 5233 841 5286 est.
867 5232 897 5284 Ε.
914 5229 989 5294 Quid
1044 5230 1168 5285 accidere
1182 5231 1331 5288 inventum
1356 5238 1399 5289 est
1412 5252 1420 5301 ς
1434 5233 1544 5289 adeone
1573 5235 1712 5294 animam
1731 5257 1855 5297 crassam
1871 5241 1891 5292 et

138 5331 207 5387 ergo
223 5311 360 5387 agemus?
375 5312 532 5368 Patierisue
545 5314 624 5370 illam
649 5316 683 5371 de
707 5316 814 5387 judicio
839 5317 880 5373 ite
894 5317 989 5372 disce·
1043 5318 1154 5390 pigram
1168 5325 1466 5394 putamus,perquem
1481 5321 1536 5393 ipsi
1547 5324 1763 5384 oculitentum
1777 5333 1891 5402 possm

137 5403 228 5457 dero?
241 5404 411 5475 Quanquam
426 5401 505 5457 euim
517 5418 570 5473 ego
597 5403 623 5458 ei
647 5404 843 5460 defensionem
872 5405 988 5476 qualem
1073 5443 1155 5492 ,Μ’
1174 5444 1218 5492 Er·
1236 5449 1264 5493 e,
1277 5445 1339 5495 Lov-

137 5491 447 5563 potuipraebuerim,tu
461 5495 558 5547 tamen
568 5489 660 5561 ipsam
675 5492 731 5548 litis
743 5494 907 5560 turmulam,
921 5511 986 5565 quau
1040 5503 1114 5553 nullo
1126 5505 1180 5555 sore
1194 5511 1303 5571 excepto
1314 5507 1422 5566 buhmt.
1438 5521 1489 5572 per
1500 5511 1755 5574 conparationem.

1343 5481 1350 5502 .
1368 5457 1418 5508 per
1433 5449 1654 5509 temporaneo-m
1667 5452 1829 5516 corporea
1840 5453 1889 5505 llas
