3884 6112
736 203 823 258 vita
844 203 870 259 S.
894 195 1087 261 AUGUSTINI
1111 201 1281 259 uersuum.

631 433 889 556 LIBER
946 431 1401 558 SECUNDUS.

248 618 286 668 Da
302 618 455 683 Augustini,
470 619 633 685 protectione
648 617 674 668 in
688 618 799 679 ltaliam,
815 622 842 666 et
857 616 889 666 de
906 616 984 665 rebus
996 614 1031 665 ibi
1046 616 1079 665 ab
1094 631 1126 666 eo
1141 618 1222 682 gestis
1234 631 1315 682 usqua
1330 618 1363 667 ad
1378 616 1493 667 suumin
1506 615 1624 667 Africam
1639 615 1761 667 raditum.
1842 671 1844 674 .

418 880 531 935 CAPUT
551 878 696 935 Paruum.

133 1008 142 1059 l
168 1005 342 1074 Augustinus
356 1007 467 1060 Romam
486 1004 675 1073 proficiscitur.
697 1002 836 1059 nocente
852 1016 882 1055 ut
898 990 984 1055 inuito

165 1097 260 1146 matre.
278 1094 293 1146 3
315 1092 357 1147 lbi
371 1094 401 1145 in
414 1091 536 1146 morbum
556 1091 654 1146 indicit
672 1092 862 1161 periculosum.
880 1091 897 1144 4
912 1091 985 1144 later

165 1180 329 1235 uontctaos
348 1185 484 1248 emautur,
501 1196 625 1250 quaenam
642 1195 701 1234 eum
715 1182 745 1234 ia
765 1179 874 1234 litorum
895 1178 984 1234 adbuc

165 1272 238 1324 secto
250 1268 427 1324 distinebant.
446 1272 462 1323 5
476 1269 647 1325 dietericum
657 1270 688 1323 in
701 1268 770 1324 Urbe
782 1267 866 1323 docet.

167 1417 193 1469 l.
215 1414 286 1470 Cum
295 1411 329 1467 in'
340 1411 452 1468 ltaliam
463 1411 656 1467 transmittere
663 1410 840 1483 Augustinus
855 1410 984 1466 animum

128 1501 252 1567 induxit,
270 1517 335 1556 eum
351 1501 490 1573 proiecto,
507 1516 594 1572 quem
613 1516 647 1555 ex
665 1500 715 1555 illa
729 1499 908 1571 navigatione
923 1499 984 1554 iru-

129 1594 218 1656 ctum,
242 1593 300 1646 Deo
330 1590 484 1662 aspirante,
505 1594 641 1661 capturus
664 1594 735 1656 erat,
759 1587 982 1660 haudquaquam

128 1679 191 1750 ipse
206 1679 261 1734 sibi
280 1679 479 1750 pollicebatur.
501 1678 628 1735 Romam‘
642 1678 843 1745 contendebat,
859 1676 982 1733 rhetori·

131 1783 193 1822 cam
213 1766 253 1822 ibi
269 1767 460 1838 professurus,
476 1783 534 1821 uon
553 1782 602 1838 spe
622 1767 723 1821 ductus
742 1765 889 1838 amplioris
906 1782 983 1821 cmo·

130 1855 254 1911 iumenti
268 1860 296 1909 et
316 1855 432 1926 majoris
451 1855 581 1922 honoris,
597 1855 712 1910 tametsi
731 1859 759 1911 et
772 1855 871 1911 isthaec
884 1856 982 1911 inccn-

129 1945 198 2012 tiva,
216 1960 281 2016 quae
301 1943 386 1999 amici
405 1943 592 2010 adhibebant,
607 1943 740 1999 nonnihil
758 1949 907 2000 moverent
921 1945 981 2000 ani·

129 2048 209 2087 mum
227 2047 234 2086 ε
250 2031 300 2087 sed
315 2033 376 2088 haec
389 2031 535 2104 praecipua
546 2048 630 2088 causa
640 2037 749 2104 etpenc
758 2033 816 2087 sola
830 2033 980 2106 impulsus,

127 2122 204 2195 quod
213 2121 344 2178 audierat
353 2122 478 2194 quietius
489 2123 678 2193 llomaequam
688 2122 859 2194 Carthagine
867 2123 981 2180 studere

127 2211 333 2278 adolescentes,
347 2214 377 2266 et
391 2210 563 2266 ordinatiore
578 2210 737 2282 disciplinae
752 2211 924 2267 coercitione
936 2228 980 2268 sc·

129 2299 200 2355 dari.
222 2300 328 2354 Verum
349 2299 373 2353 si
396 2315 458 2355 rem
478 2299 563 2354 altius
583 2304 758 2371 repetamus,
773 2301 910 2371 peculiari
930 2302 981 2357 Dei

128 2393 203 2442 nutu
216 2387 403 2459 dirigebatur,
420 2387 471 2459 qui
491 2388 602 2442 occulto
617 2388 737 2443 consilio
758 2394 787 2444 et
805 2390 934 2445 stimulos
955 2391 981 2446 ei

129 2476 297 2532 admovebat
320 2477 426 2548 quibus
448 2477 619 2547 Carthagine
644 2478 824 2548 avelleretur,
838 2482 866 2533 et
883 2479 980 2534 illece-

128 2566 195 2621 bras
209 2565 314 2638 quibus
339 2567 460 2622 Romam
482 2565 672 2621 attraheretur
695 2565 853 2637 adjiciebat,
876 2571 907 2621 ut
929 2583 981 2639 per

127 2653 221 2709 varios
233 2653 351 2709 demum
370 2653 524 2722 anfractus,
540 2654 576 2709 ad
595 2653 692 2710 salutis
706 2658 821 2726 portum
836 2660 979 2711 errantem

128 2743 290 2799 deduceret.
316 2743 396 2808 Quod
412 2743 473 2814 ipse
495 2758 650 2816 agnoscens
673 2744 873 2815 Augustinus:
897 2747 932 2801 Et
950 2747 981 2799 in

127 2834 182 2901 bis,
196 2832 244 2898 ait,
261 2834 390 2888 altissimi
398 2834 440 2888 tui
449 2846 568 2889 recessus
580 2837 605 2888 et
612 2834 825 2903 praesentissima
837 2836 866 2888 in
875 2836 981 2888 noemi-

127 2921 275 2977 sericordio
290 2926 338 2976 tun
352 2921 500 2991 cogitanda
512 2925 539 2976 et
549 2920 728 2992 predicanda
742 2927 781 2977 est
795 2922 912 2991 (Coeles.
931 2923 977 2978 tu.

123 3014 154 3077 ,5,
170 3026 231 3081 cup.
249 3012 276 3078 8,
290 3024 319 3064 a.
338 3010 392 3081 tt).
410 3010 481 3064 Eum
503 3009 634 3065 llessiani
654 3010 832 3082 proconsulis
846 3010 877 3066 in
892 3011 980 3066 Mani-

126 3099 220 3154 choeos
235 3098 294 3153 lata
313 3099 454 3154 sententia
468 3114 634 3171 percussum
654 3115 687 3154 ex
700 3099 794 3155 Africa
808 3100 979 3172 profugisse,

127 3186 309 3256 postmodum
329 3186 506 3257 objectarunt
524 3187 677 3243 adversarii
695 3187 809 3259 (contro
823 3191 891 3244 litt.
906 3191 979 3244 Peti-

128 3276 207 3341 tiuai,
222 3275 270 3329 tib.
285 3276 312 3344 3,
326 3290 355 3330 a.
373 3274 419 3347 30)
434 3292 440 3330 :
453 3292 511 3348 quo
524 3281 685 3333 commento
696 3276 807 3331 nullum
818 3276 979 3332 absurdius.

126 3362 258 3418 ldessiaui
280 3363 388 3436 quippe
414 3365 555 3421 sententia
585 3365 660 3420 dicta
686 3364 741 3420 luit
768 3380 844 3419 anno
878 3365 981 3420 Christi

127 3452 328 3508 trecentesimo
352 3452 526 3526 octogesimo
553 3458 656 3509 sexto:
677 3452 856 3523 Augustinus
883 3457 981 3508 autem

129 3540 282 3597 Mediolani
296 3543 396 3613 procul
416 3541 504 3598 dubio
523 3545 585 3597 erat
600 3545 665 3597 ante
683 3557 793 3597 annum
812 3542 980 3597 trecentesi-

126 3647 207 3687 mum
221 3631 430 3704 octogesimum
450 3630 600 3703 quintum;
620 3630 702 3703 cujus
718 3630 761 3686 rei
776 3630 981 3687 documentum

126 3718 157 3774 in
180 3725 318 3792 promptu
338 3719 461 3775 habebat
489 3719 561 3792 ipse,
588 3720 623 3774 ad
647 3736 722 3787 eam,
749 3720 802 3776 ubi
828 3719 981 3775 necessitas

126 3811 265 3880 posceret,
288 3809 447 3863 multorum
477 3807 633 3863 illustrium
661 3809 789 3864 virorum
817 3809 981 3864 testimonio

126 3898 372 3970 comprobandam
388 3898 637 3956 instructissimus.

160 3990 185 4041 t.
208 3987 266 4042 lloc
288 4002 356 4042 saue
377 3987 433 4043 iter
460 3987 623 4043 clanculum
650 3989 790 4060 suscepit;
818 4004 882 4044 cum
905 3991 982 4046 navi·

125 4075 201 4148 gerit
221 4074 311 4131 inscio
336 4075 399 4147 ipso
425 4076 617 4145 Romaniano,
641 4077 758 4149 quicum
785 4093 836 4133 sua
863 4078 982 4135 consilia

126 4163 341 4221 communicare
360 4164 461 4220 solitus
479 4169 550 4233 erat,
568 4167 650 4238 cujus
662 4166 750 4221 etiam
764 4167 870 4225 liberos
884 4167 984 4223 relicta

126 4254 299 4326 Carthagine
319 4254 482 4310 deserebat.
499 4256 570 4310 Eum
590 4260 687 4311 tamen
709 4256 754 4311 cui
775 4260 815 4312 tot
840 4257 983 4329 tantisque

127 4343 275 4399 beneflciis
293 4342 445 4399 obstrictus
459 4347 531 4414 erat,
544 4343 599 4399 nisi
621 4349 684 4399 tum
704 4344 850 4412 abluisset,
866 4345 894 4401 id
909 4347 983 4401 cela·

127 4433 211 4482 turus
224 4427 310 4483 fuisse
325 4444 384 4484 non
397 4427 511 4484 ridetur
525 4445 532 4483 :
547 4429 740 4501 quamobrem
755 4446 807 4485 nec
821 4430 846 4486 ei
861 4432 904 4486 rel
918 4431 984 4486 leri·

1040 876 1131 931 amico
1150 891 1218 932 mox
1235 876 1404 949 navigaturo
1423 877 1580 944 adhaerere,
1601 892 1691 948 usque
1714 875 1785 932 dum
1806 882 1890 948 portu

1040 965 1189 1021 solvisset:
1203 965 1253 1021 sed
1266 982 1301 1021 eo
1317 954 1380 1021 astu
1393 965 1493 1021 delusa
1507 981 1565 1019 non
1579 970 1622 1019 est
1634 965 1682 1035 pia
1697 965 1797 1020 matris
1811 964 1889 1018 solli·

1038 1054 1147 1122 citudo,
1163 1070 1256 1127 neque
1272 1071 1305 1108 eo
1319 1053 1422 1110 adduci
1436 1053 1541 1126 potuit,
1555 1059 1588 1108 ut
1600 1055 1659 1109 sola
1672 1053 1791 1108 domum
1807 1053 1890 1124 remi·

1037 1149 1153 1215 graret:
1171 1144 1243 1217 quin
1256 1144 1440 1199 vehementer
1454 1144 1545 1199 redire
1559 1142 1702 1198 recusanti
1714 1143 1760 1196 vix
1774 1158 1890 1213 persua·

1038 1248 1102 1288 sum
1117 1237 1170 1303 est,
1183 1233 1252 1289 utin
1263 1234 1325 1288 loco
1337 1232 1404 1289 nari
1417 1232 1549 1304 proximo
1565 1249 1597 1287 ac
1607 1231 1741 1304 Cypriani
1756 1231 1890 1302 martyris

1037 1323 1187 1378 memoria
1205 1339 1284 1379 sacro
1301 1338 1365 1378 cam
1383 1327 1496 1378 noctem
1514 1322 1695 1394 transigeret.
1712 1322 1751 1377 Ea
1765 1320 1835 1376 dum
1849 1321 1891 1376 ibi

1039 1412 1215 1467 orationibus
1237 1412 1348 1466 intenta
1371 1413 1461 1467 Deum
1485 1411 1596 1466 enixius
1620 1411 1834 1482 deprecaretur,
1858 1414 1891 1465 ut

1038 1500 1129 1555 lilium
1146 1500 1328 1571 navigatione
1346 1500 1498 1566 inhiberet,
1513 1501 1538 1554 is
1556 1516 1585 1554 se
1602 1500 1730 1554 clanculo
1744 1498 1889 1566 suhduxit,

1038 1594 1123 1661 atque
1132 1589 1393 1645 obsecundantibus
1406 1589 1496 1644 scutis
1508 1590 1629 1644 Romam
1642 1587 1794 1661 navigavit.
1808 1588 1889 1653 Quod

1037 1679 1086 1733 illa
1102 1694 1186 1733 mane
1200 1695 1265 1733 cum
1281 1678 1527 1749 deprehendisset,
1536 1682 1597 1733 tota
1606 1677 1634 1732 iu
1650 1676 1827 1732 miserabiles
1842 1679 1889 1731 lle·

1038 1771 1083 1821 tus
1099 1766 1197 1834 effusa,
1209 1767 1317 1823 moestis
1331 1767 1447 1823 vocibus
1460 1767 1541 1822 littus
1557 1783 1642 1822 omna
1657 1766 1798 1837 implevit,
1814 1782 1890 1821 nunc

1037 1871 1118 1911 suam
1134 1855 1224 1927 ipsius
1239 1856 1390 1912 orbitatem
1408 1856 1569 1929 deplorans,
1585 1871 1661 1910 nunc
1680 1855 1733 1910 lilii
1746 1854 1889 1918 fraudem,

1037 1959 1114 1999 nunc
1125 1945 1324 2002 crudelitatem
1338 1945 1435 2001 animo
1448 1947 1601 2002 obversans
1612 1961 1673 2000 suo.
1690 1948 1824 2000 Attamen
1839 1943 1891 1999 mi·

1037 2033 1125 2105 tigato
1140 2034 1353 2106 aliquantulum
1367 2033 1457 2089 animi
1471 2035 1579 2101 dolore,
1592 2033 1715 2089 sedatior
1728 2033 1810 2099 lacta,
1826 2031 1888 2086 ina·

1036 2121 1121 2176 nibus
1140 2123 1246 2195 quibus
1266 2140 1296 2178 se
1314 2123 1489 2194 defatigabat
1508 2122 1621 2178 omissis
1639 2121 1773 2194 querelis,
1790 2135 1889 2175 rursus

1036 2210 1072 2265 ad
1094 2210 1147 2265 filii
1167 2212 1287 2267 salutem
1309 2213 1367 2267 Deo
1391 2211 1523 2284 precibus
1545 2209 1802 2266 commendandam
1824 2223 1887 2263 con·

1035 2315 1116 2353 rcrsa
1131 2300 1249 2355 domum
1264 2317 1294 2355 se
1306 2300 1413 2372 recepit
1423 2299 1555 2372 (Consors.
1570 2299 1618 2354 tib.
1636 2303 1663 2367 a,
1673 2315 1735 2369 cup.
1749 2302 1776 2366 8,
1787 2314 1816 2353 a.
1832 2299 1885 2366 15).

1072 2391 1097 2443 3.
1119 2389 1171 2443 Vix
1191 2390 1312 2445 Romam
1334 2390 1502 2446 adventarat
1524 2387 1711 2461 Augustinus,
1733 2402 1800 2443 cum
1823 2401 1887 2441 ecce

1036 2476 1236 2547 gravissimum
1252 2477 1283 2532 in
1302 2478 1436 2533 morbum
1454 2477 1568 2533 incidit:
1585 2477 1704 2548 jamque
1723 2475 1754 2531 iu
1768 2475 1828 2531 dies
1841 2475 1886 2530 in·

1035 2571 1219 2636 gravescente
1239 2567 1339 2622 mortis
1358 2566 1486 2637 periculo
1504 2573 1653 2639 proximus
1672 2570 1742 2621 erat.
1766 2564 1888 2637 Nequid-

1035 2670 1123 2727 quam
1138 2658 1236 2710 tamen
1250 2656 1285 2711 de
1300 2655 1472 2711 salutaribus
1486 2655 1569 2710 undis
1588 2654 1693 2726 quihus
1708 2652 1813 2708 animae
1829 2666 1887 2707 sor·

1035 2743 1085 2799 des
1104 2744 1271 2812 abluuntur,
1286 2745 1322 2800 ab
1341 2761 1376 2799 eo
1395 2744 1597 2816 cogitabatur:
1617 2759 1651 2798 eo
1669 2741 1747 2797 enim
1765 2740 1889 2795 vesania

1035 2838 1222 2904 processerat,
1236 2837 1270 2889 ut
1280 2833 1410 2889 divinum
1424 2834 1478 2889 hoc
1493 2832 1733 2888 medicamentum
1746 2829 1886 2885 irrideret

1035 2920 1138 2992 Ignara
1156 2921 1221 2976 licet
1241 2921 1290 2992 pia
1306 2925 1399 2976 mater
1417 2921 1489 2993 ejus,
1505 2921 1534 2975 in
1558 2919 1635 2991 quod
1656 2917 1795 2973 inciderat
1814 2916 1888 2972 tilius

1038 3008 1101 3064 ritae
1122 3008 1287 3074 discrimen,
1303 3010 1393 3064 nihilo
1414 3009 1531 3082 segnius
1545 3024 1598 3080 pro
1618 3008 1668 3063 illo
1683 3009 1775 3063 Deum
1788 3022 1888 3078 preca·

1035 3096 1135 3165 batur:
1150 3097 1231 3169 cujus
1245 3097 1418 3169 precationis
1431 3097 1593 3151 interventu
1609 3093 1787 3150 convaluisse
1802 3109 1842 3158 sc,
1856 3108 1889 3147 ac

1035 3185 1115 3240 vitali
1136 3186 1248 3240 lavacro
1269 3189 1455 3250 reservatum,
1477 3201 1534 3240 non
1557 3183 1619 3238 sinc
1641 3183 1779 3238 memoris
1800 3181 1889 3238 ammi

1035 3272 1248 3340 testificatione,
1261 3278 1411 3328 memorat.
1427 3275 1486 3331 Non
1499 3275 1568 3328 sctis
1583 3274 1701 3343 eloquor,
1717 3271 1757 3326 ait
1770 3270 1845 3326 hanc
1858 3268 1888 3325 in

1036 3378 1107 3429 rem,
1124 3363 1192 3431 quid
1206 3378 1271 3431 ergo
1280 3379 1321 3417 me
1333 3363 1448 3418 habebnt
1457 3365 1553 3429 animi,
1568 3367 1593 3416 et
1606 3366 1708 3431 quanto
1717 3361 1822 3432 majore
1836 3361 1888 3416 sol·

1035 3450 1178 3506 licitudine
1191 3466 1232 3506 me
1241 3452 1415 3521 parturiebat
1432 3453 1544 3522 spiritu,
1559 3467 1641 3520 qaam
1654 3465 1734 3506 come
1745 3453 1889 3520 pepererat

1036 3539 1130 3609 (ibid,
1146 3556 1206 3610 cop.
1227 3543 1254 3606 a,
1270 3556 1296 3595 n.
1316 3540 1369 3611 16).

1071 3630 1098 3685 i.
1120 3628 1321 3684 Diversabatur
1338 3645 1391 3700 per
1416 3628 1445 3684 id
1468 3632 1582 3701 tempus
1613 3629 1790 3700 Augustinus
1812 3629 1888 3700 apud

1037 3733 1129 3772 unum
1145 3734 1178 3772 ex
1196 3718 1416 3774 llanichoeorum
1437 3723 1513 3774 secta
1531 3717 1710 3785 Auditorem,
1726 3733 1822 3790 neque
1844 3734 1888 3773 so-

1035 3805 1096 3861 lum
1121 3805 1183 3877 ejus
1197 3805 1286 3877 ipsius
1309 3811 1360 3862 aut
1383 3807 1504 3862 aliorum
1527 3806 1709 3876 Auditorum,
1730 3807 1781 3862 sed
1804 3807 1887 3863 etiam

1037 3895 1200 3950 Electorum
1213 3895 1419 3950 consuetudine
1434 3894 1603 3950 familiarius
1613 3899 1706 3960 utens,
1723 3910 1813 3967 quam
1827 3896 1890 3951 reli·

1037 3999 1161 4056 quorum
1180 3982 1342 4048 hominum,
1362 3983 1413 4055 qui
1433 3983 1475 4040 illi
1498 3984 1600 4039 haeresi
1619 4000 1677 4039 non
1697 3983 1888 4040 adhaererent.

1038 4072 1097 4128 Etsi
1122 4087 1190 4126 aero
1214 4072 1434 4127 blanichaeorum
1460 4072 1649 4128 deliramenta
1670 4072 1778 4141 minus,
1804 4090 1889 4147 quam

1038 4167 1105 4217 ante
1120 4160 1220 4216 solitus
1235 4165 1306 4229 crat,
1327 4161 1455 4216 animose
1475 4162 1654 4230 deleuderct;
1674 4178 1774 4217 eorum
1795 4168 1889 4219 tamen

1036 4249 1242 4317 familiaritate,
1259 4265 1332 4321 quos
1350 4267 1457 4322 magno
1474 4266 1595 4305 numero
1616 4252 1706 4307 Roma
1720 4253 1887 4316 occultabat,

1037 4339 1074 4394 ab
1089 4337 1276 4410 inquisitione
1288 4339 1348 4394 veri
1358 4355 1416 4394 non
1428 4356 1529 4411 parum
1542 4339 1752 4396 retardabatur.
1766 4341 1889 4397 Necdum

1036 4443 1104 4482 vcro
1125 4443 1192 4483 eum
1216 4444 1342 4483 errorem
1363 4432 1490 4496 exuerat,
1506 4445 1564 4501 quo
1578 4428 1631 4484 sibi
1653 4446 1686 4484 ex
1710 4445 1812 4485 eorum
1827 4445 1890 4484 scn-

127 4520 172 4571 ter
189 4516 352 4572 succensuit
373 4516 580 4587 Romanianus‚
603 4534 654 4573 nec
675 4518 710 4573 de
727 4517 847 4590 pristina
865 4519 985 4576 benero-
1038 4518 1128 4573 tentia
1143 4518 1302 4586 videbatur,
1319 4535 1377 4574 non
1392 4535 1421 4574 sc
1437 4536 1497 4576 esse
1511 4520 1562 4592 qui
1573 4525 1714 4591 peccaret,
1730 4521 1778 4577 sed
1795 4537 1891 4594 quam·

129 4604 217 4660 lentia
241 4605 351 4661 remisit
377 4606 558 4679 aliquantum
585 4608 696 4677 (Contra
711 4608 861 4671 ¹ricerdem,
885 4610 933 4665 lib.
955 4612 982 4677 t,
1038 4607 1104 4663 dam
1117 4608 1203 4663 aliam
1223 4608 1253 4663 in
1273 4608 1336 4680 ipso
1357 4614 1499 4664 naturam.
1518 4608 1579 4675 Ouo
1597 4608 1736 4681 figmento
1753 4610 1890 4682 sacrilego

124 4710 152 4748 u.
172 4693 198 4764 3)
216 4709 223 4749 :
242 4693 357 4767 quippe
370 4695 416 4750 cui
430 4696 679 4769 perspectiorcrat
691 4696 845 4769 Augustini
859 4697 983 4766 animus,
1039 4697 1183 4769 superbiae
1200 4697 1290 4768 ipsius
1309 4697 1483 4768 blandiente,
1499 4714 1529 4753 sa
1549 4702 1628 4753 extra
1646 4715 1763 4754 omnem
1778 4700 1891 4772 culpam

126 4798 215 4855 quam
239 4788 273 4839 ut
294 4782 446 4839 adversum
461 4801 491 4840 aa
506 4785 652 4857 ingratum
677 4789 763 4857 atque
784 4785 983 4844 immemorem
1038 4801 1109 4853 esse,
1127 4785 1258 4841 lubenter
1274 4785 1433 4858 reputabat.
1448 4785 1547 4842 Adbuc
1565 4789 1636 4842 enim
1654 4787 1890 4857 mitridatem,

129 4871 270 4945 suspicari
283 4877 388 4945 posset.
407 4874 471 4929 Non
486 4875 571 4931 latuit
584 4875 743 4931 llonnicam
759 4876 834 4948 quod
847 4878 983 4949 Augusti·
1038 4875 1143 4947 inquit,
1155 4891 1209 4930 uon
1218 4890 1275 4930 esse
1283 4891 1331 4931 nos
1341 4878 1390 4946 qui
1396 4891 1548 4947 peccemus,
1559 4877 1606 4931 sed
1615 4878 1703 4932 neseio
1713 4892 1796 4947 quum
1808 4879 1893 4932 olims

127 4976 181 5018 nus
195 4960 293 5017 animo
306 4963 437 5019 volvebat
452 4963 649 5035 proficiscendi
661 4964 827 5033 consilium:
840 4981 905 5037 quaa
919 4984 984 5023 cum
1039 4967 1069 5020 iu
1083 4959 1160 5020 nobis
1167 4980 1279 5034 peccare
1289 4969 1434 5030 naturam:
1448 4970 1474 5020 et
1483 4965 1799 5036 delectaborauperbtom
1807 4981 1893 5021 mom

129 5055 360 5118 morematrum,
374 5068 407 5107 ac
418 5052 517 5107 multis
531 5054 623 5108 multo
638 5053 761 5126 amplius
774 5053 826 5108 filii
838 5059 985 5110 consuetu·
1040 5059 1120 5108 entra
1138 5054 1244 5123 culpam
1263 5070 1332 5120 esse:
1355 5060 1380 5110 et
1399 5070 1457 5109 mem
1477 5054 1584 5124 aliquid
1602 5056 1669 5110 muti
1686 5057 1820 5124 fecissen,
1842 5070 1894 5110 aaa

130 5138 197 5196 dine
213 5139 414 5207 delectaretur,
428 5155 522 5213 neque
537 5141 573 5196 ab
588 5158 621 5197 eo
635 5142 732 5198 divelli
746 5159 776 5198 se
790 5158 873 5214 aequo
888 5143 985 5198 animo
1041 5141 1166 5214 confiteri
1178 5158 1220 5197 me
1235 5145 1340 5212 fecisse,
1359 5147 1389 5198 ut
1407 5159 1518 5199 sonores
1539 5147 1668 5213 animum,
1684 5145 1814 5214 quoniam
1833 5159 1894 5215 pec·

129 5228 190 5298 pati
206 5233 303 5301 posset
323 5226 456 5300 (Tagasta
477 5244 513 5283 an
534 5229 703 5302 Carthagine
724 5231 917 5299 decedentem,
933 5232 985 5287 du·
1040 5231 1200 5300 cubuttibir
1216 5233 1264 5287 sed
1277 5248 1472 5288 eccnsureeum
1485 5232 1620 5298 umatum,
1631 5238 1657 5289 et
1669 5248 1797 5289 ocmoore
1808 5235 1896 5289 meio

130 5314 213 5372 bium
228 5320 290 5388 est).
308 5308 391 5373 filum
407 5317 520 5390 insequi
532 5318 690 5387 constituit,
706 5320 798 5376 reiut
814 5337 872 5377 uua
890 5336 986 5376 secum
1041 5320 1110 5390 quid
1123 5321 1212 5388 uliud,
1228 5322 1301 5392 quod
1315 5338 1415 5377 mecum
1434 5328 1510 5390 esset,
1526 5328 1551 5378 et
1567 5339 1614 5392 eqo
1631 5339 1685 5378 aaa
1699 5337 1782 5378 mrem
1795 5322 1894 5392 (lata,

135 5404 254 5461 domum
276 5405 358 5463 illum
379 5407 540 5473 reduceret,
555 5412 605 5463 aut
627 5407 651 5463 si
664 5424 750 5479 porro
769 5409 793 5464 is
806 5409 935 5465 animum
955 5410 986 5465 in
1045 5425 1104 5481 cop.
1117 5412 1194 5478 l0,n.
1207 5411 1260 5482 18).
1274 5411 1340 5466 Erat
1347 5427 1414 5465 vero
1422 5410 1499 5467 istud
1507 5410 1757 5483 longemaximum
1766 5426 1799 5466 ac
1805 5426 1897 5484 propa

131 5494 280 5565 proposito
295 5496 474 5568 obfirmaret,
488 5513 582 5552 comcs
602 5496 711 5553 itineris
730 5498 757 5554 ci
771 5499 985 5571 adjungeretur.
1045 5499 1138 5553 solum
1158 5499 1409 5571 impedimentum,
1424 5500 1577 5571 quominus
1592 5516 1626 5554 ex
1645 5499 1790 5571 profundo
1803 5515 1898 5555 emer·

131 5580 225 5637 Finxit
249 5586 311 5638 tum
331 5585 448 5656 quidem
466 5585 645 5658 Augustinus
663 5587 734 5642 velle
754 5603 783 5641 sc
805 5587 986 5644 solummodo
1042 5593 1134 5661 geret,
1150 5589 1228 5661 quod
1243 5590 1333 5644 neum
1348 5589 1474 5660 cogitare
1489 5604 1547 5644 non
1561 5593 1658 5660 posset
1674 5588 1711 5644 ab
1726 5589 1806 5643 omni
1821 5588 1898 5644 mole
