3884 6112
87 227 154 282 120³
710 221 758 278 DE
776 217 969 290 MAGISTRO,
991 217 1016 275 S.
1039 217 1232 277 AUGUSTlNl
1801 218 1861 274 stoi

85 353 190 418 Virtus,
206 352 234 404 et
247 363 305 403 non
321 347 393 402 iilud
410 344 488 418 quod
500 344 545 400 his
557 345 667 400 duabus
680 342 796 416 syllabis
822 340 932 414 signiti-
1024 344 1067 397 to.
1084 341 1138 397 Sed
1156 356 1193 396 ue
1211 342 1277 414 quis
1298 341 1408 398 tardior
1426 346 1479 397 aut
1496 339 1718 413 impudentior
1736 339 1857 397 nondum

85 444 176 505 catur,
193 437 223 492 iu
237 436 286 491 illo
297 435 385 490 fuisse
400 434 614 490 arbitraremur.
632 433 686 487 Ad.
706 431 837 503 intelligo
852 447 885 486 ae
895 447 935 485 se·
989 430 1079 497 cedat,
1095 433 1269 503 asseratque,
1288 429 1344 486 nisi
1358 430 1415 486 iliis
1428 430 1617 497 auctoribus,
1634 428 1750 500 quibus
1763 429 1855 484 rerbo·

86 542 168 600 quor.
183 527 256 594 Auq.
273 524 371 590 Quid‘l
384 523 455 578 iilud
474 538 570 578 nonne
589 521 727 594 intelligis
751 521 837 576 etiam
864 519 935 575 nihil
989 535 1054 575 rum
1065 519 1143 592 leges
1158 535 1299 575 consensu
1317 520 1446 576 omnium
1465 520 1662 588 tribuuntur,
1679 518 1854 575 nullomodo

85 615 224 671 interesse
237 619 334 667 utrum
357 612 479 683 quisque
494 610 580 680 dicat,
593 609 687 664 Virtus
703 610 871 683 appellatur,
887 625 935 678 an,
989 625 1049 664 esse
1064 624 1226 677 cessurum;
1239 608 1308 681 quid
1326 607 1356 662 iu
1371 608 1460 663 latina
1478 609 1589 680 lingua
1605 607 1802 670 excellentius
1814 607 1855 662 Ci-

87 703 183 760 Virtus
197 701 386 758 nominatur?
399 701 457 754 Ast.
469 699 706 754 Manifestumcst.
721 700 794 768 Aup.
812 700 884 770 Ergo
896 696 936 752 ita
988 711 1090 752 carone
1112 695 1232 752 inveniri
1258 695 1367 767 potest?
1390 698 1426 752 At
1445 696 1494 753 hic
1519 698 1554 752 iu
1578 696 1645 751 suis
1673 694 1853 752 nobilissimis

88 791 270 849 manifestum
287 788 426 855 est,nihil
442 788 579 842 interesse
595 792 693 842 utrum
709 786 873 859 quisdicat,
890 787 937 841 Est
990 783 1168 840 orationibus
1190 800 1260 856 quos
1278 785 1405 840 verrinas
1423 789 1540 849 vocant,
1567 785 1695 850 Coram,
1720 784 1856 856 praeposi·

88 879 258 953 appellatur,
275 893 322 945 an,
338 877 385 932 Est
399 876 566 931 nominatur
580 876 658 947 quod
672 875 702 929 in
715 875 764 930 illo
792 877 862 930 erat.
879 874 934 930 Ad.
989 872 1108 941 tionem,
1119 873 1176 928 sive
1185 873 1234 928 illo
1245 874 1307 928 loco
1318 874 1483 930 adverbium
1496 873 1546 944 sit,
1562 889 1685 929 nomen
1696 872 1852 945 appellarit

88 968 174 1023 Video
188 970 216 1023 et
238 964 285 1019 hic
296 964 368 1019 nihil
393 963 507 1019 distare.
526 965 600 1033 App.
624 954 725 1019 tamne
753 963 842 1018 etiam
857 962 936 1016 vides
990 960 1195 1018 Verumtamen
1210 962 1278 1034 quia
1292 962 1354 1018 fleri
1364 967 1458 1034 potest
1470 968 1503 1018 ut
1515 979 1575 1034 ego
1590 963 1686 1017 iilum
1699 962 1796 1016 locum
1810 964 1854 1016 mi·

87 1056 157 1128 quid
172 1054 258 1108 velim
272 1053 444 1108 ostendere?
456 1052 510 1107 Ad.
528 1052 661 1106 Nondum
676 1067 753 1107 sane.
770 1053 843 1120 Aug.
858 1051 936 1105 Itane
990 1066 1045 1105 nus
1058 1051 1132 1106 benc
1146 1051 1318 1123 intelligam,
1334 1056 1555 1124 exponaturque
1571 1051 1649 1107 alias
1667 1049 1768 1117 aliter,
1784 1051 1854 1105 reia

87 1148 120 1200 tu
136 1160 192 1198 non
206 1142 284 1197 vides
299 1158 404 1197 nomen
431 1157 491 1195 esse
506 1141 534 1195 id
551 1156 608 1212 quo
623 1156 668 1195 res
692 1140 788 1212 eliqua
803 1138 936 1194 nomina·
990 1155 1037 1193 me
1056 1138 1100 1194 rel
1123 1139 1158 1194 ab
1174 1139 1245 1207 alio;
1262 1144 1304 1195 est
1322 1140 1358 1196 ad
1371 1141 1448 1213 quod
1468 1139 1653 1212 responderi
1676 1154 1767 1210 possa
1790 1139 1854 1194 nibil

87 1232 229 1288 tur‘lAd.
248 1232 305 1285 Hoc
334 1231 419 1301 pinne
435 1229 506 1283 nihil
525 1229 630 1283 certius
643 1228 736 1284 rideo.
764 1229 837 1299 Aup.
853 1226 937 1282 tides
990 1231 1072 1299 puto.
1089 1228 1217 1283 Tradunt
1230 1228 1309 1284 enim
1323 1228 1493 1285 nobilissimi
1508 1227 1761 1300 disputationum
1771 1226 1855 1297 magi·

88 1336 168 1393 ergo,
186 1317 578 1389 Estnomenesse,siquidem
590 1317 661 1372 illud
675 1317 824 1389 quoderat
836 1315 936 1381 inillo,
991 1316 1053 1382 stri,
1078 1316 1195 1371 nomine
1214 1320 1243 1372 et
1266 1317 1351 1373 verbo
1373 1317 1487 1388 plenam
1506 1320 1651 1371 constare
1672 1314 1852 1382 sententiam,

90 1410 137 1464 Est
152 1408 327 1463 nominatur.
344 1406 399 1462 Ad.
426 1407 535 1478 Negare
547 1421 605 1460 non
620 1421 747 1477 possum.
765 1407 839 1474 Aug.
866 1406 901 1458 At
914 1403 938 1459 si
992 1420 1056 1477 quae
1079 1402 1217 1459 affirmari
1241 1405 1397 1477 negarique
1419 1405 1527 1477 possit:
1555 1404 1642 1477 quod
1665 1421 1764 1477 genus
1786 1403 1853 1458 idern

90 1513 124 1552 ex
140 1502 168 1552 te
184 1510 344 1567 quaererem
359 1509 424 1566 quae
437 1493 473 1548 sit
482 1510 549 1565 pars
562 1493 711 1562 orationis,
723 1494 785 1560 Est,
805 1508 863 1547 non
876 1491 938 1564 opi·
991 1492 1100 1548 Tullius
1123 1493 1250 1565 quodam
1273 1495 1336 1550 loco
1359 1493 1581 1566 pronuntiatum
1608 1497 1720 1549 vocat:
1748 1497 1778 1547 et
1799 1508 1854 1548 curn

91 1600 144 1641 nor
168 1600 283 1652 nomen,
299 1584 349 1639 sed
375 1582 492 1638 verbum
513 1599 574 1638 esse
591 1583 708 1650 diceres,
737 1598 802 1637 eum
821 1581 851 1636 id
866 1581 938 1636 ratio
991 1580 1071 1636 verbi
1085 1580 1365 1651 tertiapersouaest,
1382 1581 1593 1636 nominativum
1615 1597 1692 1637 cum
1711 1597 1749 1636 ea
1768 1597 1854 1637 casnm

90 1673 178 1728 etiam
191 1689 297 1728 nomen
314 1687 374 1728 esse
389 1672 528 1726 docuerit.
541 1671 595 1727 Ad.
613 1672 654 1726 lta
669 1676 711 1726 est
721 1687 838 1742 prorsus
853 1675 884 1724 ni
899 1670 939 1726 di·
993 1669 1118 1724 nominis
1143 1669 1224 1723 aiunt
1242 1685 1302 1724 esse
1326 1666 1475 1740 oportere;
1499 1673 1529 1724 et
1542 1673 1625 1725 recte
1653 1670 1766 1725 aiunt:
1786 1669 1854 1742 quod

89 1761 139 1817 cis.
156 1763 228 1829 Auq.
246 1762 320 1815 Num
329 1761 422 1815 adhuc
431 1759 544 1814 dubitas
559 1758 628 1813 alias
639 1775 754 1832 quoquc
765 1764 861 1831 partes
876 1775 938 1815 ora·
993 1774 1106 1814 mecum
1121 1758 1145 1812 si
1159 1758 1332 1828 consideres,
1343 1759 1419 1814 velut
1430 1774 1496 1814 cum
1506 1758 1652 1828 dicimus,
1665 1761 1765 1815 Homo
1774 1760 1853 1828 sedat,

90 1848 179 1905 tionis
202 1848 303 1904 eodem
327 1848 424 1916 modo,
454 1864 511 1920 qno
538 1847 805 1917 demonstravimus,
822 1847 941 1905 nomina
994 1847 1089 1919 Eqrrus
1103 1847 1202 1915 currit,
1222 1847 1363 1919 agnoscis,
1381 1851 1414 1902 ut
1430 1847 1545 1919 opinor,
1561 1848 1626 1902 duo
1643 1863 1711 1903 esse
1727 1863 1854 1919 pronun-

91 1938 245 1994 esse‘lAd.
265 1938 325 1993 Non
340 1936 450 2003 dubito,
462 1935 696 2008 quandoquidem
709 1936 801 1991 fateor
816 1935 940 2008 easigni-
993 1935 1072 1991 tiata.
1089 1935 1144 1991 Ad.
1164 1938 1302 2007 Agnosco.
1326 1937 1402 2005 Auo.
1428 1935 1526 1991 Cernis
1540 1935 1572 1990 iu
1592 1936 1728 2008 singulis
1751 1935 1855 2008 singula

91 2024 176 2081 linare
190 2025 308 2097 aliquid.
318 2026 347 2081 Si
357 2028 453 2080 autem
464 2041 508 2079 res
519 2023 587 2096 ipsoe
604 2040 674 2095 quas
689 2023 940 2097 significant,quid
994 2040 1054 2079 esse
1068 2023 1193 2087 nomina,
1208 2024 1239 2079 iu
1253 2040 1311 2080 uno
1323 2026 1422 2092 bomo,
1438 2025 1468 2079 in
1484 2025 1576 2079 altero
1593 2041 1715 2098 equus;
1734 2029 1764 2079 et
1778 2023 1853 2079 verbs

92 2113 214 2186 singulae
228 2113 419 2186 appellentur,
447 2113 476 2167 id
491 2118 533 2166 est
548 2113 746 2183 nominentur,
762 2113 939 2185 interroges,
994 2111 1117 2184 singula,
1140 2112 1172 2167 in
1195 2129 1252 2168 uno
1275 2114 1364 2183 sedet,
1378 2112 1409 2168 in
1425 2113 1513 2169 altero
1533 2113 1653 2168 currit?
1677 2113 1738 2169 Ad.
1761 2114 1853 2170 Cerno.

92 2202 264 2274 respondere
280 2205 339 2256 ndu
354 2217 481 2273 possum,
495 2201 550 2255 nisi
564 2217 611 2255 eas
627 2201 703 2272 ipsas
726 2205 820 2272 partes
838 2201 941 2255 oratio·
994 2200 1070 2269 Artp.
1087 2201 1159 2272 Ergo
1175 2199 1199 2255 si
1218 2200 1353 2268 dicerem,
1371 2201 1449 2257 sedet
1465 2204 1591 2266 tautum,
1618 2206 1674 2257 aut
1688 2201 1784 2256 currit
1800 2204 1854 2255 tau·

92 2287 146 2356 uis,
162 2304 233 2360 quas
245 2287 361 2343 nominc
376 2304 433 2342 non
448 2302 592 2355 vocamus,
609 2287 670 2358 sed,
686 2291 718 2341 nt
732 2303 827 2356 cerno,
841 2302 941 2343 vocare
994 2291 1065 2353 tum,
1082 2292 1157 2342 recte
1172 2304 1188 2342 a
1202 2303 1248 2343 me
1263 2304 1416 2361 quaereres,
1434 2289 1498 2360 quis
1512 2290 1558 2344 rel
1575 2289 1673 2362 quid3
1692 2294 1730 2345 ut
1743 2303 1854 2360 respon·

94 2376 299 2431 convincimur.
994 2376 1103 2446 dorem,
1122 2378 1224 2442 Homo,
1239 2378 1283 2431 rel
1298 2392 1397 2449 equus,
1420 2379 1464 2432 vel
1489 2376 1613 2447 animal,
1638 2378 1687 2433 rel
1712 2377 1856 2450 quodlibet

130 2467 173 2520 15.
189 2466 261 2532 Aoq.
275 2463 387 2518 Nihilne
401 2468 429 2518 te
442 2468 548 2529 moret,
564 2479 601 2518 ne
628 2462 693 2536 quis
709 2464 810 2519 existat
826 2464 876 2536 qui
892 2481 942 2520 no
995 2464 1082 2533 aliud,
1098 2481 1155 2536 qno
1169 2465 1259 2536 possit
1269 2481 1374 2520 noman
1387 2464 1532 2521 redditum
1544 2465 1639 2521 rarbo
1655 2466 1786 2538 implere
1798 2481 1853 2538 pro

94 2555 183 2607 stram
197 2552 281 2607 istam
309 2551 450 2607 rationem
478 2551 628 2606 inbeiactet
655 2551 786 2619 dicendo,
806 2553 940 2623 Apostolo
995 2553 1169 2614 nuntiatum,
1184 2553 1212 2608 id
1228 2553 1363 2609 estiliam
1386 2553 1559 2610 sententiam
1576 2571 1651 2627 quae
1675 2555 1856 2610 affirmariet

93 2656 154 2696 non
166 2640 328 2707 verborum,
345 2640 393 2695 sed
409 2655 506 2694 rerum
523 2639 721 2695 auctoritatem
736 2656 797 2695 esse
812 2641 940 2696 tribuen-
994 2641 1094 2713 negari
1108 2644 1211 2712 potest.
1227 2640 1281 2696 Ad.
1298 2640 1438 2713 Intelligo.
1457 2642 1531 2710 Anp.
1546 2644 1680 2699 Attende
1701 2647 1856 2711 coeternas

93 2730 159 2785 dam
172 2748 180 2798 3
195 2730 383 2801 quamobrem
402 2728 621 2783 fundamentum
635 2728 828 2800 persuasionis
856 2728 941 2800 hujus
995 2728 1073 2801 linge
1086 2746 1137 2784 nos
1157 2729 1254 2784 videre
1269 2729 1377 2802 aliquid
1396 2729 1520 2802 longius,
1537 2733 1566 2785 et
1578 2731 1738 2787 incertum
1759 2732 1856 2788 babere

93 2830 153 2870 non
170 2818 230 2870 tam
250 2830 310 2870 esse
338 2814 454 2870 iirmum
483 2831 570 2887 quam
597 2819 732 2887 putamus
749 2831 756 2869 ε
772 2815 836 2870 fieri
864 2815 941 2871 enim
995 2821 1094 2874 utrum
1118 2817 1274 2873 enimalsit
1291 2834 1328 2872 an
1351 2819 1521 2888 saxum,vel
1537 2819 1612 2892 quid
1636 2820 1734 2889 aliud,
1761 2836 1857 2894 meque

93 2919 176 2975 posse
192 2909 224 2958 ut
239 2905 354 2971 Paulus,
368 2920 534 2976 quanquam
549 2903 650 2959 vixerit
663 2904 886 2976 praeceperitque
899 2920 941 2960 rc-
995 2905 1049 2961 tibi
1063 2906 1167 2974 dicere,
1183 2906 1256 2972 Quia
1266 2905 1354 2962 bomo
1365 2911 1417 2975 est,
1432 2907 1539 2962 animal
1554 2911 1615 2976 est;
1634 2925 1741 2964 nonne
1756 2912 1856 2965 benere

94 2991 231 3060 ctissme¹,
248 2992 344 3048 minus
370 2997 467 3047 tamen
485 2995 560 3047 recte
586 2993 697 3048 locutus
723 2993 767 3059 sit,
797 3008 863 3047 cum
891 2992 941 3062 ait,
995 2992 1205 3048 diceremlAd.
1220 2993 1337 3048 Temere
1353 2993 1488 3049 omniuo:
1504 2994 1555 3050 scd
1569 3010 1633 3049 nou
1649 2996 1856 3069 temereplans

94 3081 183 3135 Estia
200 3079 335 3144 stromat,
357 3077 516 3149 prasertim
541 3094 606 3134 cum
635 3095 665 3133 se
689 3079 749 3151 ipse
777 3079 941 3150 imperitum
995 3082 1113 3150 diceres,
1127 3080 1156 3136 Si
1170 3082 1256 3136 bomo
1280 3086 1332 3150 est,
1348 3081 1456 3137 animal
1479 3085 1530 3136 est.
1557 3084 1640 3151 Aug.
1667 3084 1762 3140 Recte
1783 3084 1854 3140 dicis.

95 3180 226 3220 sermone
241 3166 386 3221 fateatur?
400 3165 508 3236 (licor.
534 3182 573 3232 11,
590 3166 629 3238 6,)
642 3183 699 3238 quo
713 3167 830 3223 tandem
856 3168 941 3223 modo
996 3172 1096 3242 ltaque
1110 3170 1141 3224 in
1156 3169 1299 3225 locutione
1308 3174 1358 3226 tua
1372 3171 1466 3242 placet
1475 3169 1558 3238 mihi,
1569 3170 1618 3238 Si3
1634 3173 1740 3244 placet
1754 3177 1784 3228 et
1793 3173 1854 3228 tibi:

94 3253 182 3308 istum
197 3253 382 3309 refellendum
400 3253 569 3308 arbitraris?
585 3254 640 3309 Ad.
657 3254 733 3309 Nihil
760 3254 850 3310 habeo
865 3254 942 3326 qnod
996 3256 1111 3329 utrique
1124 3262 1221 3312 autem
1237 3262 1367 3313 nostrum
1381 3258 1412 3313 in
1430 3274 1493 3313 mea
1507 3258 1685 3330 disciplicet,
1704 3261 1792 3328 Quia.
1806 3262 1853 3318 Ad.

94 3341 299 3411 contradicam,
316 3347 343 3397 ct
358 3346 385 3397 te
398 3358 449 3397 oro
474 3346 507 3396 nt
530 3340 655 3413 aliquem
671 3342 705 3396 de
728 3342 785 3397 illis
805 3342 941 3415 reperias,
995 3345 1153 3401 Assentior.
1168 3347 1241 3415 Aac.
1263 3346 1334 3402 Vide
1345 3347 1405 3418 jam
1424 3350 1521 3402 utrum
1535 3346 1600 3402 istae
1617 3348 1689 3404 duas
1709 3350 1855 3406 sententie

94 3430 199 3504 quibus
213 3431 366 3487 verborum
382 3430 481 3486 notitia
489 3446 602 3486 summa
611 3430 785 3497 conceditur,
800 3432 881 3504 cujus
895 3447 942 3488 au·
995 3435 1082 3506 plena
1104 3435 1290 3505 pronuntiate
1317 3435 1392 3490 sint:
1420 3435 1514 3491 Placet
1536 3435 1569 3504 si,
1601 3435 1759 3509 displicet,
1784 3439 1853 3511 quis.

94 3519 223 3575 ctoritate
235 3520 330 3592 potius
343 3519 372 3576 id
392 3520 469 3593 quod
497 3518 577 3591 cupis
605 3518 720 3574 efficias.
750 3522 825 3588 Aac.
851 3520 942 3576 ilinus
994 3523 1051 3579 Ad.
1068 3523 1155 3579 Plena
1170 3523 1297 3579 omnino.
1312 3529 1387 3594 Aug.
1401 3525 1474 3596 Age,
1489 3539 1565 3578 nunc
1580 3524 1630 3580 dic
1646 3526 1728 3582 mihi
1744 3544 1808 3600 qna
1820 3527 1854 3582 ibi

95 3606 171 3661 enim
185 3606 237 3662 tibi
251 3607 365 3662 videtur
378 3606 490 3673 idonee,
504 3605 622 3661 remotis
637 3605 862 3677 auctoritatibus,
880 3606 944 3679 ipsa
996 3609 1160 3679 sintverba,
1183 3627 1247 3683 quae
1267 3611 1392 3666 nomina.
1416 3611 1472 3667 Ad.
1498 3610 1592 3666 Verba
1618 3612 1663 3669 ibi
1677 3614 1770 3671 rideo
1792 3630 1853 3679 erse.

93 3695 179 3764 ratio,
193 3693 896 3768 quademonstraturomnibuspartibusorationis
907 3694 943 3750 si·
996 3698 1098 3769 placet,
1112 3703 1150 3766 et,
1165 3698 1312 3771 displicet:
1339 3698 1457 3754 nomina
1478 3715 1545 3755 vero
1562 3700 1639 3772 quid
1659 3702 1750 3759 aliud
1765 3718 1852 3777 qnam.

95 3783 225 3855 gniiicari
239 3783 357 3854 aliquid,
369 3787 396 3837 ct
406 3800 437 3837 ex
447 3799 480 3837 eo
490 3782 643 3853 appellari3
656 3783 781 3837 siantem
792 3784 941 3855 appellari,
997 3785 1030 3853 si,
1043 3790 1081 3854 et,
1097 3787 1183 3859 quia‘l
1196 3789 1269 3857 Aup.
1285 3789 1339 3842 ilas
1354 3803 1423 3859 ergo
1438 3787 1508 3843 duas
1522 3789 1760 3861 conjunctiones
1777 3793 1854 3848 edam

95 3875 124 3927 et
136 3871 296 3937 nominari;
315 3871 339 3924 si
352 3871 507 3938 nominari,
522 3869 638 3924 nomine
654 3870 752 3943 utique
773 3872 940 3928 nominari:
996 3873 1114 3929 nomina
1128 3890 1189 3929 esse
1203 3874 1271 3930 satis
1294 3875 1447 3947 probatum
1472 3878 1523 3931 est.
1538 3876 1597 3931 Ad.
1623 3879 1758 3935 Prorsus
1777 3879 1850 3935 satis.

95 3959 170 4031 quod
183 3957 215 4013 in
230 3958 346 4014 diversis
353 3958 461 4030 linguis
473 3957 606 4013 facillime
612 3957 769 4029 judicatur.
782 3959 850 4026 Quis
865 3959 942 4016 enim
996 3961 1069 4029 Auo.
1081 3963 1201 4018 Potesne
1213 3963 1275 4035 ipse
1285 3979 1337 4037 per
1346 3968 1374 4019 te
1386 3964 1416 4018 iu
1431 3962 1494 4018 aliis
1503 3963 1639 4035 partibus
1650 3969 1800 4024 orationis
1808 3969 1853 4024 boe

94 4063 154 4103 non
169 4047 271 4115 videat,
288 4045 312 4101 si
321 4062 432 4119 quaeras
447 4046 516 4118 quid
528 4047 618 4102 Grreci
634 4046 784 4103 nominent
799 4049 877 4120 quod
889 4064 942 4105 nos
997 4048 1073 4105 idem
1089 4051 1123 4106 ad
1138 4051 1268 4107 eamdem
1283 4051 1412 4124 regulam
1428 4051 1548 4107 doceret
1562 4053 1620 4108 Ad.
1635 4055 1778 4114 Possum.

94 4135 288 4205 nominamus,
303 4134 380 4203 Quis,
402 4133 578 4207 responderi,
593 4133 643 4189 τίς·
659 4135 729 4207 quid
747 4135 835 4191 Graeci
850 4137 941 4192 nomi·
1127 4140 1239 4196 CAPUT
1253 4141 1299 4195 Vl.
1315 4170 1349 4182 -
1363 4141 1451 4209 spec
1464 4142 1509 4196 sui
1522 4141 1732 4212 significativa.

94 4229 164 4281 nent
177 4225 255 4298 quod
270 4240 321 4279 nos
350 4223 545 4290 nominamus,
573 4223 653 4292 Volo,
668 4224 845 4295 responderi.
861 4223 940 4272 tite·
1034 4230 1075 4282 Π.
1091 4228 1164 4297 Aup.
1188 4228 1377 4283 Transeamus
1399 4244 1468 4300 ergo
1495 4226 1572 4297 hinc,
1597 4231 1713 4303 etjam
1730 4232 1852 4290 dicmibi

93 4313 162 4386 quid
176 4313 266 4371 Greci
281 4313 434 4369 nominent
448 4312 524 4384 quod
551 4328 603 4367 nos
632 4312 828 4381 nominamus,
855 4315 941 4384 Bene,
995 4319 1092 4372 utrum
1107 4317 1180 4372 sicut
1203 4316 1301 4372 omnia
1323 4316 1408 4371 rerba
1429 4317 1556 4384 nomina,
1571 4321 1602 4372 et
1616 4321 1726 4376 omnia
1745 4322 1852 4378 nomina

93 4401 382 4474 responderimus·
399 4401 470 4474 qnid
497 4400 586 4456 Graeci
613 4400 763 4456 nominent
786 4402 863 4473 quod
891 4418 942 4458 nos
995 4405 1082 4460 verba
1110 4421 1170 4461 asse
1193 4403 1396 4476 comperimus,
1420 4404 1461 4460 ita
1483 4404 1536 4460 tibi
1559 4409 1589 4461 et
1612 4409 1720 4464 omnia
1741 4411 1852 4467 nomine

92 4492 288 4563 nominamus,
319 4491 477 4563 Scriptum,
511 4487 689 4560 responderi,
709 4491 737 4537 τὸ
753 4490 940 4553 γεγραμμένον·
994 4493 1140 4560 vocabula,
1157 4493 1442 4549 etomniavocabula
1461 4493 1578 4549 uomina
1598 4511 1665 4551 esse
1688 4497 1847 4555 rideantur.

93 4581 161 4652 quid
176 4582 264 4637 Greci
279 4582 430 4637 nominent
448 4581 525 4653 quod
553 4595 607 4634 nos
621 4579 815 4647 nominamus,
833 4581 875 4648 Et,
895 4597 940 4637 re·
978 4581 1050 4637 Aa.
1067 4582 1154 4637 Plane
1169 4581 1243 4637 inter
1256 4583 1317 4637 baec
1331 4581 1400 4654 quid
1412 4581 1498 4637 distet
1511 4586 1620 4654 preter
1634 4584 1789 4644 diversum
1803 4588 1850 4659 syl·

92 4668 236 4737 sponderi,
251 4669 312 4714 eat·
330 4668 399 4740 qnid
415 4668 503 4723 Graeci
518 4666 667 4722 nominent
685 4666 760 4739 quod
775 4683 827 4722 nos
847 4668 939 4722 nomi·
995 4669 1125 4724 labarum
1139 4685 1243 4724 sonum
1257 4685 1315 4724 non
1329 4669 1423 4724 video.
1440 4670 1513 4738 Aac.
1532 4670 1588 4724 Nec
1603 4685 1660 4743 ego
1677 4672 1802 4731 interim
1812 4691 1849 4729 re·

92 4773 205 4825 namus,
233 4755 285 4824 Ab,
311 4756 571 4829 responderetur·
588 4755 659 4828 quid
685 4755 774 4811 Graeci
789 4756 942 4812 nominent
994 4755 1073 4823 sisto,
1097 4772 1263 4830 quanquam
1279 4773 1337 4812 non
1352 4756 1447 4812 desint
1461 4757 1511 4830 qui
1525 4757 1614 4814 etiam
1639 4761 1849 4833 significatione

92 4847 170 4921 quod
183 4845 432 4912 nosnominamus,
445 4847 515 4912 ileu,
524 4843 702 4916 responderi,
711 4841 734 4890 οἵ
744 4857 751 4871 ·
763 4843 885 4915 atquein
895 4844 940 4898 his
993 4844 1046 4899 iste
1061 4843 1234 4912 discernunt,
1251 4860 1373 4916 quorum
1384 4845 1556 4901 sententiam
1570 4848 1660 4904 modo
1671 4853 1849 4908 considerare

91 4935 224 4993 omnibus
236 4933 364 5013 partibus
375 4933 603 5007 orationis,quas
618 4949 695 4988 nunc
709 4930 939 4999 enumeravi,re·
993 4949 1053 4987 non
1067 4948 1139 5005 opus
1154 4937 1204 4988 est.
1231 4933 1284 4989 Sed
1299 4938 1375 4988 certe
1399 4933 1605 4990 animadvertis
1621 4938 1660 4993 ad
1683 4955 1721 4995 aa
1742 4942 1804 5013 jam
1817 4939 1848 4995 si·

91 5031 135 5082 cte
148 5023 229 5097 loqui
239 5038 305 5077 eum
316 5021 365 5092 qui
378 5021 754 5096 sicinterroget:quod,nisi
765 5019 939 5076 nominaes-
993 5036 1049 5092 gna
1064 5037 1115 5076 nos
1130 5020 1302 5094 parvenisse,
1318 5038 1381 5095 quos
1394 5038 1424 5077 se
1439 5021 1562 5078 invicem
1577 5023 1761 5098 significent,
1778 5029 1847 5084 nulla

89 5118 163 5184 sent,
171 5113 232 5168 lieri
239 5111 476 5182 nonpossetlilac
485 5125 552 5181 ergo
559 5111 686 5166 oratione
694 5109 936 5180 Paulnmaposto·
992 5115 1097 5181 praeter
1108 5127 1210 5166 sonum
1225 5110 1369 5180 distantia,
1385 5115 1412 5166 et
1427 5127 1492 5184 quse
1502 5111 1598 5184 seipsa
1609 5115 1779 5186 significent
1789 5133 1846 5173 curn

89 5203 150 5258 lum
158 5206 232 5257 recte
239 5201 366 5256 locutum
378 5214 449 5267 esse,
458 5198 648 5253 cumremolis
659 5199 788 5254 omnium
799 5197 936 5270 eloqueu·
992 5199 1102 5254 ceteris
1114 5199 1248 5254 omnibus
1258 5199 1387 5270 pertibus
1399 5199 1548 5256 orationis.
1561 5201 1619 5257 Au.
1633 5203 1698 5260 Non
1708 5206 1844 5277 intelligo.

89 5291 162 5346 tium
175 5288 390 5347 auctoritatibus
406 5286 534 5342 obtinere
548 5287 711 5357 possimus,
728 5287 796 5359 quid
811 5302 883 5358 opus
897 5290 940 5341 est
991 5286 1064 5354 Aup.
1082 5287 1144 5342 Non
1159 5303 1227 5360 ergo
1242 5286 1379 5360 intelligis
1392 5291 1420 5343 et
1435 5304 1541 5344 nornen
1560 5292 1708 5349 vocabulo
1721 5301 1751 5350 et
1767 5311 1844 5350 voca-

89 5395 218 5450 quasrera
233 5381 313 5451 cujus
341 5391 463 5449 persona
490 5367 631 5430 seinteutia
657 5381 755 5430 nostra
781 5375 939 5431 fulciatur?
990 5372 1091 5430 bulum
1107 5376 1223 5431 nomine
1237 5376 1407 5449 signiticari;
1423 5381 1452 5432 et
1465 5377 1504 5432 ita
1518 5382 1552 5434 nt
1565 5385 1676 5450 praeter
1691 5399 1796 5439 sonum
1805 5383 1844 5439 iit·

120 5477 129 5511 ¹
144 5476 205 5525 tiss.
216 5475 324 5539 habent,
339 5474 438 5525 ‹ttcert
444 5471 654 5539 preceperttqae
663 5473 810 5523 recitastme.
993 5466 1119 5519 terarum
1137 5464 1211 5521 nihil
1228 5464 1351 5535 intersit,
1374 5470 1514 5538 quantum
1533 5467 1568 5522 ad
1586 5474 1728 5540 generale
1745 5488 1842 5529 nomen
