3884 6112
138 246 205 301 1255

134 365 225 421 cimus
237 362 337 417 beatos
349 375 402 415 nos
418 372 479 414 esse
490 356 564 411 velle
580 371 587 411 :
603 355 642 411 ita
657 353 745 408 etiam
757 353 926 426 priusquam
940 372 984 411 sa·

135 453 247 527 pientes
262 449 362 517 simus,
377 447 524 520 sapientire
539 444 685 500 notionem
700 442 832 498 inmente
847 443 986 500 babemus

137 544 316 614 impressam,
333 556 386 610 per
400 554 487 610 quam
498 534 694 606 unusquisque
710 538 838 588 nostrum
855 534 878 588 si
893 534 985 590 inter·

138 638 259 704 rogetur
277 629 381 685 velitne
393 643 454 682 esse
470 624 593 695 sapiens,
609 622 670 678 sine
686 622 743 677 ulla
757 621 879 695 caligine
903 623 985 679 dubi-
1009 625 1012 631 '

136 724 252 781 tationis
266 738 295 776 se
310 720 383 774 velle
396 715 560 787 respondet.

172 816 217 867 27.
230 812 322 876 Quare
338 807 360 862 si
372 807 434 878 jam
448 808 560 860 constat
572 801 648 859 inter
660 817 712 856 nos
726 816 791 874 quas
819 799 856 855 sit
870 802 984 872 sapien-

136 901 186 966 tia,
204 914 290 971 quam
305 896 424 950 tortasse
439 892 533 948 verbis
548 891 688 963 explicare
703 906 761 944 non
779 893 892 962 poteras
907 888 985 961 (nam

134 988 158 1044 si
168 1003 232 1043 eam
246 986 325 1041 nullo
341 984 426 1039 modo
441 982 537 1037 animo
553 995 694 1047 cerneres,
709 979 788 1033 nullo
804 979 888 1034 modo
899 979 985 1035 scires

134 1068 163 1134 et
175 1077 247 1132 velle
261 1080 289 1131 to
303 1091 362 1130 esse
378 1072 536 1144 sapientem
550 1075 578 1125 et
587 1069 658 1124 velle
669 1069 783 1136 debere,
799 1069 876 1140 qnod
891 1074 918 1124 te
933 1085 984 1125 ne-

134 1170 270 1239 gaturum
289 1179 349 1218 esse
377 1178 436 1217 nou
465 1158 609 1229 arbitror),
637 1159 701 1213 volo
715 1158 776 1229 jam
797 1158 874 1213 dicas
902 1157 983 1227 mihi,

134 1258 233 1311 utrum
244 1251 330 1309 etiam
345 1249 527 1322 sapientiam,
537 1247 610 1303 sicut
620 1245 734 1301 numeri
744 1246 886 1301 rationem
899 1251 984 1319 atque

133 1339 424 1398 veritatcmomuibus
437 1336 672 1393 ratiocinantibus
680 1351 862 1391 communem
872 1352 901 1390 se
914 1353 985 1407 prac-

134 1434 203 1489 bere
218 1429 384 1498 arbitreris;
400 1445 437 1483 au
451 1426 590 1499 quoniam
609 1429 652 1480 tot
666 1429 733 1479 sunt
759 1430 869 1480 mentes
892 1425 985 1480 homi·

133 1538 206 1578 num
220 1526 291 1593 quot
304 1517 436 1574 homines
451 1520 528 1581 sunt,
544 1514 620 1569 unde
635 1528 687 1568 nec
701 1529 769 1585 ergo
784 1515 818 1569 de
833 1517 984 1569 tuamente

133 1610 350 1682 aliquidccrno,
371 1621 423 1660 nec
436 1608 468 1659 tu
483 1604 518 1659 dc
539 1619 613 1671 mea,
635 1607 679 1658 tot
701 1602 785 1658 etiarn
810 1607 893 1674 putes
923 1619 983 1658 essa

134 1699 298 1772 sapientias,
317 1699 388 1770 quot
402 1693 550 1767 potuerint
565 1709 626 1748 osse
641 1691 795 1765 sapientes.
809 1695 842 1748 Ε.
864 1692 893 1748 Si
908 1708 984 1747 sum-

134 1774 216 1845 murn
230 1789 339 1844 bonum
354 1783 487 1839 omnihus
502 1797 593 1836 untrm
610 1785 661 1847 est,
685 1784 797 1851 oportet
811 1780 898 1835 etiam
909 1779 983 1836 veri·

132 1883 221 1935 tatem
235 1877 266 1932 in
281 1892 339 1948 qna
352 1872 479 1929 cernitur
493 1874 521 1926 et
537 1874 660 1938 tenetur,
675 1868 705 1925 id
731 1874 773 1925 est
800 1869 980 1942 sapientiam,

134 1967 266 2024 omnibus
281 1979 369 2020 unam
384 1978 445 2018 esse
460 1975 655 2016 communem.
684 1960 724 2015 A.
753 1958 869 2014 Dubitas
886 1964 983 2015 autem

133 2072 281 2113 summum
301 2055 421 2118 bonnm,
436 2049 577 2122 quidquid
591 2048 661 2102 illud
677 2051 720 2102 est
734 2047 868 2103 omnibus
888 2046 981 2102 homi-

133 2147 217 2202 nibus
232 2159 324 2201 unum
337 2156 397 2198 esse
409 2139 422 2194 i
435 2141 466 2194 Ε.
486 2137 591 2193 Dubito
607 2152 685 2203 sane,
712 2134 780 2208 qaia
794 2135 920 2191 diversos
942 2135 983 2191 di-

133 2234 222 2290 versis
236 2233 321 2288 rebus
345 2230 470 2302 gaudere
488 2226 570 2281 video
591 2229 728 2297 tanquam
758 2225 877 2280 summis
900 2224 983 2280 bonis

133 2322 202 2378 suis.
218 2322 254 2377 A.
270 2321 378 2374 Vellem
392 2316 520 2389 quidem,
538 2319 569 2370 ut
582 2314 616 2369 de
631 2330 743 2369 summo
757 2314 832 2369 bono
843 2314 884 2369 ita
897 2331 982 2369 nemo

133 2410 288 2476 dubitaret,
301 2411 334 2462 ut
347 2421 432 2461 nemo
460 2404 572 2460 dubitat
585 2402 725 2475 quidquid
753 2403 824 2458 illud
850 2406 904 2470 est,
926 2420 984 2459 nou

133 2497 188 2553 nisi
204 2514 237 2553 eo
251 2496 355 2566 adepto
378 2509 462 2565 posse
476 2491 539 2548 lieri
553 2491 700 2547 hominem
714 2491 841 2547 beatum.
853 2491 906 2547 Sed
915 2509 984 2565 quo-

132 2585 212 2643 nium
227 2601 332 2657 magna
346 2582 466 2655 quaestio
482 2586 533 2649 est,
546 2585 574 2636 et
591 2583 710 2652 longum
729 2596 891 2636 sermonem
912 2581 983 2637 iorte

133 2674 289 2744 desiderat,
310 2677 445 2745 putemus
465 2671 584 2726 omnino
612 2672 654 2724 tot
681 2685 794 2725 summa
817 2670 892 2725 bona
911 2686 981 2738 esse,

132 2768 204 2836 quot
226 2768 294 2819 sunt
307 2762 377 2834 ipsae
391 2778 436 2817 res
451 2760 570 2816 diversae
597 2774 661 2830 quae
672 2775 689 2813 a
700 2758 818 2814 diversis
844 2765 983 2832 tanquam

132 2868 245 2909 summa
260 2852 336 2906 bona
351 2853 545 2923 appetuntur:
561 2865 632 2904 num
646 2848 710 2903 ideo
721 2849 861 2920 sequitur,
875 2855 908 2903 ut
920 2847 984 2920 ipsa

132 2941 273 3013 sapientia
288 2941 375 2995 etiam
388 2954 447 2994 non
458 2938 495 2993 sit
504 2955 561 2992 una
575 2937 735 2992 communis
747 2937 890 3004 omnibns,
914 2937 984 3009 quia

133 3046 167 3085 ea
180 3031 267 3099 bona,
284 3046 348 3100 quas
367 3028 397 3083 in
420 3028 469 3082 illa
500 3031 622 3082 cernunt
649 3030 677 3081 et
704 3026 815 3098 eligunt
841 3026 981 3095 homines,

132 3119 223 3172 multa
239 3122 267 3171 et
281 3117 390 3171 diversa
416 3117 506 3170 sunt?
521 3115 550 3170 Si
566 3114 642 3171 enim
671 3116 724 3171 hoc
737 3120 831 3187 putas,
848 3120 929 3187 potes
955 3121 996 3171 et.

132 3205 168 3261 de
181 3206 245 3260 luce
260 3206 328 3259 solis
345 3204 475 3259 dubitare
491 3204 568 3274 quod
581 3219 640 3259 una
654 3203 699 3271 sit,
715 3204 783 3276 quia
799 3206 889 3260 multa
904 3209 932 3260 ct
942 3205 983 3259 di-

131 3310 213 3350 versa
227 3298 303 3360 sunt,
320 3309 385 3364 quas
396 3293 466 3348 inea
476 3292 629 3348 cernimus.
644 3293 682 3348 De
695 3293 800 3364 quibus
814 3293 913 3349 multis
925 3296 983 3350 ele·

131 3383 176 3456 git
190 3382 311 3455 quisque
326 3398 377 3454 pro
391 3381 540 3436 voluntate
554 3397 611 3453 qno
624 3381 736 3437 fruatur
754 3398 806 3453 per
832 3382 981 3437 oculorum

132 3487 249 3526 sensnm
262 3488 268 3526 :
280 3475 308 3526 et
322 3470 395 3526 alius
409 3470 589 3526 altitudinem
604 3469 711 3526 montis
725 3471 844 3543 alicujus
854 3471 983 3527 intuetur

132 3559 266 3619 libenter.
283 3565 312 3616 et
328 3576 361 3615 eo
376 3560 481 3631 gaudet
492 3564 608 3632 aspectu
618 3576 625 3627 ;
637 3559 810 3630 aliuscampi
821 3559 982 3631 planitiem,

132 3649 206 3704 alius
221 3665 343 3704 convexa
355 3649 493 3718 {vallium
521 3649 593 3703 alius
622 3664 774 3704 nemorum
796 3649 981 3716 viriditatem,

132 3737 206 3793 alius
221 3738 359 3793 mobilem
374 3737 564 3808 aequalitatem
579 3737 675 3802 maris,
697 3736 771 3791 alius
793 3738 855 3792 haec
874 3737 980 3804 omnia,

131 3826 176 3881 vel
191 3826 326 3896 quiedam
340 3826 445 3880 horum
455 3824 540 3879 simul
551 3825 790 3895 pulclrraconfert
805 3826 839 3880 ad
852 3824 981 3880 laetitiam

131 3912 255 3968 videndi.
269 3912 347 3967 Sicut
361 3928 429 3984 ergo
439 3913 494 3968 ista
511 3913 601 3968 multa
616 3917 645 3967 et
661 3913 771 3967 diversa
780 3919 856 3981 suut,
873 3931 937 3986 quae
952 3914 981 3968 iu

131 4005 195 4058 luce
210 4001 276 4056 solis
290 4001 421 4056 homines
435 4001 532 4057 vident
541 4005 570 4056 et
584 4001 693 4072 eligunt
706 4003 743 4058 ad
757 4003 921 4070 nuendum,
934 4003 981 4058 lux

131 4094 229 4147 tamen
244 4091 306 4163 ipsa
320 4107 379 4147 uno
391 4095 441 4158 est,
460 4091 491 4145 in
506 4107 563 4163 qna
577 4090 654 4146 videt
666 4095 695 4146 et
704 4095 783 4147 tenet
797 4109 854 4164 quo
869 4093 982 4148 truatur

130 4181 357 4253 uniuscujusque
371 4179 509 4236 intuentis
523 4186 651 4253 aspectus
669 4197 676 4236 ε
692 4181 743 4250 ita,
758 4181 870 4236 etiamsi
891 4185 981 4240 multa

132 4275 199 4325 sunt
212 4270 287 4325 bona
300 4286 390 4342 eaque
401 4270 544 4338 diversae
554 4271 658 4342 quibus
673 4271 761 4343 eligat
775 4271 981 4345 quisquequod

130 4361 216 4427 volet,
233 4359 319 4433 idque
345 4358 467 4414 videndo
483 4365 511 4415 ct
523 4361 648 4416 tenendo
676 4361 881 4418 adfruendum
902 4379 980 4418 sum·

131 4459 213 4501 mum
228 4444 283 4500 sibi
299 4445 405 4500 bonum
422 4448 498 4499 recte
516 4461 636 4517 vereque
656 4446 827 4516 constituat;
856 4447 920 4504 lieri
942 4453 982 4504 ta·

131 4549 201 4588 men
215 4538 351 4605 potestat
360 4534 410 4589 lox
424 4533 486 4605 ipsa
499 4533 657 4605 sapientie,
671 4534 702 4589 in
711 4551 768 4608 qua
777 4537 839 4592 hac
853 4536 942 4592 videri
952 4542 981 4593 et

132 4623 226 4676 teneri
236 4626 364 4692 possunt,
381 4622 516 4678 omuibus
538 4623 714 4694 sapientibus
728 4623 765 4681 sit
777 4642 834 4681 una
852 4642 980 4681 commu·

131 4709 186 4765 nis.
202 4713 235 4765 Ε.
253 4712 352 4766 Fateor
367 4710 430 4767 lieri
449 4727 544 4783 posse,
559 4729 612 4767 nec
639 4712 778 4785 impedire
808 4715 926 4786 aliquid,
949 4721 981 4771 ut

131 4797 242 4855 nonsit
260 4799 394 4855 omnibus
421 4802 583 4857 communis
606 4818 665 4857 una
692 4802 841 4875 sapientia,
869 4805 980 4861 etiamsi

131 4888 223 4944 multa
238 4892 267 4943 et
279 4887 388 4943 diversa
400 4890 457 4944 sint
484 4906 598 4946 summa
612 4891 688 4946 bona
704 4909 712 4948 ι
728 4893 778 4948 sed
793 4893 894 4948 vellem
908 4894 978 4950 scire

131 4988 168 5028 an
183 4971 222 5028 ita
236 4970 281 5027 sit.
308 4971 386 5035 Quod
417 4972 495 5027 enim
518 4974 701 5030 concedimus
716 4976 779 5031 lieri
798 4993 880 5049 posse
895 4979 978 5035 atita

131 5060 178 5123 sit,
194 5077 253 5116 nou
267 5059 404 5116 continno
418 5060 458 5116 ita
485 5078 545 5117 esse
573 5065 766 5120 concedimus.
787 5068 824 5123 A.
840 5068 979 5126 Tenemus

130 5149 247 5207 interim
263 5165 323 5205 esse
344 5147 531 5220 sapientiam:
559 5153 608 5207 sed
632 5161 730 5210 atrum
755 5154 793 5210 sit
819 5160 978 5214 communis

130 5255 189 5295 une
210 5238 354 5305 omnibus,
384 5254 421 5293 an
449 5237 556 5309 singuli
584 5243 725 5313 sapientes
754 5259 818 5300 suas
844 5246 977 5316 habeant,

131 5325 216 5381 sicuti
229 5326 338 5383 animas
352 5329 397 5384 vel
412 5333 524 5385 mentes
539 5346 615 5403 snas,
629 5332 684 5389 hoc
696 5334 825 5391 noudum
839 5339 977 5394 tenemus.

130 5415 163 5470 Ε.
180 5417 287 5474 ltaest.

682 238 730 294 DE
753 237 884 294 LIBERO
902 237 1084 302 Auelrnlo,
1104 239 1132 296 S.
1152 237 1346 297 AUGUSTINI

1843 241 1900 295 nst

1040 356 1154 415 CAPUT
1169 360 1199 414 x.
1213 389 1248 400 -
1263 361 1321 415 Usta
1331 363 1370 414 est
1380 356 1532 428 sapientia
1548 358 1605 414 tac
1618 356 1761 414 omatibus
1783 358 1903 428 sapienti

1351 448 1400 504 bus
1416 448 1586 504 communis.

1075 539 1119 591 29.
1131 537 1169 591 A.
1178 535 1271 601 Ouid?
1285 536 1340 591 hoc
1349 537 1427 608 qnod
1437 541 1575 592 tenemus
1585 535 1637 591 vel
1650 534 1902 607 esse'sapientian,
1932 594 1934 601 ,

1039 625 1085 680 vel
1099 625 1250 697 sapientes,
1281 631 1310 681 et
1332 627 1430 681 beatos
1457 642 1517 680 esse
1544 641 1658 680 omncs
1675 625 1815 680 homiues
1832 627 1902 693 sella,
1932 620 1934 643 '

1040 714 1091 769 ubi
1119 715 1268 770 videmus?
1293 716 1363 770 Nam
1389 714 1442 770 hoc
1469 718 1497 769 te
1520 715 1642 781 videre,
1672 718 1703 768 et
1731 729 1834 769 verum
1855 732 1901 770 esse

1039 804 1218 859 nullomodo
1239 802 1338 875 ntique
1354 802 1558 859 dubitaverim.
1586 805 1654 859 Hoc
1671 819 1748 875 ergo
1763 819 1861 858 verram
1873 806 1901 860 sic

1039 891 1117 947 vides
1131 896 1163 947 ut
1176 891 1379 962 cogitationem
1392 896 1483 961 tuam,
1499 908 1592 964 quam
1606 892 1638 946 si
1651 891 1731 947 mihi
1751 907 1812 948 non
1825 909 1899 948 enan·

1039 981 1104 1050 ties,
1120 998 1172 1053 ego
1186 998 1304 1053 prorsus
1319 981 1444 1054 ignoret
1458 999 1495 1037 an
1509 983 1553 1038 ita
1566 985 1602 1038 ut
1617 980 1780 1054 intelligas
1794 987 1848 1038 eta
1866 1000 1898 1041 ue

1038 1070 1129 1128 videri
1141 1087 1223 1142 posse
1238 1071 1293 1127 hoc
1307 1088 1418 1135 rerum,
1432 1071 1549 1127 tametsi
1560 1071 1644 1127 mibi
1657 1071 1713 1126 abs
1728 1075 1759 1127 te
1773 1072 1897 1128 nondice

1038 1159 1150 1215 turtF..
1165 1160 1225 1214 lmo
1235 1160 1277 1214 ita
1291 1163 1322 1213 ut
1337 1160 1385 1215 abs
1399 1164 1427 1216 te
1441 1176 1572 1233 quoque,
1588 1160 1688 1216 etiam
1704 1177 1756 1216 mc
1770 1160 1897 1230 invitavi

1039 1247 1101 1303 dcri
1115 1263 1198 1319 posse
1216 1264 1275 1303 non
1290 1248 1429 1303 dubitem.
1445 1250 1481 1304 A.
1495 1248 1580 1314 Quod
1608 1265 1686 1320 ergo
1701 1265 1801 1304 unum
1815 1267 1895 1306 veron

1037 1336 1167 1393 villamus
1181 1338 1264 1393 ambo
1278 1337 1396 1409 singulis
1417 1338 1575 1408 mentibus,
1600 1355 1710 1394 nonne
1726 1339 1846 1412 utrique
1857 1357 1894 1395 no

1039 1429 1130 1481 strum
1156 1442 1309 1482 commune
1338 1428 1404 1482 est?
1423 1430 1456 1483 Ε.
1488 1427 1748 1484 manifestissime.
1781 1432 1818 1484 A.
1841 1431 1894 1485 lten

1038 1515 1122 1570 credo
1137 1519 1163 1570 te
1178 1532 1237 1570 non
1250 1531 1355 1588 negare
1369 1516 1542 1571 studendum
1557 1533 1625 1571 esse
1637 1516 1814 1588 sapientiae,
1828 1521 1893 1588 atque

1038 1604 1093 1659 hoc
1105 1620 1205 1660 verum
1234 1621 1294 1660 esse
1323 1606 1488 1662 concedere.
1505 1607 1539 1661 E.
1557 1607 1693 1661 Prorsus
1710 1622 1776 1661 non
1802 1606 1892 1662 dubita

1037 1695 1076 1747 A.
1094 1694 1150 1748 Hoc
1174 1694 1244 1748 item
1268 1708 1378 1760 verum,
1394 1697 1422 1747 et
1435 1709 1526 1748 unum
1542 1709 1620 1762 esse,
1650 1699 1682 1748 et
1701 1694 1842 1749 omnibus
1857 1695 1892 1766 qai

1038 1780 1091 1835 hoc
1108 1780 1211 1849 sciunt,
1238 1782 1273 1837 ad
1302 1781 1457 1836 videndum
1480 1797 1542 1835 esse
1574 1796 1759 1852 commune,
1785 1783 1893 1854 quamvis

1037 1869 1235 1942 unusquisque
1249 1869 1278 1924 id
1293 1885 1345 1924 nec
1361 1885 1433 1937 mea,
1449 1885 1501 1924 uec
1521 1873 1584 1940 tua,
1599 1886 1658 1925 nec
1670 1871 1849 1943 cujusquam
1863 1871 1892 1925 al·

1037 1957 1136 2026 tarius,
1151 1958 1199 2013 sed
1214 1974 1265 2013 sua
1280 1962 1375 2013 mente
1388 1957 1555 2029 conspiciat,
1565 1973 1639 2013 cum
1655 1958 1690 2014 id
1704 1960 1788 2032 quod
1803 1959 1893 2031 compi

1036 2046 1120 2113 citur,
1146 2046 1279 2101 omnibns
1307 2045 1548 2118 conspicientibus
1576 2048 1792 2104 communiter
1807 2054 1892 2121 praesto

1037 2136 1084 2199 sit,
1113 2135 1260 2208 numquid¹
1277 2152 1383 2209 negare
1412 2136 1600 2208 poterimus?
1624 2140 1661 2193 Ε.
1694 2139 1787 2194 Nullo
1817 2139 1892 2194 modo.

1038 2227 1077 2279 A.
1095 2225 1177 2291 Item,
1199 2225 1275 2296 juste
1290 2240 1350 2280 esse
1364 2223 1531 2286 videndum,
1547 2225 1721 2281 deterioria
1744 2228 1894 2283 melioribus

1038 2330 1098 2369 esse
1115 2314 1273 2382 subdenda,
1290 2317 1319 2369 et
1331 2313 1412 2386 paria
1431 2313 1551 2385 paribus
1566 2317 1794 2386 comparanda,
1809 2321 1835 2372 et
1846 2333 1894 2388 pro

1037 2402 1100 2477 pria
1113 2403 1170 2458 suis
1186 2403 1347 2475 quibusque
1370 2402 1534 2473 tribuenda,
1557 2419 1666 2459 nonne
1685 2405 1827 2462 fateberis
1849 2422 1893 2460 ease

1037 2491 1231 2560 verissimum,
1248 2495 1348 2546 ettam
1360 2491 1432 2547 mihi
1442 2507 1531 2564 quam
1548 2492 1607 2547 tihi
1621 2497 1720 2566 atque
1735 2494 1892 2551 omnibusil

1037 2580 1201 2638 videntibus
1215 2584 1319 2652 praesto
1346 2596 1406 2635 esse
1431 2581 1665 2638 communiter?
1683 2583 1727 2639 E.
1758 2583 1891 2639 Αεεειιὶίοῐ.

1038 2672 1074 2727 A.
1096 2669 1169 2735 Quid
1192 2669 1391 2741 incorruptum
1418 2671 1522 2725 melios
1555 2687 1625 2726 esse
1655 2678 1891 2746 corruptaeter-

1038 2775 1108 2814 unm
1123 2759 1283 2831 temporali,
1308 2757 1472 2814 inviolabile
1486 2759 1637 2829 violabili,
1655 2762 1774 2833 poteris
1787 2760 1890 2833 negare?

1037 2852 1070 2905 Ε.
1087 2847 1154 2913 Quis
1178 2845 1292 2919 potasti
1306 2849 1345 2902 A.
1373 2849 1431 2902 Hoc
1449 2863 1519 2920 ergo
1543 2865 1657 2905 verum
1674 2857 1780 2922 potest
1793 2851 1890 2924 quisque

1037 2953 1122 2992 sirum
1148 2937 1297 3009 proprium
1325 2937 1427 3003 dicere,
1444 2953 1510 2992 cum
1534 2937 1831 2996 incommutabiliter
1841 2953 1889 2994 con·

1037 3026 1236 3097 temptandum
1253 3025 1326 3082 adsit
1336 3025 1468 3080 omnibus
1493 3025 1545 3098 qui
1561 3027 1624 3082 hoc
1653 3029 1846 3101 contemplari
1856 3043 1888 3080 vr·

1037 3114 1121 3170 lent?
1135 3116 1169 3169 Ε.
1184 3114 1285 3168 Nullus
1298 3112 1353 3168 hoc
1362 3128 1427 3168 vere
1438 3113 1544 3169 dixerit
1553 3131 1650 3171 suum
1667 3134 1737 3174 asse
1751 3117 1887 3190 proprium,

1036 3217 1103 3258 cum
1117 3206 1176 3257 tam
1189 3202 1225 3257 sit
1251 3218 1341 3257 untrm
1364 3206 1449 3275 atque
1473 3202 1618 3259 omnibus
1635 3222 1803 3263 commune
1826 3219 1887 3278 quan

1036 3306 1136 3346 verum
1150 3296 1203 3348 est.
1219 3295 1256 3346 A.
1275 3292 1345 3345 ltem
1375 3306 1392 3345 a
1412 3291 1605 3362 corruptione
1623 3297 1824 3352 avertendum
1844 3293 1888 3348 ani·

1037 3385 1221 3452 mum,atque
1238 3380 1273 3435 ad
1287 3379 1790 3451 incormptionemconvertendom
1804 3380 1888 3446 esseil

1037 3473 1080 3525 est
1091 3485 1148 3524 non
1159 3469 1384 3540 corruptionem,
1395 3470 1444 3524 sed
1456 3469 1726 3542 incorruptionem
1737 3473 1888 3546 diligendam

1038 3574 1098 3613 esse
1113 3558 1178 3630 quis
1191 3563 1277 3630 negat
1287 3559 1300 3611 ‘l
1312 3561 1370 3614 Aut
1385 3558 1449 3630 quis
1464 3575 1531 3614 cum
1550 3575 1666 3617 verum
1683 3580 1752 3620 esse
1781 3565 1886 3624 lateam,

1036 3663 1094 3703 non
1110 3647 1197 3703 etiam
1219 3647 1453 3703 incommutabile
1469 3647 1635 3722 intelligat,
1665 3657 1763 3725 atque
1782 3652 1887 3708 omnibns

1036 3735 1181 3791 mentibus
1204 3735 1233 3791 id
1258 3736 1417 3792 valentibus
1442 3736 1561 3803 intueri,
1580 3743 1796 3798 communiter
1808 3744 1887 3815 preste

1037 3840 1096 3879 esse
1116 3823 1232 3880 videat?
1247 3827 1280 3881 Ε.
1295 3825 1480 3881 Verissimum
1495 3830 1547 3881 est.
1563 3831 1605 3883 A.
1620 3829 1734 3894 Quid?
1748 3849 1812 3888 eam
1823 3831 1887 3885 dun

1036 3929 1101 3985 quae
1115 3913 1202 3968 nullis
1218 3913 1436 3969 adversitatibus
1451 3915 1582 3971 decerta
1604 3922 1636 3972 et
1654 3919 1787 3976 honesta
1799 3926 1886 3975 senten-

1035 4002 1076 4057 tia
1090 4003 1267 4073 demovetur,
1283 4002 1425 4058 dubitabit
1435 4002 1540 4076 aliquis
1554 4021 1621 4060 esse
1632 4009 1809 4077 meliorem,
1823 4021 1887 4080 qum

1036 4106 1100 4147 eam
1124 4108 1188 4164 quas
1204 4092 1286 4147 facile
1313 4093 1502 4149 incommodis
1524 4098 1756 4167 temporalibus
1771 4099 1888 4171 irmgitn

1035 4184 1122 4252 atque
1135 4181 1331 4236 subvertitur?
1346 4185 1380 4238 Ε.
1398 4182 1466 4248 Quis
1481 4182 1694 4242 dubitaverit?

1070 4272 1114 4326 29.
1129 4273 1169 4326 A.
1188 4271 1250 4325 Jam
1272 4271 1439 4342 hujusmodi
1462 4272 1548 4343 plura
1572 4289 1638 4329 non
1674 4274 1889 4350 quaeramtsstis

1035 4362 1113 4419 enim
1128 4365 1170 4419 est
1184 4362 1262 4435 quod
1276 4362 1343 4418 istas
1361 4367 1499 4436 anquam
1514 4364 1645 4436 regulas,
1668 4374 1702 4425 et
1717 4371 1848 4442 quaedam
1858 4368 1888 4421 ln·

1034 4449 1113 4507 mina
1135 4449 1283 4519 virtutum,
1308 4456 1337 4507 et
1365 4468 1432 4508 vera
1458 4451 1781 4520 etincommntabilia.
1805 4462 1831 4514 et
1847 4457 1888 4512 sin

1034 4539 1148 4612 singula
1185 4541 1243 4596 sire
1270 4541 1460 4598 communiter
1493 4542 1596 4598 adesse
1632 4546 1677 4602 ad
1713 4548 1889 4619 contempler

1035 4627 1105 4684 dum
1116 4627 1156 4684 eis
1169 4628 1219 4701 qui
1232 4631 1294 4685 haec
1308 4632 1403 4686 valent
1416 4647 1468 4686 sna
1481 4630 1604 4704 quisque
1620 4636 1751 4693 ratione
1766 4655 1800 4693 ac
1813 4638 1888 4692 mente

1034 4718 1209 4790 conspicere,
1225 4720 1333 4792 pariter
1347 4737 1459 4776 mecum
1471 4720 1551 4775 vides
1562 4723 1832 4801 certissimumque
1845 4739 1888 4781 sate

1034 4808 1174 4864 concedis.
1190 4808 1245 4864 Sed
1259 4825 1327 4864 sane
1342 4827 1440 4882 quaero
1456 4815 1556 4865 rimam
1587 4811 1655 4868 haec
1685 4815 1743 4871 tibi
1756 4817 1888 4872 videantur

1034 4895 1070 4951 ad
1084 4896 1253 4968 sapientiam
1267 4898 1422 4970 pertinere.
1438 4900 1509 4954 Nam
1523 4899 1612 4955 credo
1638 4902 1741 4959 videri
1769 4905 1821 4961 tibi
1838 4916 1886 4959 auu

1034 4985 1085 5058 qni
1100 4984 1272 5057 sapientiam
1286 4992 1431 5043 assecutus
1455 4992 1507 5055 est,
1525 5004 1588 5045 csse
1601 4991 1788 5063 sapientem.
1815 4997 1846 5050 Ε.
1856 4990 1886 5044 Vt

1035 5074 1118 5131 detur
1134 5075 1263 5132 omnino.
1279 5078 1315 5133 A.
1332 5075 1429 5142 Ouidi
1444 5077 1491 5133 ille
1504 5077 1556 5149 qui
1569 5079 1652 5150 juste
1668 5082 1756 5151 vivit,
1773 5085 1885 5156 possetne
1924 5108 1928 5125 ι

1035 5162 1076 5218 ita
1088 5163 1193 5233 vivere,
1210 5165 1265 5220 nisi
1279 5166 1470 5238 videretque
1490 5165 1638 5223 inferiora
1654 5171 1769 5242 quibus
1783 5166 1883 5242 potiori·

1033 5251 1088 5306 bus
1102 5253 1215 5323 subdat,
1231 5258 1260 5310 et
1283 5272 1347 5327 quse
1370 5254 1452 5328 paria
1472 5254 1592 5310 sibimet
1615 5260 1754 5329 copulet,
1771 5256 1810 5315 'ct
1836 5271 1883 5330 qut

1034 5341 1154 5413 propria
1168 5341 1226 5396 suis
1254 5343 1415 5416 quibusque
1442 5342 1622 5399 distribuat?
1652 5348 1691 5401 Ε.
1708 5348 1774 5403 Non
1796 5345 1881 5420 posset
1925 5396 1929 5411 ,

1035 5429 1073 5485 A.
1089 5430 1143 5494 Qui
1159 5446 1227 5502 erge
1243 5430 1305 5486 hoec
1329 5431 1415 5499 videt,
1431 5447 1501 5487 num
1525 5446 1593 5486 enm
1612 5435 1744 5506 negabis
1757 5437 1882 5508 sapienter

1036 5517 1134 5574 videre
1143 5517 1158 5573 ‘l
1167 5522 1200 5576 Ε.
1218 5520 1280 5577 lton
1294 5534 1380 5594 nego.
1395 5521 1433 5577 A.
1447 5519 1543 5586 Quid?
1556 5519 1606 5580 illc
1620 5523 1679 5595 qui
1692 5520 1880 5598 prudentersi·
