3884 6112
143 273 176 324 till
773 267 860 323 Vtra
879 266 906 321 S.
927 263 1122 322 nltuusrtrlt
1142 261 1310 319 EPISCOPI.
1851 268 1901 321 100

142 398 292 461 satoqcrem
314 391 415 446 discere
434 407 493 461 qvae
507 390 622 456 dicebat,
638 389 685 445 sed
699 395 803 446 tantum
818 389 992 459 quemadmo·
1049 387 1138 442 batur.
1164 388 1322 467 Dissucbom
1340 404 1381 443 mc
1398 391 1487 444 tamen
1510 391 1599 458 moqis
1626 391 1766 460 raraqesque
1780 390 1815 444 ab
1829 393 1901 460 istis,

144 481 208 535 dum
222 480 328 534 dicebat
340 481 437 534 audire
452 482 492 550 (ea
506 480 575 534 mihi
583 482 683 550 quippe
687 480 749 549 jam
757 480 913 549 desperanti
922 477 959 532 ad
971 481 995 530 te
1048 490 1114 544 quos
1134 477 1194 546 jam
1219 476 1338 532 decerem
1350 493 1555 548 proposueram.
1571 479 1700 535 Restabat
1719 484 1809 535 antem
1824 480 1902 536 aberet

141 573 215 625 viam
229 572 322 640 patere
336 570 449 634 homiui,
467 571 559 623 inanis
573 585 639 623 cvra
653 569 839 635 remanserat),
854 566 995 621 veniebant
1047 563 1119 617 nihil
1132 565 1162 618 in
1176 566 1259 619 tontis
1270 566 1411 634 periculis,
1426 581 1508 634 quam
1522 571 1553 622 vt
1566 567 1689 622 divinam
1700 567 1901 638 procidentiam

141 661 171 714 in
188 661 309 714 animum
331 674 419 714 meum
433 659 513 715 simul
533 674 592 713 cum
606 658 693 713 uerbis
709 672 768 727 qua
782 654 938 723 diliqebum,
954 669 995 708 res
1049 653 1206 721 lacrymosis
1215 657 1240 708 et
1250 654 1450 709 miserabilibus
1461 655 1580 720 uocibus,
1595 661 1626 711 ut
1635 672 1710 726 opem
1723 657 1793 711 mihi
1805 658 1900 724 ferret,

142 751 224 804 etiam
235 763 303 819 quas
312 748 489 817 aeqtiqebam.
505 749 596 816 Neque
610 748 680 800 enim
690 760 721 800 ea
730 745 858 800 dirimere
864 748 994 814 poteram.
1048 740 1215 812 deprecarer.
1233 742 1324 810 Atque
1342 742 1374 798 id
1386 744 1479 798 sedulo
1491 744 1636 812 faciebam.
1656 747 1692 801 Et
1710 746 1772 816 jam
1785 747 1845 813 fere
1862 763 1901 802 me

139 841 175 893 fit
192 837 256 891 dvm
273 851 318 892 eor
332 838 465 906 aperirem
488 834 526 889 ad
539 833 726 904 acccipiendum
741 848 822 902 quom
837 832 936 887 duecte
949 831 995 885 di·

139 929 222 992 ceret,
245 927 354 994 pariter
375 924 498 978 intrabat
524 927 549 977 et
563 938 646 991 quom
659 937 720 977 vere
734 922 844 989 diceret,
857 921 996 989 prodatim

141 1013 259 1084 quidem.
282 1014 353 1070 Nam
366 1013 455 1082 primo
468 1013 549 1066 etiam
565 1013 628 1081 ipsa
645 1010 756 1078 desmrdi
764 1026 843 1081 posse
854 1011 924 1065 mihi
935 1011 995 1080 jam

138 1105 274 1172 caperent
285 1100 375 1155 videri
382 1122 388 1164 ;
402 1105 428 1154 et
437 1099 517 1170 fidem
532 1101 705 1168 catholicam,
714 1116 766 1171 pro
776 1116 831 1169 qua
840 1100 911 1154 nihil
919 1114 996 1170 posse

141 1192 197 1246 dici
211 1190 343 1246 adversus
363 1194 551 1261 oppuqnantes
571 1191 734 1245 Manichaeos
750 1194 922 1260 putaveram,
935 1189 996 1258 jam

138 1296 192 1336 rrcn
208 1280 380 1351 impudenter
392 1281 478 1334 asseri
490 1276 697 1345 eaistimdbam;
708 1279 827 1332 monime
836 1276 931 1331 audito
943 1289 996 1329 uno

138 1373 220 1437 atqve
234 1367 328 1432 attero,
344 1370 369 1420 et
384 1368 482 1436 sapius
498 1368 640 1435 aniqmate
653 1366 738 1421 soluto
751 1365 783 1421 de
797 1365 914 1434 Scriptis
927 1367 995 1418 vete-

141 1455 219 1510 ribus
232 1472 238 1510 :
251 1455 307 1522 ubi,
319 1470 379 1509 cum
392 1455 429 1509 ad
437 1455 554 1509 litteram
568 1457 727 1525 acciperat,
739 1453 888 1508 occidebar.
902 1454 994 1522 Spiri-

33 1602 36 1607 ,
142 1546 353 1614 tualiteritaque
364 1544 502 1614 plerisque
518 1544 626 1598 iliorum
637 1544 767 1599 librorum
776 1544 906 1612 eapositis
920 1543 993 1596 locis.

139 1636 199 1705 jam
209 1633 436 1705 reprehendebam
447 1633 659 1703 desperationem
668 1647 764 1699 meam,
773 1633 849 1686 illam
859 1631 995 1687 duntonat

139 1739 193 1793 qua
211 1723 377 1778 credideram
391 1723 488 1792 leque
502 1727 528 1777 et
541 1723 689 1792 Prophetas
705 1722 900 1776 detestantibus
915 1727 996 1792 atque

138 1812 317 1867 irridentibus
338 1813 431 1866 resisti
450 1813 558 1866 omnino
583 1826 636 1864 non
658 1825 745 1880 posse.
761 1812 816 1866 Nec
834 1815 923 1864 lamen
934 1812 996 1880 jam

139 1901 198 1955 ideo
211 1901 281 1955 mihi
289 1899 449 1954 catholicam
458 1901 532 1953 mom
550 1899 692 1954 mnevdam
703 1913 758 1953 csse
768 1898 996 1968 smtiebam,qvia

137 1994 163 2044 et
176 1990 239 2058 ipsa
248 1991 354 2057 poterat
368 1985 466 2042 hahere
481 1988 572 2044 doctos
583 1993 729 2043 assertores
743 2002 815 2054 suos,
832 1989 881 2057 qui
889 1990 996 2058 copiose

136 2082 162 2134 et
176 2093 229 2133 non
244 2076 362 2133 absurde
377 2077 482 2147 objecta
493 2079 658 2145 resettu·ent;
670 2093 718 2132 nec
731 2076 996 2146 ideojumdamnan·

138 2165 206 2222 dum
220 2165 291 2222 illud
303 2165 376 2236 quod
392 2166 523 2236 tenebam,
538 2168 604 2236 quia
620 2166 786 2234 defensionis
795 2170 888 2236 portes
902 2183 993 2236 acqua·

138 2255 248 2310 bantur.
265 2257 307 2310 lta
320 2257 390 2310 enim
404 2255 544 2312 catholica
557 2272 611 2312 aon
624 2257 694 2310 mihi
708 2258 781 2310 victa
794 2255 946 2318 videbatur,
964 2261 995 2311 vt

136 2343 257 2399 nondum
280 2346 357 2398 ctiam
375 2346 477 2399 victria
498 2349 653 2414 appareret.
672 2346 745 2399 lunc
759 2359 821 2398 uero
834 2345 944 2411 fortiter
956 2347 995 2400 in·

137 2431 216 2487 tendi
236 2435 367 2502 animum,
382 2433 407 2487 si
420 2448 471 2501 qvo
484 2432 563 2488 modo
575 2449 681 2503 possem
696 2435 775 2488 certis
790 2434 927 2502 aliquibus
942 2433 992 2488 doss

139 2524 270 2578 ramentis
290 2523 451 2577 Manichceos
474 2525 630 2577 convincere
639 2523 785 2590 falsitatis.
803 2521 916 2588 Quodsi
928 2537 992 2591 pos-

138 2625 194 2666 sem
208 2611 380 2680 spiritualem
401 2610 583 2667 substantiam
602 2613 729 2681 coquere,
741 2613 835 2666 statim
849 2612 993 2667 machina-

139 2703 230 2754 menta
244 2688 300 2754 'scta
321 2701 412 2755 omnia
435 2701 602 2756 solverentur
616 2705 642 2755 et
660 2701 844 2770 abjicerentur
855 2716 889 2755 ea
903 2702 993 2755 animo

136 2803 207 2856 meo;
225 2788 273 2842 sed
286 2804 340 2843 non
356 2794 489 2858 poteram.
508 2792 701 2847 Verumtamen
715 2789 748 2844 de
761 2791 820 2860 ipso
832 2790 928 2845 mvradi
942 2790 991 2844 hu·

133 2878 181 2947 jus
191 2893 312 2948 corpore,
324 2880 449 2947 oninique
459 2883 562 2933 natura
578 2894 660 2948 quam
672 2893 764 2933 sunus
774 2880 865 2933 earnis
877 2880 992 2947 attinqe·

137 2973 189 3034 ret,
216 2967 303 3022 inulta
323 2966 510 3036 probabiliora
522 2969 664 3038 pterosque
681 2969 795 3022 sensisse
808 2968 991 3038 philosophos,

142 3058 231 3123 maqis
251 3057 393 3122 maqisque
418 3056 589 3110 considerans
605 3060 687 3126 atque
700 3070 869 3125 comparans,
881 3056 991 3125 judico-

1049 834 1243 886 commorcrant
1256 832 1391 887 nonnulla
1409 832 1606 903 disputationes
1620 835 1827 891 mediolanensis
1841 838 1900 906 epi-

1048 920 1132 991 scopi,
1148 925 1179 976 ut
1193 936 1247 976 non
1259 922 1316 975 sirie
1329 936 1376 990 spe
1390 921 1487 990 aliqua
1499 922 1533 977 de
1546 924 1605 992 ipso
1622 922 1716 977 Vetere
1734 924 1901 978 Testamenta

1048 1010 1135 1065 mutto
1153 1025 1272 1079 querere
1287 1025 1424 1080 cuperem
1441 1026 1511 1080 qva,
1527 1015 1558 1065 ut
1570 1013 1632 1078 scis,
1648 1012 1718 1066 male
1731 1011 1809 1066 nobis
1831 1027 1900 1066 cun·

1048 1099 1176 1154 mandata
1190 1099 1408 1154 exsecrabamur.
1425 1101 1651 1170 decreveramque
1667 1099 1772 1154 tamdiu
1786 1115 1842 1155 esse
1856 1117 1900 1155 ca·

1049 1187 1219 1242 techumenus
1230 1189 1260 1243 in
1274 1188 1405 1258 Ecclesia,
1418 1190 1464 1243 cui
1478 1188 1596 1244 traditus
1608 1204 1626 1244 a
1639 1188 1799 1258 parentibus
1817 1205 1900 1254 uam,

1049 1275 1131 1331 donce
1144 1281 1193 1331 aut
1208 1279 1356 1332 invenirem
1369 1276 1441 1346 quod
1455 1278 1556 1343 vellem,
1572 1283 1621 1333 aut
1630 1279 1700 1333 mihi
1710 1277 1902 1348 persuaderem

1048 1380 1101 1419 non
1113 1380 1168 1420 esse
1181 1366 1364 1436 quarendum.
1379 1365 1642 1437 opportunissimum
1654 1382 1717 1436 erqo
1727 1382 1769 1422 mc
1778 1383 1811 1423 ac
1823 1366 1902 1423 vaide

1049 1453 1161 1510 docilem
1184 1459 1247 1510 tunc
1269 1457 1390 1510 invenire
1409 1459 1509 1526 posset,
1526 1458 1551 1510 si
1570 1458 1669 1523 suisset
1681 1458 1731 1526 qui
1740 1460 1833 1527 posset
1855 1456 1901 1513 do

1049 1557 1107 1597 cere
1120 1543 1169 1612 (lle
1182 1544 1305 1598 Utilitate
1318 1543 1455 1612 credendi,
1471 1559 1499 1598 n.
1515 1546 1572 1614 20).

1385 1633 1499 1688 CAPUT
1515 1633 1561 1688 llt.

1051 1722 1061 1774 l
1079 1722 1203 1776 Mounica
1223 1721 1406 1778 Mediolanum
1427 1723 1509 1776 venit.
1531 1723 1715 1789 istaqustino
1732 1723 1810 1777 nullo
1825 1724 1900 1793 ccpio

1086 1810 1170 1864 datur
1189 1810 1349 1865 sciscitandi
1363 1826 1423 1879 quae
1441 1812 1526 1880 cupit,
1543 1811 1578 1865 ab
1605 1811 1748 1866 Ambrosio
1768 1813 1899 1882 episcopo.

1085 1900 1259 1957 3Conciones
1282 1900 1339 1969 ejus
1360 1899 1397 1954 ad
1419 1901 1549 1970 populum
1572 1899 1669 1954 audire
1686 1906 1854 1969 perseverat,
1868 1916 1900 1954 uc

1084 1990 1173 2057 iisque
1186 1990 1274 2058 maqis
1288 1988 1490 2044 indicaveram
1504 1989 1629 2044 Ecclesia
1643 1989 1783 2044 catholicae
1797 1989 1899 2044 doctri-

1083 2093 1148 2133 nam
1163 2079 1303 2146 intettiqit.
1323 2079 1340 2132 4
1353 2078 1432 2133 Fidei
1444 2080 1628 2133 necessitatem
1637 2083 1663 2132 et
1673 2078 1810 2133 salubrem
1825 2078 1900 2134 Scri-

1081 2171 1227 2237 ptvrorum
1248 2169 1436 2222 auctoritatem
1460 2169 1592 2236 aqrcoscit.
1608 2170 1623 2220 ὅ
1637 2167 1738 2223 Adhuc
1752 2167 1861 2221 laborat
1872 2168 1898 2220 in

1084 2257 1228 2325 quastione
1248 2256 1281 2310 de
1298 2258 1366 2311 mati
1386 2258 1499 2323 oriqc'nc.
1525 2259 1540 2310 6
1566 2256 1766 2312 Platonicorum
1791 2256 1899 2311 lectione

1079 2346 1188 2415 proficit
1206 2346 1237 2399 in
1250 2346 1400 2411 counitione
1412 2347 1470 2411 Dei,
1483 2360 1537 2400 non
1552 2348 1640 2400 aretem
1656 2344 1738 2401 Verbi
1751 2345 1902 2399 incarnati..

1082 2437 1097 2487 7
1127 2435 1372 2490 Commiserotionis
1384 2448 1463 2488 sensu
1481 2434 1604 2503 attritur
1622 2436 1650 2489 ia
1673 2449 1715 2488 cos
1739 2436 1789 2503 qui
1807 2435 1896 2490 blaed-

1083 2522 1215 2578 ehaorum
1225 2537 1314 2578 errore
1327 2527 1391 2578 sunt
1402 2523 1545 2593 implicati.

1085 2615 1108 2665 t.
1119 2609 1240 2666 Periculi
1249 2612 1336 2683 plena
1345 2615 1408 2666 erat
1421 2611 1471 2666 illa
1481 2611 1647 2666 inveniendi
1656 2610 1715 2666 reri
1725 2610 1894 2683 desperatio,

1047 2699 1077 2754 in
1093 2716 1150 2771 qua
1172 2700 1338 2756 versabatur
1350 2700 1538 2772 Augustinus,
1560 2700 1636 2772 quod
1652 2716 1684 2755 ex
1699 2716 1733 2755 ea
1752 2704 1854 2771 torpor
1867 2715 1897 2754 ac

1046 2788 1224 2860 negligentia
1233 2790 1294 2860 ejus
1304 2788 1650 2860 inquirendiuasceretur.
1660 2787 1898 2844 Verumhcecuni-

1047 2877 1087 2932 mi
1108 2876 1283 2945 constitutio,
1300 2881 1350 2932 sut
1368 2877 1463 2949 potins
1476 2877 1648 2932 instabilitas
1669 2881 1697 2932 et
1720 2893 1828 2948 arreeps
1841 2877 1896 2931 iln-

1046 2965 1162 3033 ctuatio,
1179 2964 1312 3036 adquam
1328 2965 1427 3020 audito
1436 2964 1586 3020 Ambrosio
1599 2963 1753 3035 perductus
1765 2968 1837 3031 erat,
1846 2961 1897 3018 fuit

1046 3056 1136 3110 instar
1149 3054 1316 3110 accessionis
1330 3051 1445 3121 critica,
1460 3070 1514 3127 per
1524 3070 1611 3126 quum
1626 3054 1661 3109 ab
1676 3052 1849 3125 aegritudine
1863 3051 1896 3106 ad

128 3129 209 3196 bam.
239 3144 334 3210 ltaque
353 3143 576 3197 Academicorum
598 3146 767 3208 moraciani
790 3147 990 3210 cmstimantur,
1046 3144 1208 3211 sanitatem,
1223 3145 1431 3198 intercurrente
1446 3142 1556 3198 acriore
1570 3142 1709 3214 periculo,
1725 3145 1788 3198 erat
1802 3146 1892 3196 trans·

140 3231 271 3286 dubitans
286 3230 319 3284 de
332 3232 455 3286 omnibvs
471 3236 552 3300 atque
565 3233 636 3286 inter
649 3235 890 3300 omniattucluans,
905 3234 992 3288 Mani·
1045 3235 1139 3290 iturus
1154 3235 1268 3304 (Censes.
1285 3233 1331 3288 lib.
1349 3236 1375 3299 b,
1393 3248 1453 3303 cap.
1472 3237 1498 3302 t,
1512 3249 1540 3287 n.
1559 3232 1596 3302 t).
1616 3233 1649 3287 Et
1661 3247 1695 3286 eo
1706 3230 1827 3303 quidem
1836 3232 1895 3287 loco

136 3319 221 3375 chaos
239 3319 348 3390 quidem
364 3319 555 3389 relinquendos
571 3335 627 3374 csse
642 3319 748 3374 domeni
763 3335 770 3374 τ
785 3336 838 3375 non
852 3321 992 3377 arbitrans
1045 3320 1896 3395 posituserat,cumblonnicaterramariquefiliuminsecuta,

137 3423 166 3463 eo
179 3410 240 3478 ipso
256 3413 373 3479 tempore
386 3407 566 3463 dubitationis
579 3424 643 3464 meae
657 3411 687 3462 in
701 3409 751 3463 itta
764 3415 836 3464 secto
848 3411 917 3464 mihi
927 3427 991 3481 per-
1046 3411 1237 3466 Mediolanum
1252 3409 1392 3482 pervenit.
1407 3410 1475 3475 Quae
1489 3409 1539 3465 ubi
1549 3409 1636 3465 totius
1650 3408 1692 3464 rai
1701 3408 1809 3464 certior
1818 3409 1854 3465 ab
1864 3424 1895 3464 eo

136 3497 301 3552 manendum
320 3512 386 3566 esse,
404 3500 449 3552 cui
468 3499 530 3568 jam
546 3498 686 3553 nonnullos
698 3498 871 3569 philosophos
886 3515 990 3570 praepo·
1044 3500 1119 3555 facta
1132 3503 1184 3566 est,
1200 3499 1312 3555 tametsi
1327 3499 1481 3571 uoluptatis
1491 3498 1594 3555 exinde
1608 3498 1715 3571 aliquid
1731 3498 1895 3570 cepit,quod

133 3586 252 3642 nebam:
272 3588 369 3658 qvibvs
383 3593 471 3644 tamen
483 3589 662 3659 philosophis,
678 3587 751 3657 qaod
762 3591 820 3643 siae
832 3591 938 3644 nomine
951 3604 995 3644 sa·
1044 3588 1160 3644 falsitati
1170 3595 1301 3660 ereptum
1316 3593 1445 3644 cerneret
1461 3606 1467 3644 :
1483 3593 1659 3655 nontamen,
1675 3587 1758 3661 quasi
1768 3588 1897 3660 inopina·

135 3677 221 3731 lutari
237 3675 344 3732 Christi
357 3683 454 3744 essent,
472 3681 637 3733 curationem
662 3679 801 3746 lanquoris
820 3680 917 3733 anima
930 3694 991 3734 mea
1045 3675 1894 3748 tumuliquidaudierit‚inturbulentamselaetitiamextulit;

135 3768 299 3820 committere
313 3770 420 3822 omnino
435 3768 604 3822 recusabam.
626 3768 718 3823 Statui
740 3781 801 3834 erqo
816 3766 921 3821 tamdiu
935 3783 991 3843 csse
1044 3765 1092 3820 sed
1122 3770 1219 3821 mente
1239 3765 1350 3836 placida
1378 3771 1407 3820 et
1429 3765 1640 3836 fiduciaeplena
1655 3763 1736 3826 dixit,
1753 3763 1896 3820 confidere

135 3855 340 3910 catechumenus
354 3857 384 3909 in
407 3856 540 3911 catholiea
562 3856 692 3922 Ecclesia,
715 3857 784 3910 mihi
801 3857 990 3925 aparentibus
1045 3868 1074 3907 se
1090 3851 1119 3906 iu
1135 3851 1256 3920 Christo,
1271 3852 1331 3907 fore
1343 3857 1373 3908 ut
1383 3852 1552 3924 priusquam
1563 3868 1596 3906 ox
1611 3851 1664 3907 hac
1675 3849 1734 3905 rita
1748 3851 1894 3924 migraret,

135 3942 331 4010 commendata,
346 3944 429 3999 derue
444 3945 553 4013 aliquid
574 3946 641 3999 certi
661 3945 783 4012 eluceret,
810 3960 862 4015 quo
882 3961 989 4000 cursum
1044 3957 1109 3997 cirin
1124 3940 1220 3996 uisura
1239 3945 1313 3996 esset
1327 3941 1441 3996 fidelem
1456 3940 1628 3996 catholicum
1644 3940 1753 4013 (ibid).

133 4031 279 4100 diriperem
304 4032 395 4101 (Cous.
413 4034 461 4089 tib.
478 4036 504 4100 5,
519 4049 581 4103 cap.
608 4034 649 4101 tt,
669 4049 716 4088 un.
732 4034 777 4100 nt,
792 4034 846 4102 ib).
862 4033 989 4104 ldipsum
1078 4034 1105 4085 2.
1130 4031 1241 4085 Interea
1255 4046 1321 4085 reru
1336 4029 1472 4101 tenrporis
1487 4046 1551 4085 cum
1571 4029 1748 4100 Augustinus
1763 4029 1799 4084 ad
1816 4029 1893 4102 inge·

133 4128 233 4177 rursus
248 4121 347 4177 scribit
362 4122 399 4177 ad
414 4123 592 4177 Honoratum
607 4122 637 4176 in
651 4122 713 4176 haec
727 4122 813 4177 rerba
828 4138 835 4176 :
850 4124 990 4179 Rationem
1042 4118 1324 4174 miscendumacltco
1335 4119 1693 4190 supplicandumussiduus
1706 4133 1767 4172 esse
1783 4116 1894 4174 debuis-

132 4212 308 4280 ipsemecum
330 4210 425 4281 habui,
441 4226 621 4281 moqnumquc
642 4210 870 4278 deliberationem,
882 4212 943 4281 jam
961 4214 990 4267 ia
1043 4211 1092 4271 set,
1105 4223 1162 4279 quo
1171 4206 1198 4262 ei
1209 4207 1387 4274 subveniret;
1397 4213 1457 4262 erat
1466 4208 1579 4263 animus
1590 4207 1693 4279 ejusad
1703 4207 1891 4280 quaerendum

133 4299 216 4354 ltalia
239 4303 413 4369 constitutus,
431 4316 484 4356 non
498 4307 589 4356 utrum
605 4317 739 4356 marsuan
753 4303 783 4356 ia
796 4302 846 4356 itta
862 4305 943 4368 secto,
958 4303 988 4356 in
1041 4296 1181 4365 intentus,
1195 4301 1224 4352 et
1238 4297 1274 4352 ad
1287 4296 1487 4352 disserendum
1502 4297 1657 4369 inquietus.
1680 4297 1737 4351 Nec
1752 4313 1820 4351 varo
1835 4295 1890 4350 ulla

133 4402 215 4456 quam
234 4389 419 4444 meincidisse
430 4389 593 4459 panitebot;
608 4389 656 4444 sed
670 4404 786 4459 quonam
804 4389 882 4444 modo
896 4406 988 4444 verrem
1041 4391 1103 4442 erat
1134 4386 1161 4441 ei
1188 4385 1271 4457 copia
1295 4385 1526 4441 communicandi
1554 4401 1618 4439 eum
1641 4385 1794 4440 Ambrosio
1809 4383 1893 4441 dubia

133 4476 324 4532 inveniendum
338 4481 416 4544 esset,
431 4479 461 4531 in
475 4477 554 4546 cujus
564 4492 680 4532 amorem
698 4477 820 4547 suspiria
835 4492 893 4531 naeu
918 4476 989 4531 nulli
1042 4479 1184 4547 aestusque
1194 4491 1270 4543 suos,
1286 4475 1498 4530 secludentibus
1508 4473 1591 4528 illum
1601 4473 1637 4527 ab
1651 4473 1712 4544 ejus
1726 4489 1797 4528 aure
1809 4477 1891 4545 atque

132 4564 229 4619 melius
242 4580 325 4634 quarn
345 4567 397 4620 tibi
412 4570 476 4621 crota
494 4571 567 4620 sucat.
590 4566 665 4636 Saepe
678 4567 747 4620 mihi
766 4565 921 4633 ridebatur,
935 4582 987 4620 nore
1041 4582 1090 4620 ore
1104 4565 1223 4621 catervis
1239 4565 1625 4636 negotiosorumhominum,
1637 4578 1762 4635 quorum
1777 4561 1894 4618 infirmi·

129 4667 208 4722 posse
231 4655 360 4722 inveniri,
379 4657 525 4727 maqnique
546 4657 643 4724 hactus
663 4657 854 4722 coqitationum
867 4670 987 4709 mearum
1041 4654 1146 4710 tatibus
1168 4654 1316 4709 serviebat.
1342 4656 1381 4709 Aa
1395 4670 1480 4709 nemo
1494 4653 1610 4725 quidem
1633 4668 1764 4724 unquam
1779 4653 1814 4708 ud
1828 4653 1893 4706 Am·

131 4743 162 4796 ia
180 4741 407 4799 Academicorum
427 4745 592 4814 suffraqium
614 4742 780 4812 serebantur.
803 4744 878 4813 Saepe
891 4758 987 4798 rursus
1039 4743 1168 4799 hrosium
1177 4743 1311 4799 accedere
1325 4742 1540 4815 prohibebatur,
1553 4758 1647 4813 neque
1657 4741 1684 4797 ei
1694 4741 1823 4797 nuntiari
1830 4757 1890 4796 mos

132 4831 248 4895 intuens,
263 4837 396 4902 quantum
408 4837 540 4903 poteram,
552 4838 664 4889 merrtem
678 4833 824 4888 humanam
839 4836 895 4887 tam
908 4834 987 4887 vira·
1041 4837 1111 4902 erat,
1127 4834 1150 4887 si
1165 4832 1229 4904 quis
1243 4831 1279 4887 ad
1300 4848 1329 4886 se
1343 4831 1468 4898 veniret;
1485 4847 1550 4886 cum
1563 4830 1697 4885 omnibus
1712 4829 1835 4885 liberam
1849 4828 1892 4884 sui

131 4934 199 4989 cem,
210 4925 265 4975 tam
277 4937 412 4990 soqocem,
428 4927 484 4977 tam
492 4924 684 4993 perspicacem,
697 4937 751 4977 non
758 4921 891 4992 putabam
905 4923 987 4977 latere
1039 4921 1151 4993 copiam
1165 4921 1341 4976 homobono
1355 4920 1469 4998 publico
1481 4924 1565 4974 natus
1576 4920 1752 4990 devotusque
1769 4919 1844 4973 ultro
1855 4917 1868 4972 f
1881 4947 1891 4958 ·

131 5011 284 5075 ueritatem,
301 5012 356 5065 nisi
371 5010 443 5079 quod
455 5012 484 5066 in
498 5027 530 5065 ea
544 5011 683 5080 quarendi
700 5011 795 5067 modus
809 5011 987 5076 tatereteum-
1039 5015 1116 5065 caret
1132 5027 1138 5064 :
1156 5010 1205 5065 sed
1219 5026 1285 5064 cum
1299 5010 1335 5065 ad
1354 5025 1420 5064 eum
1433 5007 1611 5081 Augustinus
1625 5007 1761 5079 frequens
1777 5006 1894 5060 ventila·

133 5098 248 5168 demque
260 5101 352 5170 ipsum
366 5099 476 5154 modum
490 5099 525 5154 ab
538 5101 632 5170 aliqva
650 5099 746 5155 divina
759 5101 920 5155 auctoritate
932 5115 987 5154 esse
1039 5104 1093 5167 ret,
1104 5099 1239 5154 furiatum
1248 5099 1315 5154 licet
1327 5099 1363 5153 ub
1376 5097 1497 5168 strepitu
1511 5112 1663 5151 caricarum
1674 5095 1840 5150 alienarum
1853 5094 1893 5149 in·

133 5188 302 5244 sumendum.
329 5187 459 5244 Restabat
479 5202 597 5257 quaerere
615 5204 738 5257 quanam
752 5191 802 5245 itta
816 5193 985 5244 essetauclo-
1038 5188 1151 5243 tardum
1175 5186 1337 5260 reperisset,
1364 5186 1498 5257 religioni
1522 5190 1617 5241 tamen
1641 5185 1765 5240 habebat
1780 5182 1893 5239 lectioni

132 5277 213 5344 ritus,
226 5292 285 5331 eum
297 5277 327 5330 in
337 5277 422 5330 tantis
440 5273 653 5330 dissensionibus
665 5290 692 5331 se
704 5279 817 5346 quisque
831 5277 907 5332 illam
927 5281 984 5332 tra·
1037 5276 1180 5332 intentum
1189 5277 1246 5332 alio
1258 5292 1375 5332 avocare
1384 5274 1476 5348 (ibid,
1490 5291 1551 5345 cap.
1563 5279 1589 5343 3,
1605 5292 1633 5329 n.
1650 5277 1685 5345 3).
1701 5273 1893 5339 Quamobrem

133 5361 256 5419 diturum
276 5364 459 5435 polliceretur.
489 5362 651 5419 Occurrebat
673 5366 759 5433 iqitur
785 5366 984 5436 ineeplicabilis
1037 5366 1118 5421 nulla
1132 5365 1252 5421 dabatur
1266 5364 1378 5420 occasio
1392 5363 1596 5436 percunctandi
1612 5380 1677 5436 quae
1691 5363 1787 5430 saltet,
1803 5360 1893 5417 nisisi

128 5451 212 5519 silva,
223 5457 268 5508 cui
276 5454 383 5510 mum
397 5455 483 5510 inseri
491 5455 608 5509 multum
614 5453 737 5524 piqcbat,
751 5458 833 5524 atque
845 5457 916 5510 inter
930 5457 983 5510 haec
1037 5470 1102 5527 qum
1113 5455 1233 5510 forsitan
1249 5454 1345 5526 paucis
1354 5453 1489 5525 explicari
1499 5457 1616 5524 possent
1627 5468 1634 5506 :
1646 5450 1893 5524 quemadmodum

127 5540 187 5595 sinc
200 5542 258 5597 utta
268 5546 371 5614 reqvie,
387 5542 539 5615 eupiditate
548 5542 701 5614 reperiendi
709 5545 768 5599 veri
777 5545 885 5602 animus
895 5546 984 5614 opita·
1036 5543 1108 5601 illud
1123 5544 1158 5599 dc
1181 5543 1335 5599 relaxando
1349 5541 1458 5599 sabbati
1472 5541 1517 5598 dic
1525 5540 1636 5615 jejunio
1652 5543 1719 5612 (qua
1732 5539 1769 5596 dc
1783 5556 1815 5595 re
1831 5554 1892 5594 am·
