3884 6112
711 242 816 302 Lluuu
835 246 988 302 TERTIUS.
1691 255 1742 311 tat

71 359 200 415 inclerms
221 360 414 433 Auguslinum
438 378 503 418 cum
527 364 594 419 solis
616 363 779 420 llanichaeis
801 365 832 420 iu
886 363 1018 420 catholici
1032 364 1182 420 fumario!
1190 365 1351 437 inquilinus
1362 367 1452 437 ipsius
1465 368 1621 425 domnaedii
1630 371 1675 426 sui
1686 389 1738 443 pa·

85 447 281 505 decertantem
296 451 439 506 vidimus:
457 457 485 506 ot
504 453 587 524 longa
602 453 695 508 acrius
710 454 765 509 fuit
778 454 834 526 ipsi
887 469 955 508 nem
979 453 1122 508 incoctum
1150 454 1285 526 abjecerit
1309 453 1421 527 (deutra
1446 459 1564 513 Litteras
1595 461 1735 528 Petiliana,

71 537 218 593 hnatistis
236 540 465 611 confligendum.
481 542 513 596 lli
529 543 655 597 haretici
671 543 832 599 seaCaci-
888 543 937 597 lib.
968 544 996 609 2,
1027 559 1055 597 n.
1083 541 1155 613 tut).
1184 543 1362 614 Augustinus
1385 544 1549 616 Hipponem
1576 547 1740 615 adveniens,

71 626 830 703 'arthogiuensisepiscopicommunionesejunxerant,
888 646 987 686 ornnes
1001 631 1173 702 eloquentiae
1190 648 1249 687 sue
1264 649 1366 688 nervos
1379 635 1535 702 contendit,
1550 640 1583 691 ut
1596 651 1743 692 exsecran-

71 714 177 771 Bhristi
192 716 513 773 circitcrtrecentesimo
529 719 692 788 undecimo,
707 736 741 776 eo
756 721 831 776 scili·
887 719 953 774 dam
965 720 1138 792 convelleret
1151 720 1303 776 hominum
1325 722 1576 789 consuetudinem,
1597 723 1649 795 qui
1663 723 1738 778 chri·

71 807 178 872 stentu,
195 805 272 877 quod
288 806 364 860 Felix
379 807 599 878 Aptuugitanus,
624 825 641 862 a
668 824 725 881 quo
740 809 832 865 tuerat
887 807 1105 863 stianauomine
1119 808 1284 879 gloriantes,
1301 810 1477 865 Christianos
1488 809 1668 883 rebaptizare
1683 828 1741 867 non

71 895 142 960 utus,
162 893 194 948 in
208 895 406 966 persecutione
421 912 515 950 saeros
528 897 641 953 codices
658 898 830 954 tradidisset.
887 896 1050 952 dubitarent
1064 896 1161 968 (Epist.
1178 899 1232 966 23).
1249 898 1282 952 Et
1296 898 1381 952 simul
1397 915 1429 953 ac
1442 900 1562 955 verbum
1578 900 1679 955 salutis
1688 917 1741 954 an·

71 982 334 1038 circunstantiae
351 986 479 1054 Augusto
487 985 598 1056 judices
609 986 831 1058 postulaverant,
888 983 1038 1051 nuntiarit,
1052 986 1110 1039 lieo
1132 985 1277 1040 laboribus
1292 987 1354 1057 ejus
1370 986 1493 1057 favento,
1509 989 1631 1043 Ecclesia
1647 989 1741 1044 catho

71 1086 116 1126 rus
131 1071 260 1142 primum
275 1071 412 1141 damnali,
429 1072 495 1128 dein
509 1074 544 1129 ab
556 1074 619 1145 ipso
634 1076 832 1148 quoqueCon-
887 1072 951 1139 lica,
974 1089 1038 1144 qum
1055 1071 1160 1128 aliticta
1182 1079 1209 1128 et
1228 1091 1366 1146 oppressa
1377 1076 1499 1146 jacebat,
1516 1082 1610 1149 capul,
1623 1081 1655 1132 ut
1675 1094 1741 1132 cum

71 1159 303 1232 coimperatorc,
325 1177 376 1217 suo
391 1178 506 1234 semper
523 1163 669 1218 schismati
682 1163 833 1235 pertinaci·
888 1161 1015 1217 Possidio
1035 1162 1197 1234 loquamur,
1220 1164 1325 1229 levare,
1350 1163 1524 1236 illorumque
1543 1165 1593 1236 qui
1616 1165 1740 1221 schisma

71 1248 228 1306 haeserant.
245 1252 281 1306 Ut
291 1250 626 1324 autempervicaciaesuae
640 1252 831 1324 patrocinium
888 1250 1037 1321 ejurabant
1051 1251 1195 1322 frequenti
1208 1267 1338 1318 numero,
1350 1252 1435 1322 coepit
1448 1252 1479 1305 in
1495 1252 1556 1307 dics
1569 1270 1737 1309 accrescere.

71 1343 153 1406 trent,
170 1339 223 1394 hoc
244 1339 334 1394 veluti
355 1340 449 1412 posito
469 1357 485 1396 a
503 1357 532 1396 se
547 1341 735 1398 fundamento
755 1343 831 1398 nite·
888 1341 969 1394 Hunc
984 1338 1109 1394 trucium
1131 1339 1242 1412 peperit
1263 1340 1425 1410 Augustini,
1445 1339 1587 1411 populum
1607 1341 1741 1413 privatim

71 1441 84 1481 r
105 1426 281 1500 :Quotquot
303 1445 368 1484 cunr
388 1446 438 1485 reo
462 1430 713 1493 communicarant,
730 1432 831 1486 eodem
888 1432 917 1483 cl
930 1427 1053 1499 publice,
1075 1429 1152 1483 intra
1170 1427 1342 1483 domesticos
1362 1428 1486 1499 parietes
1508 1434 1537 1484 et
1559 1429 1590 1483 in
1613 1430 1740 1498 ecelesia,

71 1530 98 1571 rc
113 1515 218 1572 tenen.
246 1518 317 1572 Cum
342 1521 418 1572 totus
441 1519 538 1591 itaque
566 1520 738 1575 christianus
756 1521 832 1576 orbis
888 1532 1001 1574 roceac
1016 1517 1273 1589 scriptodoeentis,
1292 1517 1374 1571 labor
1389 1517 1529 1572 assiduus.
1546 1519 1671 1573 Verbum
1690 1519 1741 1574 liei

71 1603 219 1661 :ceciliano
233 1607 468 1674 communicaret,
488 1624 518 1664 se
539 1625 556 1663 a
578 1609 688 1665 caeteris
699 1609 833 1664 omnibus
889 1605 1022 1660 audacter
1033 1605 1180 1677 libereque
1194 1605 1379 1677 predicabat,
1392 1610 1421 1660 et
1441 1606 1564 1662 hereses
1584 1624 1741 1679 quasquea

71 1708 145 1748 acre
160 1693 361 1761 Catholicis,et
371 1694 517 1768 integrum
527 1697 830 1753 schismaconssaruut.
889 1693 1013 1750 veritatis
1028 1695 1143 1749 tramite
1157 1694 1301 1749 deviantes
1318 1695 1505 1766 oppugnabat
1521 1697 1670 1753 acerrime.
1691 1698 1741 1753 Ca·

71 1781 216 1854 tiusuper
233 1782 340 1838 scelere
368 1785 557 1853 cumulantes,
583 1785 688 1842 iterum
706 1787 832 1859 baptiza·
889 1780 988 1835 tholici
1017 1781 1214 1852 hipponenses
1247 1779 1411 1836 incredibili
1442 1780 1548 1852 gaudio
1576 1781 1741 1838 mirabundi

71 1876 206 1946 quotquot
219 1872 250 1926 in
265 1888 365 1928 eorum
381 1877 456 1928 secla
473 1874 649 1945 baptismum
663 1892 722 1930 non
737 1892 833 1931 susce·
887 1874 1114 1947 triumphabant,
1131 1875 1328 1948 agebanthue
1341 1881 1373 1931 ut
1386 1877 1440 1931 boc
1453 1876 1547 1947 ipsum
1561 1894 1741 1949 quoquover-

71 1963 97 2030 l;
126 1977 192 2016 cum
206 1960 386 2033 Baptismum
400 1965 479 2016 extra
494 1963 652 2035 legitimam
668 1965 831 2035 Ecclesiam,
889 1980 936 2017 sus
951 1964 1177 2036 pervulgaretur,
1201 1963 1393 2029 Quamobrem
1413 1964 1586 2020 admirandis
1600 1965 1658 2020 illis
1677 1967 1739 2038 ejus

80 2065 237 2107 mamasac
250 2050 471 2118 contendebant,
486 2052 622 2107 collatum
631 2054 832 2126 prorsusinra·
887 2052 1064 2118 tractatibus,
1081 2068 1205 2124 quorum
1216 2052 1376 2108 doctrinam
1386 2069 1420 2108 ex
1434 2053 1537 2109 divinae
1551 2054 1652 2124 gratie
1661 2055 1739 2110 fonte

87 2155 152 2195 esse
165 2143 325 2195 tuerentur.
344 2139 438 2194 Errori
459 2144 597 2211 praetcrea
610 2142 668 2196 rim
682 2142 833 2198 crudetila-
888 2139 1054 2206 derivatam,
1070 2139 1311 2194 validissimarum
1325 2155 1439 2211 seraper
1451 2140 1596 2195 rationum
1607 2157 1738 2198 momen-

71 2227 270 2301 thnngebant.
302 2227 355 2292 Qui
381 2228 458 2283 enim
486 2229 561 2284 inter
588 2247 638 2285 eos
661 2230 832 2287 Circumcel-
887 2227 934 2295 tis,
951 2231 979 2283 at
993 2231 1154 2283 sanctarum
1170 2228 1382 2301 scripturarum
1394 2229 1564 2284 auctoritate
1579 2230 1738 2295 roborabat,

84 2314 267 2383 dicebantur,
282 2315 386 2387 plagis,
395 2316 514 2388 rapinis,
531 2317 682 2386 incendiis,
696 2319 831 2387 cedibus,
888 2317 942 2388 ipsi
953 2317 1036 2372 etiam
1054 2313 1183 2372 haeretici
1193 2333 1260 2372 cum
1273 2318 1425 2374 Catholicis
1435 2320 1630 2389 convolantes,
1641 2320 1741 2377 aridis·

71 2419 214 2461 somnam
236 2404 310 2476 juris
333 2404 464 2461 ordinem
479 2406 599 2478 impune
619 2408 831 2479 grassabantur.
888 2405 959 2461 sime
970 2405 1118 2461 inhiabant
1130 2422 1136 2473 ;
1146 2410 1175 2461 et
1185 2406 1314 2478 quisquis
1325 2407 1452 2462 notarios
1467 2409 1602 2465 adhibere
1615 2414 1738 2480 potarat,

71 2507 111 2550 uc
125 2509 185 2549 non
199 2492 297 2548 minus
313 2493 343 2547 in
355 2509 393 2559 se,
411 2510 499 2565 quam
513 2495 542 2549 in
557 2495 629 2550 alios
644 2497 833 2580 dusaeripent3
888 2510 952 2566 quae
971 2492 1140 2549 dicebantur
1154 2495 1237 2550 laetus
1252 2495 1421 2568 excipiebat.
1438 2495 1483 2553 Sic
1496 2497 1649 2568 singularis
1663 2498 1740 2554 illius

71 2599 93 2639 re
106 2581 138 2638 in
149 2597 238 2653 aquas
250 2582 365 2654 ctignes
374 2582 579 2651 immittebant,
591 2585 639 2639 sed
651 2585 833 2657 potissimum
887 2580 1025 2645 doctrina,
1042 2588 1071 2638 et
1092 2583 1165 2637 odor
1180 2584 1285 2639 Christi
1308 2585 1492 2640 suavissimus
1512 2604 1564 2658 per
1576 2587 1739 2642 universam

72 2669 133 2728 mis
156 2670 300 2725 montium
325 2671 524 2727 cacuminibus
546 2688 576 2728 se
591 2673 737 2728 turmatim
752 2675 832 2747 plus·
887 2670 1011 2725 Africam
1040 2671 1159 2726 diffusus
1187 2677 1237 2728 est.
1268 2673 1365 2745 Neque
1398 2673 1484 2729 etiam
1505 2674 1658 2731 Ecclesiam
1687 2675 1738 2730 Ilei

77 2759 211 2817 belluina
222 2759 334 2815 feritate
344 2759 506 2832 precipites
519 2777 603 2832 agera
615 2766 831 2820 consueverant.
887 2759 1108 2814 transmarinam
1119 2759 1167 2815 diu
1177 2759 1269 2823 latuit,
1283 2777 1348 2833 quae
1361 2765 1473 2816 tantum
1482 2763 1738 2818 bonumiratribos

79 2848 212 2924 ipsouno
227 2848 378 2904 schismate
390 2849 517 2921 plurima
527 2850 632 2906 sensim
641 2852 831 2923 pullularunt.
888 2846 957 2914 suis,
974 2847 1144 2919 quibuscum
1158 2864 1363 2920 corpusunum
1385 2850 1585 2918 constituebat,
1603 2850 1739 2906 divinitus

71 2973 74 2992 .
95 2939 324 2997 ramosissimum
337 2939 392 2996 fuit
406 2940 528 2996 schisma
549 2940 832 3011 llaximianistarum,
888 2935 1022 2990 collatum
1037 2937 1179 3006 gratulata
1197 2940 1240 2991 est
1261 2934 1419 3008 (Possidius,
1442 2940 1472 2992 in
1499 2939 1564 2994 Vita
1578 2939 1736 3008 Augustini,

71 3045 117 3086 mo
129 3029 332 3084 trecentesimo
353 3029 541 3100 nonagesimo
555 3029 639 3086 tertio
655 3029 833 3086 Primianum
888 3040 911 3079 c.
926 3023 968 3095 7).
992 3023 1045 3090 Oui
1069 3041 1216 3080 sermones
1235 3026 1295 3097 ejus
1311 3031 1360 3081 aut
1374 3030 1510 3082 tractatus
1526 3026 1670 3083 habebant
1690 3044 1739 3082 cx-

71 3117 195 3174 istarnm
207 3116 378 3188 Cartbagine
394 3118 561 3190 episcopum
575 3119 789 3188 damnarunt,et
803 3119 833 3174 in
889 3109 1019 3183 scriptos,
1030 3110 1084 3184 ipsi
1095 3128 1209 3184 quoque
1224 3114 1378 3172 Donatista
1392 3115 1600 3188 llipponenses,
1611 3120 1662 3172 aul
1673 3116 1737 3171 tini·

71 3221 163 3262 ccum
192 3205 398 3261 Maximianum
431 3207 578 3263 suffecere.
604 3208 709 3262 Verum
737 3209 833 3263 ceteri
888 3199 962 3270 timi,
982 3217 1029 3257 eos
1051 3201 1088 3257 ad
1111 3202 1260 3275 episcopos
1283 3204 1444 3260 Donatislas
1466 3205 1640 3261 deferebant.
1663 3208 1739 3276 Qua·

71 3295 134 3352 istm
153 3294 184 3349 in
205 3294 345 3365 Bagaiann
368 3294 481 3350 civitate
508 3295 663 3368 provinciae
693 3296 833 3352 Numidiae
888 3305 949 3344 cum
967 3289 1118 3361 audissent,
1136 3295 1161 3346 et
1175 3296 1269 3347 centra
1287 3293 1358 3360 (orte
1378 3294 1487 3364 aliquid
1505 3295 1632 3362 dicerent,
1655 3298 1702 3349 aut
1723 3310 1740 3348 a

71 3384 149 3457 agati
168 3383 223 3439 hoc
238 3382 311 3455 ipso,
328 3383 363 3438 de
378 3400 436 3455 quo
458 3384 583 3456 agimus,
599 3401 676 3441 anno
691 3389 832 3441 trecente·
888 3381 946 3434 suis
961 3380 1165 3448 refellebantur,
1181 3386 1230 3436 aut
1243 3381 1335 3437 eadem
1350 3398 1479 3452 resparsa
1495 3383 1532 3437 ad
1545 3388 1667 3438 sanctam
1679 3383 1740 3437 Au-

71 3472 258 3545 nonagesimo
273 3477 386 3544 quarto,
400 3473 579 3529 Primianum
594 3474 624 3529 in
639 3475 735 3531 sedem
751 3492 832 3530 suurn
888 3470 1028 3536 uestinum
1049 3469 1249 3537 deserebantur,
1271 3472 1361 3540 eisque
1379 3474 1532 3540 compertis,
1552 3474 1689 3541 patienter
1709 3487 1740 3525 ac

71 3565 180 3628 rerunt,
195 3565 222 3615 et
237 3561 265 3615 iu
281 3577 330 3617 eos
342 3578 359 3616 a
373 3562 478 3632 quibus
492 3562 553 3635 ipsc
567 3563 719 3619 damnatus
728 3564 831 3631 fuerat,
888 3557 992 3625 leniter,
1006 3561 1042 3626 el,
1059 3562 1090 3612 ut
1104 3559 1236 3627 impium
1250 3562 1299 3625 eli,
1315 3574 1375 3613 tum
1391 3562 1486 3614 limll't’
1498 3564 1523 3615 tl
1536 3564 1649 3615 tremore
1663 3560 1739 3614 solu-

71 3649 321 3717 internuntiam,
350 3650 380 3705 in
405 3651 555 3706 duodecim
586 3647 703 3724 mitem
729 3653 834 3708 axillis
889 3649 940 3699 teu
963 3645 1082 3700 omnium
1105 3645 1269 3715 merebatur
1292 3645 1424 3717 (rnurpp.
1448 3663 1479 3712 11.
1506 3647 1569 3718 tlh
1597 3646 1738 3702 osteudens

80 3739 129 3797 dic
144 3738 298 3810 praefinito,
323 3739 353 3793 in
370 3744 488 3794 caeteros
502 3756 580 3807 vero,
595 3740 652 3795 nisi
674 3741 833 3796 antediem
889 3749 971 3803 quum
983 3734 1055 3789 nibil
1069 3735 1114 3789 illi
1131 3734 1253 3801 refellere
1267 3736 1412 3802 uoluaiut,
1432 3751 1463 3791 ac
1479 3737 1626 3805 valuerint,
1649 3751 1740 3806 quam·

71 3843 110 3884 em
138 3826 256 3882 Domini
277 3827 312 3882 ad
328 3843 410 3882 suam
438 3828 669 3884 communionem
694 3829 832 3886 redirent.
890 3838 940 3892 que
954 3838 1047 3879 uuum
1063 3825 1291 3893 manifestumque
1310 3828 1356 3894 sit,
1381 3826 1454 3895 quod
1469 3827 1594 3881 Ecclesia
1612 3828 1661 3880 Dei
1674 3825 1741 3895 icles

71 3932 95 3985 a,
108 3915 164 3971 atsi
177 3915 376 3987 hujuscemodi
391 3915 584 3972 damnationis
593 3918 767 3973 sententiam
786 3922 833 3974 tu·
890 3916 959 3966 ittet
984 3927 1016 3967 ⁰⁶
1038 3911 1113 3967 ‘¹⁰⁰²‘
1133 3911 1293 3983 (Possidius,
1315 3915 1345 3969 in
1367 3915 1432 3970 Vita
1455 3916 1615 3984 Auqustini,
1640 3929 1666 3969 ⁶·
1694 3913 1738 3983 9).

71 4011 88 4075 t,
104 4004 262 4061 nonnullos
288 4005 408 4060 subinde
422 4008 486 4076 post
509 4005 656 4078 expletum
677 4007 833 4078 praestituti
888 4001 1013 4071 lpsemcl
1024 4001 1213 4072 Augustinus,
1227 4003 1355 4058 referens
1368 4009 1510 4075 quantum
1520 4004 1557 4059 ab
1570 4003 1627 4058 illis
1643 4002 1740 4074 exagi-

71 4092 117 4149 »ris
132 4092 257 4165 spatium
275 4093 471 4161 admiserunt;
494 4093 552 4148 imo
566 4098 595 4149 at
613 4094 723 4168 aliquot
737 4096 831 4162 exiis,
889 4093 999 4144 iareim·
1024 4089 1163 4145 Εθῦῐθθῑθέ
1193 4091 1330 4160 Videmus,
1357 4092 1507 4164 inquitet
1531 4093 1685 4158 toletalum,
1715 4098 1740 4146 tl

71 4181 209 4239 cunilam
227 4185 426 4237 concesserant
440 4198 563 4250 moram,
579 4183 664 4238 ctiam
678 4185 756 4239 velue
770 4186 832 4256 epi.
888 4182 1021 4246 quantum
1032 4194 1175 4249 possuimus
1186 4182 1330 4250 reprimere
1349 4197 1477 4237 mnamur
1489 4180 1666 4251 disputando,
1682 4195 1739 4235 cen·

71 4286 82 4327 a
103 4275 293 4344 receperunt;
310 4271 396 4326 nullis
409 4275 508 4326 tamen
523 4286 633 4338 eorum,
650 4289 721 4344 quos
746 4273 834 4329 iidem
887 4267 1008 4334 uuanda
1030 4268 1219 4337 macarianae,
1241 4270 1364 4324 terrenda
1377 4270 1468 4340 (idque
1481 4273 1544 4340 post
1557 4284 1658 4323 annum
1671 4283 1740 4338 qua-

71 4358 235 4415 ¹schismate
253 4359 475 4431 baptizaverant,
494 4359 600 4414 iterum
614 4359 773 4432 baptizatis.
789 4362 833 4417 Sic
888 4355 1129 4424 drinuentesimum
1151 4359 1298 4428 quintum),
1314 4363 1403 4414 lamen
1420 4359 1450 4413 in
1462 4357 1586 4413 omnibus
1601 4356 1741 4426 dilieendo
1773 4346 1778 4356 ¹

71 4464 121 4505 um
143 4448 184 4504 illi
204 4448 322 4504 heresis
336 4466 396 4504 suas
414 4449 601 4504 fundamenta
616 4449 829 4506 labefactabant.
890 4444 1000 4512 (enan.
1011 4445 1040 4498 in
1053 4445 1127 4500 Paul.
1139 4461 1203 4512 xxx,
1218 4461 1247 4501 n.
1260 4445 1295 4517 t).

71 4539 125 4595 lec
139 4542 215 4593 saeta
230 4539 310 4593 nullo
332 4537 398 4592 licel
419 4538 609 4594 fundamento
625 4538 752 4606 suffulta,
768 4543 831 4593 tan·
926 4536 953 4588 3.
967 4534 1004 4589 lit
1017 4533 1071 4588 lec
1086 4533 1219 4590 diebusuc
1233 4534 1366 4603 noctibus,
1381 4532 1423 4589 ail
1441 4533 1593 4603 Possidius,
1603 4535 1637 4589 ab
1651 4535 1742 4591 eodem

71 4640 156 4681 nmen
171 4626 202 4680 iu
216 4626 310 4681 Airica
325 4626 446 4693 valebat,
467 4642 533 4680 cum
542 4626 721 4698 Augustinus
736 4626 767 4682 in
782 4629 832 4682 Ec·
885 4622 991 4692 ‚iupiter
1000 4622 1161 4691 caelantur.
1176 4624 1246 4680 Nam
1259 4623 1420 4692 elepistolas
1432 4625 1557 4693 priuatas
1568 4623 1605 4678 ad
1623 4638 1742 4693 quosque

78 4714 167 4785 caepit
181 4712 317 4781 eminere,
331 4719 363 4769 ul
373 4714 494 4769 trecenti
505 4718 532 4768 et
547 4715 646 4770 decem
661 4714 787 4787 episcopi
798 4715 832 4769 ad
888 4709 1007 4780 ejusaem
1021 4713 1121 4767 erroris
1144 4713 1291 4781 episcopos,
1319 4716 1344 4766 et
1367 4713 1510 4768 eminentes
1534 4714 1635 4769 scilieet
1659 4714 1742 4769 laicos

71 4816 122 4857 um
149 4803 336 4873 bagaiensem
363 4802 562 4870 convenerint,
591 4808 697 4876 praeter
717 4809 833 4858 centurn
889 4799 1091 4867 declaratione
1104 4801 1214 4858 reddita
1228 4800 1466 4870 admonensatque
1485 4803 1641 4870 exhortans,
1657 4808 1687 4858 ut
1700 4803 1742 4857 uel

71 4889 115 4964 {ui
129 4890 300 4946 llaximiano
314 4891 508 4947 adhaerebant.
532 4892 600 4947 Eum
615 4909 666 4946 suo
683 4892 834 4963 complexu
888 4888 922 4942 ab
936 4889 984 4943 illa
996 4904 1024 4944 se
1038 4892 1176 4959 pravitate
1189 4891 1362 4958 corriperent,
1379 4890 1423 4945 vel
1437 4895 1506 4946 certe
1520 4892 1558 4946 ad
1576 4891 1741 4960 disputatio·

71 4992 119 5034 em
148 4978 282 5034 Afrorum
307 4978 525 5034 multitudinem
548 4979 722 5035 continuisse
752 4981 834 5036 docet
888 4993 948 5031 oeni
969 4980 1100 5033 uenirent.
1116 4978 1212 5033 Atilii
1225 4977 1497 5049 causedisfideruia,
1519 4996 1551 5034 ue
1565 4980 1674 5050 quidem
1688 4995 1739 5033 un·

71 5065 131 5123 iius
149 5068 310 5138 (Possidius,
339 5070 368 5123 in
391 5070 455 5125 Vita
482 5069 657 5137 Aupustini,
682 5086 705 5125 c.
735 5071 774 5140 3).
802 5071 834 5124 Et
889 5082 971 5136 quam
984 5067 1131 5122 rescribere
1144 5067 1305 5122 uoluerunt:
1322 5068 1371 5122 sed
1384 5071 1454 5123 irati
1469 5071 1577 5136 furiosa
1592 5067 1741 5137 loqueban-

71 5172 95 5213 m
119 5156 354 5228 Hipponellegio
376 5160 436 5212 tarn
456 5156 575 5229 exiguus
595 5162 656 5213 erat
671 5158 832 5213 Catholico-
890 5165 944 5228 tur,
965 5166 1046 5230 alque
1061 5161 1226 5216 seductorem
1245 5167 1270 5217 et
1288 5162 1452 5232 deceptura
1469 5166 1623 5218 animarum
1642 5161 1741 5229 Aaou·

71 5262 215 5315 ramerus,
238 5251 267 5301 el
287 5261 321 5301 aa
340 5246 509 5301 auctoritate
530 5246 684 5302 Donatista
700 5246 832 5303 domina·
887 5251 989 5304 stiuam
1003 5264 1068 5317 csse,
1082 5252 1108 5304 et
1119 5251 1252 5319 priuatim
1266 5256 1293 5306 et
1303 5252 1412 5322 publice
1428 5251 1645 5317 conclamalaut3
1661 5254 1686 5304 el
1705 5254 1736 5304 ut

71 5352 92 5405 r,
110 5340 145 5391 ut
165 5332 317 5391 Faustinus
341 5351 440 5391 corum
455 5334 486 5390 in
509 5335 562 5390 hac
578 5335 648 5391 urba
668 5335 832 5408 episeopus,
888 5339 981 5408 lupum
994 5337 1170 5394 occidendum
1184 5356 1240 5397 esse
1254 5342 1284 5395 in
1299 5340 1479 5408 desemionem
1493 5341 1583 5407 crepis
1598 5340 1652 5405 sai,
1669 5338 1739 5394 dice-

73 5429 143 5482 anle
154 5422 309 5496 Augustini
323 5424 488 5490 adrentum,
503 5439 609 5494 panem
623 5423 774 5480 Catholicis
789 5442 835 5480 co·
890 5425 955 5480 bant
969 5430 994 5481 el
1009 5427 1180 5497 tractatura
1196 5432 1339 5499 omniaque
1351 5433 1463 5499 peccata
1478 5443 1495 5482 a
1508 5429 1560 5482 Dee
1576 5427 1750 5483 indubitan-¹

71 5514 228 5581 cohiberem
253 5513 293 5568 ita
306 5518 339 5569 ut
353 5513 466 5569 diaconi
475 5513 624 5586 eujusdam
641 5511 832 5586 Hipponensis
890 5518 930 5570 ter
943 5528 999 5570 asse
1012 5515 1174 5573 credendam
1188 5534 1265 5588 posse
1286 5517 1391 5572 dimitti
1410 5517 1457 5578 iis,
1482 5517 1531 5585 qui
1544 5517 1592 5572 luc
1605 5517 1695 5584 lacere
1710 5533 1742 5572 ac
