3884 6112
47 328 116 384 stes
715 329 762 387 DE
780 329 868 390 Vtra
886 330 1095 392 metrica.
1732 343 1803 400 ilbi·

46 448 160 504 inclusa
173 447 208 502 dc
223 447 345 503 crastino
360 447 396 504 sit
411 448 542 518 sollicita,
557 465 623 505 cum
644 450 782 507 Dominus
804 454 898 509 dicat:
956 457 980 523 l,
996 454 1038 525 t).
1053 453 1097 509 Sic
1110 453 1221 508 inclusa
1232 453 1337 509 timens
1351 470 1448 511 cesum
1461 456 1579 582 linquae,
1596 476 1684 530 quem
1698 479 1799 520 secun-

47 521 169 575 Primum
184 522 296 588 quarite
314 535 425 588 regnum
448 522 510 590 Dei,
525 525 550 576 et
564 522 618 577 hac
632 525 723 577 omnia
737 524 900 594 adjicientur
954 524 1023 580 dum
1049 524 1212 596 apostolum
1233 525 1371 580 iacobum
1397 543 1483 582 nemo
1531 529 1661 586 ominum
1683 533 1800 590 domare

45 591 124 646 uobis
139 592 248 660 (uarro.
265 607 303 656 ιι,
320 593 373 659 33).
390 591 570 663 Quapropter
588 593 797 663 providendum
812 599 900 650 estut
953 601 1047 667 potest
1063 596 1167 666 (iacobi
1185 612 1225 660 111,
1243 595 1280 666 8),
1306 601 1394 668 ponat
1408 599 1566 654 custodiam
1588 601 1631 657 ori
1652 620 1714 671 suo,
1739 605 1800 660 sola

47 677 130 716 mens
144 661 223 716 omni
237 676 333 716 rerum
348 662 552 733 temporalium
567 679 635 720 cure
647 669 777 734 exuatur,
792 669 821 720 et
835 682 900 721 exo·
954 666 1060 731 sedeat,
1082 671 1110 721 ei
1124 670 1217 721 taceat
1240 682 1305 734 ore;
1324 668 1427 737 spiritu
1446 669 1598 740 loquatur:
1614 678 1643 728 et
1658 674 1755 729 credat
1769 691 1799 730 se

48 737 169 787 noratur
183 732 383 787 sollicitudine.
953 752 1012 791 non
1035 753 1095 792 esse
1118 738 1217 805 solam,
1243 738 1358 809 quando
1382 740 1443 793 sola
1466 745 1517 795 est.
1541 743 1619 796 Tunc
1633 745 1711 799 euim
1733 760 1799 800 cum

49 803 164 858 CAPUT
193 803 237 857 Vl.
265 831 300 843 -
327 805 440 859 liectuso
460 820 493 859 rte
518 820 672 877 pauperum
695 810 744 861 aut
763 806 900 876 hospitum
953 807 1066 862 Christo
1085 813 1128 862 est
1146 808 1197 880 qui
1215 824 1274 863 non
1295 808 1473 879 dignaturin
1489 811 1580 866 turbis
1598 829 1659 868 esse
1674 830 1739 870 cum
1754 832 1797 872 ee.

81 877 219 943 praetcutu
232 874 377 941 facultates
400 875 496 930 babere
509 877 593 931 uelit:
608 880 705 932 ututiu
717 878 821 932 aricittu
834 892 898 947 pro·
953 878 1055 933 Sedent
1073 894 1141 949 ergo
1167 878 1236 947 sola,
1258 884 1350 934 taceat
1369 881 1512 935 Christum
1537 883 1665 949 audiens,
1686 890 1716 940 et
1733 901 1799 942 cum

86 945 151 999 butu
165 960 172 998 t
187 960 241 999 nort
253 946 358 1014 puellae
374 945 476 1001 doceat.
954 948 1064 1004 Christo
1085 949 1216 1020 loquens,
1231 955 1321 1020 ponat
1336 951 1492 1005 custodiam
1511 953 1555 1006 ori
1575 971 1637 1009 suo.
1657 955 1797 1022 Primum,

83 1015 164 1080 Quod
179 1020 211 1069 ut
234 1014 292 1081 liat,
311 1016 406 1071 videat
420 1016 543 1083 inclusa;
565 1021 597 1071 ut
617 1017 641 1072 si
660 1017 723 1073 lieri
743 1021 846 1089 petest,
863 1018 898 1073 de
952 1024 985 1074 ut
1004 1035 1069 1074 raro
1093 1021 1245 1090 loquatur;
1271 1020 1374 1074 deinde
1396 1021 1464 1092 quid
1481 1023 1623 1094 loquatur,
1641 1025 1756 1096 quibus,
1770 1031 1799 1082 et

46 1085 145 1141 labore
167 1101 306 1140 manuum
323 1103 440 1141 sitarum
460 1087 544 1142 vivat
566 1090 622 1142 lloc
640 1089 717 1142 enim
741 1088 898 1159 perfectum
953 1090 1096 1160 quomodo
1119 1090 1263 1160 loquatur,
1286 1091 1424 1146 attendat.
1447 1092 1521 1147 Raro
1545 1095 1690 1165 loquatur,
1710 1096 1799 1152 idest

45 1162 98 1211 est.
115 1157 144 1212 si
159 1163 257 1210 autem
271 1161 320 1211 aut
334 1157 485 1212 infirmitas
505 1163 555 1213 aut
572 1159 734 1214 teneritudo
752 1175 811 1213 non
830 1176 899 1230 per·
953 1161 1036 1215 certis
1055 1165 1083 1215 et
1101 1161 1260 1215 constitutis
1275 1161 1359 1223 horis,
1378 1162 1412 1216 de
1428 1163 1532 1233 quibus
1546 1171 1645 1236 postea
1659 1166 1796 1222 dicemus.

45 1226 158 1293 mittat;
173 1232 327 1298 antequam
340 1227 512 1295 includatur,
524 1233 614 1283 certas
627 1245 764 1300 personas
776 1234 898 1300 quaerat,
952 1231 1060 1295 Quibus
1074 1230 1083 1265 ¹
1099 1232 1241 1302 loquatur,
1258 1231 1286 1285 id
1305 1238 1347 1286 est
1360 1234 1444 1286 certis
1459 1236 1599 1303 personis,
1616 1241 1645 1290 et
1658 1239 1757 1308 quales
1772 1237 1800 1293 ei

44 1313 63 1352 a
75 1299 181 1369 quibus
193 1298 313 1369 singulis
326 1299 426 1353 diebus
436 1299 513 1371 quod
529 1299 579 1353 uui
594 1299 652 1354 diei
662 1300 793 1367 sufficiat,
806 1301 898 1355 humi·
952 1301 1228 1372 luerintdesignatae.
1239 1301 1632 1374 Quomodoloquatur,idest,
1640 1307 1798 1376 humiliter,

43 1367 112 1424 liter
122 1368 250 1439 recipiat,
269 1385 320 1423 nec
332 1385 416 1423 causa
430 1387 588 1441 pauperum
600 1371 642 1425 vel
655 1371 803 1442 hospitum
813 1371 897 1442 quid·
952 1372 1109 1438 moderate,
1126 1387 1184 1425 non
1199 1371 1256 1425 alta
1275 1389 1352 1438 voce,
1369 1388 1420 1425 nec
1439 1375 1519 1440 dura,
1543 1392 1595 1430 nec
1613 1378 1726 1445 blande,
1746 1395 1799 1434 nec

45 1454 134 1512 quam
161 1439 285 1509 adjiciat.
312 1441 373 1495 Non
399 1441 473 1495 circa
501 1441 632 1495 cellulam
664 1442 726 1511 ejus
759 1457 898 1512 pauperes
952 1443 1041 1497 mixta
1055 1441 1124 1495 risu.
1141 1443 1211 1496 Nam
1223 1442 1246 1495 si
1256 1442 1309 1496 hoc
1320 1443 1354 1496 ad
1370 1444 1528 1513 quemlibet
1540 1445 1629 1500 virum
1645 1448 1799 1503 honestum

44 1513 181 1578 clament,
195 1527 255 1566 non
268 1510 390 1581 orphani
405 1511 528 1582 plorent,
542 1528 599 1566 non
614 1511 699 1566 vidua
713 1511 896 1568 lamentetur.
952 1528 1012 1568 non
1047 1512 1159 1579 ertinet,
1177 1517 1284 1582 quanto
1299 1514 1392 1583 magis
1404 1514 1605 1570 adlamiuemt
1619 1524 1726 1588 quanto
1743 1535 1800 1573 ma·

44 1581 101 1637 Sed
119 1581 194 1653 quis,
216 1582 340 1652 inquies,
363 1582 416 1636 boc
437 1583 544 1653 poterit
567 1582 739 1654 prohibere?
757 1582 798 1636 Tu
820 1583 896 1649 sede,
952 1584 995 1655 gis
1009 1530 1045 1638 ai
1069 1583 1210 1653 virginem
1227 1584 1242 1636 ‘t
1261 1589 1368 1654 quanto
1388 1585 1481 1654 magis
1496 1585 1531 1640 ad
1546 1587 1686 1643 inclusam
1699 1587 1713 1641 ‘l
1728 1588 1799 1644 Sede

43 1657 77 1707 tu
92 1656 163 1721 tace,
179 1657 211 1707 tu
226 1653 344 1708 sustine.
360 1654 422 1709 idox
436 1658 469 1707 ut
484 1653 574 1707 scient
587 1656 616 1708 te
631 1653 704 1707 nihil
719 1651 835 1718 hebere,
852 1669 898 1706 se-
952 1669 1030 1724 ergo,
1045 1669 1127 1708 soror
1140 1668 1215 1718 mea,
1231 1657 1260 1707 et
1270 1659 1339 1707 teca.
1355 1652 1384 1708 Si
1396 1656 1575 1724 compelleris
1589 1658 1681 1728 loqui,
1695 1674 1799 1729 perum

44 1738 103 1794 que
119 1722 191 1778 nihil
205 1728 380 1794 recepturos,
396 1725 439 1779 rel
457 1723 570 1793 fatigati
585 1723 741 1777 discedent.
758 1723 898 1777 lnhuma·
952 1723 1080 1794 loquere,
1102 1722 1251 1778 humiliter
1265 1727 1294 1776 et
1309 1724 1456 1779 modeste:
1477 1725 1540 1778 sire'
1553 1727 1588 1781 de
1606 1729 1798 1798 corporalium

45 1809 117 1848 num
138 1795 193 1849 boc
213 1795 328 1848 clames.
355 1793 496 1848 Gaeterum
524 1792 548 1846 si
574 1799 679 1863 praeter
705 1794 898 1848 necessarium
952 1809 1050 1848 rerum
1064 1793 1242 1862 necessitate,
1257 1794 1314 1848 sive
1329 1794 1364 1849 de
1382 1793 1486 1850 animae
1501 1796 1592 1852 salute
1605 1813 1699 1853 sermo
1714 1799 1798 1855 incu-

43 1864 154 1920 rictum
175 1868 205 1918 et
227 1865 362 1918 restitum
380 1864 489 1934 aliquid
507 1861 605 1929 habes,
622 1863 760 1917 monacha
781 1879 841 1918 non
855 1880 896 1919 es.
951 1864 1057 1919 buerit.
1214 1913 1216 1916 ,

43 1935 120 1999 Quid
145 1950 213 2004 ergo
238 1933 389 2005 erogahis?
411 1934 577 2004 praecipitur
600 1937 696 1988 tamen
716 1933 842 1997 inclusae,
868 1938 899 1989 ut
970 1935 1083 1991 CAPUT
1099 1935 1170 1991 Vlll.
1187 1965 1219 1975 -
1235 1934 1398 2001 Quibuscum
1409 1939 1535 2005 personis
1553 1938 1628 2008 loqui
1648 1939 1721 1996 decet
1737 1957 1780 1997 re-

43 2005 186 2076 quidquid
201 2005 237 2059 de
251 2005 349 2059 labore
362 2019 501 2060 manuum
516 2020 634 2058 suerum
649 2004 735 2059 victui
746 2021 778 2058 su
801 2004 897 2072 erluit,
1318 2006 1429 2061 clusum.

44 2076 141 2130 mittat
156 2075 269 2130 cuidem
290 2075 378 2141 fideli,
395 2076 445 2147 qui
461 2075 635 2147 pauperibus
656 2090 705 2130 ero
726 2079 764 2130 et.
780 2021 851 2130 ltolo
866 2079 899 2130 ut
986 2076 1049 2131 tam
1059 2090 1135 2130 nunc
1144 2091 1281 2146 personas
1292 2076 1396 2146 quibus
1406 2077 1486 2148 loqui
1497 2077 1590 2142 debet,
1602 2080 1797 2151 designemus.

42 2146 205 2201 insidiatrix
220 2146 364 2217 pudicitiae
379 2147 474 2201 vetula
489 2148 578 2200 mixta
592 2091 766 2217 pauperiltus
786 2146 900 2209 accedat
953 2146 1030 2200 Felix
1044 2146 1093 2201 illa
1107 2162 1172 2217 quae
1186 2162 1238 2201 nec
1251 2147 1389 2202 maritum
1405 2147 1527 2215 admisit,
1542 2150 1655 2205 nullum
1669 2151 1799 2208 virorum

49 2217 184 2289 propius,
201 2218 309 2272 delerat
324 2217 359 2272 ab
379 2218 418 2271 ali
439 2233 476 2272 uo
499 2217 703 2271 neonuchorum
718 2217 762 2271 vel
780 2216 898 2272 clerico·
952 2216 1048 2272 videre
1062 2216 1171 2284 volens,
1187 2234 1239 2271 nec
1253 2218 1369 2288 alloqui.
1385 2218 1439 2273 Sed
1453 2235 1516 2289 quaa
1533 2236 1609 2274 nunc
1623 2223 1799 2279 recluserum

47 2304 115 2343 rum
128 2288 271 2359 eulogias;
286 2303 346 2342 non
358 2233 461 2343 bledda
474 2288 559 2342 verba
573 2288 603 2342 in
625 2303 693 2342 aure
708 2291 845 2354 susurret,
861 2303 898 2342 ne
952 2287 1006 2342 hoc
1028 2287 1159 2369 sequitur
1179 2288 1365 2358 exemplum?
1385 2288 1537 2343 Sufficiunt
1555 2291 1612 2344 illis
1630 2308 1695 2363 quae
1713 2295 1798 2350 modo
1822 2299 1833 2314 '

46 2375 99 2431 pro
113 2366 228 2429 accepta
243 2359 425 2429 eleemosyna
439 2359 570 2414 osculans
587 2373 706 2412 menum
725 2357 756 2412 in
769 2374 838 2411 eure
852 2357 897 2412 in·
953 2361 1028 2424 sunt,
1054 2374 1079 2411 si
1098 2358 1171 2414 hanc
1196 2359 1373 2429 corporalem
1387 2359 1547 2414 castitatem
1571 2368 1750 2432 conservent,
1775 2365 1799 2419 si

47 2430 152 2485 sibilet.
170 2430 333 2485 Cavendum
370 2433 487 2484 reeterea
501 2433 553 2492 est,
569 2435 601 2483 ut
615 2444 667 2484 nec
686 2430 721 2482 ob
744 2428 898 2509 susceptio·
952 2444 1011 2482 non
1026 2433 1129 2482 onusto
1143 2432 1242 2482 ventre
1261 2443 1322 2484 non
1337 2430 1532 2495 extrahantur,
1549 2431 1571 2484 si
1586 2448 1644 2486 non
1659 2433 1744 2489 lictus
1757 2435 1802 2489 in·

47 2517 115 2556 nem
128 2500 329 2626 reliqiosarum
342 2445 525 2564 iiminarum,
539 2498 686 2570 quodlibet
698 2499 898 2623 hospitalitatis
951 2498 1036 2579 famis
1051 2503 1165 2569 partum
1188 2499 1317 2579 ediderit.
1342 2499 1451 2563 Quibus
1465 2506 1648 2570 perpetuum,
1675 2519 1712 2559 ne
1734 2520 1798 2560 cum

47 2588 119 2626 onus
141 2571 187 2625 inc
201 2588 250 2626 usu
267 2571 412 2642 suscipiat.
429 2572 500 2625 Nam
523 2570 598 2624 inter
618 2570 707 2624 bonas
726 2585 898 2640 perumque
951 2586 1020 2623 ιιιιι
1044 2570 1072 2623 lo
1093 2573 1210 2637 uantur,
1232 2569 1358 2623 incedere
1378 2585 1435 2623 non
1459 2586 1613 2639 possumus
1641 2573 1797 2644 silentium,

47 2642 134 2698 etiam
150 2642 284 2712 pessimae
298 2642 426 2708 veniunt,
442 2657 508 2713 quae
523 2645 590 2695 ento
603 2639 720 2695 inclusae
741 2640 898 2698 fenestram
952 2655 1017 2695 cum
1033 2639 1083 2719 qui
1104 2655 1136 2692 us
1151 2639 1299 2693 honestius
1313 2638 1394 2709 loqui
1410 2638 1531 2710 possint,
1546 2641 1704 2699 videamus.
1724 2646 1798 2717 Ergo

50 2712 264 2768 discumbentes
286 2711 442 2783 premissis
466 2711 548 2766 valde
571 2710 669 2782 paucis
699 2713 734 2764 de
758 2710 898 2781 religiosis
953 2709 977 2763 si
991 2710 1054 2763 fieri
1068 2713 1170 2779 potest,
1190 2709 1375 2779 provideatur
1390 2709 1421 2763 in
1440 2725 1545 2781 magno
1560 2714 1733 2768 monasterio
1753 2717 1798 2771 vel

51 2784 231 2838 sermonibus
246 2784 280 2838 ed
295 2782 442 2837 saecularia
457 2781 656 2840 devolvuntur,
668 2779 736 2834 inde
748 2781 897 2834 subtexere
953 2778 1070 2834 ecclesia
1093 2779 1241 2850 presbyter
1264 2779 1366 2850 aliquis
1390 2795 1484 2844 senex,
1507 2777 1636 2836 maturus
1657 2785 1796 2853 moribus,

49 2854 198 2921 amatoria,
220 2859 246 2909 et
269 2859 384 2908 noctem
408 2853 467 2908 fere
491 2857 578 2906 totam
602 2851 764 2906 insomnem
783 2851 896 2906 ducere.
952 2850 999 2904 cui
1023 2865 1098 2916 raro,
1117 2848 1173 2903 nisi
1194 2849 1229 2903 de
1243 2850 1419 2904 confessione
1444 2855 1472 2905 et
1492 2851 1596 2907 animae
1610 2853 1797 2911 aedificatione

47 2924 122 2980 Sene
143 2929 173 2979 tu
196 2925 252 2979 tale
272 2924 375 2993 devita,
391 2939 428 2978 ne
447 2922 558 2993 cogaris
576 2921 686 2987 audire,
705 2920 780 2991 quod
802 2921 898 2974 ridere
952 2920 1099 3000 loquatur,
1113 2936 1130 2973 a
1142 2935 1199 2990 quo
1214 2919 1364 2975 consilium
1375 2920 1496 2991 accipiat
1509 2920 1540 2975 in
1553 2922 1657 2991 dubiis,
1668 2924 1698 2978 in
1706 2925 1797 2980 tribu·

48 2996 176 3051 horreas.
193 2996 275 3050 Forte
292 2995 368 3049 euim
384 2993 557 3048 videbuntur
577 3008 685 3058 amara,
698 3006 763 3045 cum
779 2990 899 3045 audiun·
952 2989 1108 3044 latronibus
1117 2990 1352 3046 consolationem.
1364 2993 1469 3046 Verum
1479 2992 1547 3063 quie
1558 2992 1701 3050 inclusum
1709 3012 1799 3052 mem·

10 3054 13 3092 ³
48 3066 332 3134 tur,relcernuntur;
342 3081 407 3137 qua.
415 3061 899 3136 sequuntur,dulcia,cnmcogiten-
951 3061 1011 3115 bris
1022 3061 1131 3115 malum
1143 3061 1226 3126 illud,
1239 3062 1316 3132 quod
1327 3062 1473 3129 timemus,
1484 3064 1656 3145 plerumque
1669 3067 1795 3136 suscitat,

48 3140 105 3192 tur.
130 3137 159 3192 si
180 3137 344 3192 scandalum
368 3136 464 3201 times,
491 3150 525 3189 eo
549 3133 627 3204 quod
649 3148 702 3187 nec
724 3131 905 3204 pauperibus
952 3131 1105 3186 ctemellit
1123 3136 1283 3186 emortuam
1311 3138 1496 3200 senectutem,
1529 3150 1581 3189 nec
1604 3136 1658 3206 ipsi
1679 3153 1798 3193 manum

10 3202 15 3233 ²
48 3223 160 3278 erogas,
176 3223 236 3262 non
254 3206 373 3277 suscipis
392 3205 534 3276 bospites;
550 3220 614 3258 cum
635 3219 734 3259 omnes
752 3207 831 3257 tuem
846 3218 898 3257 nu·
952 3218 1033 3257 suem
1043 3203 1215 3273 tangendam
1233 3204 1412 3272 praebeatrel
1428 3204 1609 3275 palpandam.
1627 3207 1711 3263 Nulla
1719 3209 1799 3264 vobis

50 3279 168 3334 dilatem
187 3277 348 3345 didicerint,
362 3293 421 3332 non
437 3276 493 3332 erit
506 3275 556 3347 qui
574 3274 774 3344 reprehendat.
789 3273 817 3328 Si
832 3289 898 3327 vero
952 3272 986 3328 de
1010 3272 1100 3327 macie
1118 3273 1223 3339 vultus,
1249 3273 1284 3328 de
1309 3274 1435 3330 exilitate
1455 3275 1647 3344 brachiorum,
1669 3278 1704 3334 de
1725 3279 1799 3334 cutis

49 3365 103 3405 nec
121 3365 174 3419 pro
192 3349 375 3419 pauperibus,
392 3363 445 3402 nec
461 3363 513 3418 pro
532 3345 690 3416 hospitibus
706 3349 733 3398 te
752 3344 837 3398 velim
851 3358 899 3415 pe-
953 3344 1105 3414 asperitate
1120 3343 1157 3399 sit
1175 3359 1252 3399 cure.

48 3420 197 3475 nuniosam
211 3436 285 3487 esse,
306 3420 396 3473 multo
415 3418 515 3488 utique
534 3416 630 3471 minus
649 3414 794 3469 occasione
813 3430 898 3485 grau·
952 3414 1066 3469 CAPUT
1080 3416 1126 3469 lli.
1144 3444 1176 3454 -
1191 3413 1294 3471 Scribit
1307 3415 1416 3469 uiuendi
1429 3418 1546 3484 smmum
1557 3402 1670 3474 reclusis
1687 3424 1798 3488 repotiis

48 3490 139 3546 dioris
157 3490 284 3545 familiae.
301 3493 400 3561 ltaque
418 3489 542 3569 eligatur
559 3486 612 3542 tibi
633 3486 727 3556 aliqua
742 3501 824 3549 anus,
841 3500 899 3539 non
1313 3501 1442 3541 aserere.

49 3561 178 3635 garrule,
192 3577 249 3615 non
262 3577 342 3631 ruga,
357 3576 416 3614 non
431 3559 565 3628 litigiosa,
577 3573 634 3611 non
649 3573 688 3611 nu
710 3555 821 3626 igerula
831 3571 838 3621 ;
850 3554 898 3609 sed
989 3556 1053 3610 Haec
1065 3553 1128 3621 tibi,
1143 3570 1225 3610 soror
1234 3554 1353 3627 (gratias
1368 3555 1446 3626 Deo).
1459 3555 1579 3611 dicenda
1592 3575 1651 3615 non
1665 3559 1796 3618 fuerant:

48 3648 116 3704 quae
131 3632 221 3687 bonos
235 3647 331 3685 mores
345 3628 509 3693 excoluerit,
526 3633 554 3682 et
568 3627 601 3681 ab
617 3572 749 3681 omnilrus
768 3625 900 3680 hebuerit
953 3626 1002 3681 sed
1016 3625 1085 3697 quia
1099 3626 1432 3697 necsolumpropterte,
1444 3627 1588 3682 sedetiam
1602 3636 1719 3702 propter
1729 3632 1798 3687 ado·

48 3702 246 3759 testimonium
261 3700 398 3756 veritatis.
415 3702 480 3755 llaec
495 3699 601 3754 ostium
619 3697 728 3752 cellule
748 3696 897 3761 custodiat,
952 3696 1146 3765 lescentiores,
1165 3712 1229 3767 quae
1242 3696 1364 3751 similem
1377 3697 1463 3751 ritem
1479 3702 1528 3752 tuo
1541 3701 1659 3756 consilio
1672 3703 1799 3774 arripere

15 3804 20 3811 ·
48 3779 80 3830 et
92 3773 168 3846 quod
185 3773 326 3833 debuerit.
343 3772 385 3826 rel
406 3771 548 3830 admittat.
560 3770 604 3824 rel
619 3772 775 3823 conservet.
792 3767 900 3821 Habeat
953 3767 1090 3838 gestiunt,
1102 3767 1176 3822 hanc
1185 3766 1237 3821 tibi
1246 3767 1399 3821 formulam
1411 3768 1486 3823 tradi
1497 3769 1621 3839 voluisti,
1635 3773 1696 3827 baec
1709 3773 1799 3829 inter·

49 3845 104 3900 sub
117 3860 186 3898 cura
199 3861 250 3898 sua
264 3844 411 3898 fortiorem
427 3842 460 3897 ud
476 3856 564 3896 onera
582 3839 759 3908 sustinenda,
774 3838 900 3910 puellum
954 3837 1075 3893 seranda
1095 3836 1201 3909 putari,
1227 3838 1251 3892 si
1273 3838 1370 3910 aliqua
1387 3840 1485 3910 magni
1507 3841 1632 3897 nominis
1652 3844 1697 3898 rel
1715 3844 1799 3902 bonae

49 3931 117 3987 qum
140 3931 243 3986 aquam
268 3919 296 3969 et
320 3915 398 3986 tigna
420 3913 589 3985 comportet,
613 3915 716 3983 coquat
738 3910 827 3976 labes,
851 3913 900 3963 eut
954 3908 1152 3964 aestimationis
1174 3924 1308 3979 persona,
1332 3910 1419 3964 abbas
1444 3910 1561 3979 scilicet,
1578 3913 1622 3968 vel
1641 3915 1721 3986 prior
1735 3931 1799 3972 cum

49 3987 144 4053 olere3
163 3991 212 4040 aut
232 3985 256 4038 si
279 3986 332 4040 hoc
358 3984 510 4039 infirmitas
533 3982 669 4054 exegerit,
691 3985 834 4052 praeparet
855 3996 901 4051 po·
953 3980 1064 4035 inclusa
1077 3979 1158 4051 loqui
1171 3979 1302 4045 voluerit,
1318 3981 1414 4051 aliquo
1428 3989 1569 4051 prasente
1583 3985 1726 4055 loquatur.

50 4057 135 4113 tiara.
154 4057 219 4110 Ηιιι
234 4057 287 4112 sub
301 4057 388 4127 virgae
412 4053 562 4125 disciplina
576 4052 762 4114 custodiatur,
778 4067 814 4105 ne
828 4050 900 4105 forte
954 4051 1068 4106 CAPUT
1086 4052 1117 4106 ll.
1139 4080 1173 4091 -
1187 4051 1230 4105 De
1248 4051 1378 4119 colloquio
1397 4067 1457 4105 cum
1471 4054 1556 4106 uariis
1574 4059 1706 4122 personis.
1727 4055 1800 4122 Quid

49 4128 114 4199 ejus
132 4127 248 4182 lascivia
270 4133 352 4182 tunm
373 4130 501 4180 sanctum
523 4122 719 4204 habitaculum
739 4122 896 4202 polluatur,
1124 4120 1177 4176 buc
1191 4123 1220 4174 iu
1233 4136 1263 4174 re
1277 4120 1471 4176 obseruandum
1484 4138 1501 4175 a
1514 4125 1629 4206 rectusq.
1705 4195 1710 4206 ι
1729 4195 1735 4206 ·

49 4191 901 4335 rettudisset*eitiutttttttitt
954 4191 1800 4332 ..litteriiscitttt.tbittttttfftttt

50 4340 237 4397 inducendis
259 4339 363 4411 puellis
380 4340 565 4408 occiipantur,
581 4339 609 4389 et
626 4334 726 4388 cellam
746 4349 828 4388 suam
842 4348 903 4387 ιιι·
953 4334 1056 4387 vetlem
1069 4337 1161 4387 tecum
1172 4332 1276 4387 hebere
1287 4339 1436 4388 secretum.
1451 4333 1628 4390 Periclitatur
1638 4336 1801 4392 enimfama

50 4416 119 4468 tunt
132 4412 164 4466 in
177 4412 314 4467 scholam.
331 4411 382 4464 Illa
396 4409 476 4462 sedet
489 4406 524 4460 ed
544 4405 708 4469 fenestram,
724 4403 778 4458 ista
791 4403 822 4458 in
835 4419 901 4473 por·
956 4402 1074 4474 virginis
1093 4403 1198 4467 {crebra
1218 4407 1293 4458 certe
1317 4404 1437 4470 alicuius
1464 4421 1594 4475 personae
1617 4408 1799 4474 salutatione,

51 4481 113 4538 ticu
126 4483 241 4538 residet.
259 4481 309 4536 llle
328 4481 456 4535 intuetur
470 4477 513 4531 sin
555 4478 607 4545 tas,
623 4480 649 4529 et
671 4475 747 4529 inter
761 4474 902 4545 puellares
955 4473 1134 4545 periclitatur
1152 4478 1181 4528 et
1193 4473 1374 4529 conscientia.
1390 4475 1461 4528 Nam
1476 4482 1583 4546 quauta
1598 4478 1703 4548 sapius
1717 4493 1800 4532 eum-

50 4557 148 4608 motus
165 4570 240 4608 nunc
253 4551 393 4616 irascitur,
403 4548 514 4603 nuncri
535 4551 574 4616 et,
585 4562 660 4600 nunc
679 4545 815 4612 minatur,
826 4559 903 4599 nuuc
956 4545 1021 4599 dom
1031 4544 1135 4599 rideris
1147 4544 1270 4609 vultum,
1281 4545 1323 4600 vei
1335 4560 1431 4599 vocem
1448 4547 1581 4612 audieris,
1594 4551 1674 4603 tanto
1687 4564 1801 4620 expres·

50 4623 187 4695 percutit,
204 4640 280 4679 nunc
300 4620 455 4682 blanditur,
470 4633 548 4673 nunc
570 4618 723 4684 osculetur,
739 4632 814 4670 nunc
834 4616 903 4670 ilen-
956 4615 1015 4670 sius
1034 4614 1095 4685 ejus
1110 4615 1205 4687 imago
1226 4620 1283 4670 tuae
1306 4616 1453 4670 memoriae
1477 4616 1667 4687 imprimetur.
1684 4621 1717 4674 Et
1734 4619 1800 4674 ideo

51 4699 113 4749 tem
129 4693 398 4776 vocatproverbere
411 4689 539 4763 propius,
551 4688 648 4760 palpat
666 4688 777 4753 faciam,
789 4685 903 4757 stringit
956 4686 1066 4741 inclusa
1080 4686 1167 4741 etiam
1188 4686 1260 4740 iacie
1279 4688 1371 4740 relata
1393 4686 1471 4757 loqui
1492 4687 1575 4743 debat
1597 4705 1663 4744 cum
1682 4691 1754 4757 viro,
1773 4696 1801 4746 et

51 4764 250 4832 collum,et1n
263 4765 425 4834 amplexum
441 4776 526 4815 ruens
536 4775 613 4814 nunc
623 4759 712 4813 filiam
725 4761 814 4824 vocat,
827 4772 904 4811 nunc
957 4757 1018 4828 ejus
1032 4772 1131 4811 cavere
1145 4762 1340 4828 conspectum,
1356 4757 1402 4810 cui
1414 4773 1478 4811 cum
1494 4758 1597 4813 timore
1611 4761 1703 4816 solum
1717 4761 1803 4816 debet

50 4834 184 4890 amicam.
201 4835 327 4901 Qualiter
344 4834 419 4888 inter
437 4832 498 4887 haec
512 4830 652 4886 memoria
667 4827 727 4895 Dei,
743 4828 799 4883 nisi
817 4844 904 4881 saecu·
957 4832 1093 4898 praestare
1118 4827 1258 4882 auditum.
1285 4828 1357 4882 Nam
1378 4827 1506 4881 eamdem
1530 4829 1585 4883 riri
1607 4847 1706 4886 vocem
1725 4846 1801 4902 saepe

50 4905 125 4962 laria
146 4910 174 4960 et
199 4905 333 4969 carnalia,
361 4903 414 4959 etsi
442 4918 500 4957 non
521 4901 716 4973 perficiantur.
742 4903 901 4965 morentur,
957 4897 1119 4965 admittere,
1135 4897 1305 4969 quibusdam
1322 4898 1515 4969 periculosum
1535 4916 1596 4955 esse
1612 4919 1670 4957 non
1685 4901 1806 4958 dubitor

49 4983 161 5042 mmeu,
177 4981 205 5031 et
227 4975 311 5046 quasi
325 4975 377 5029 sub
391 4974 480 5029 oculis
498 4971 713 5054 depinguntur?
727 4969 789 5025 Tibi
804 4969 903 5040 ntique
957 4969 1188 5025 Adolescentium
1215 4973 1244 5023 et
1271 4974 1466 5040 suspectarum
1493 4986 1680 5042 personarum
1709 4971 1803 5026 devita

30 5048 118 5104 duae
137 5048 193 5101 illae
216 5046 358 5102 sufficiant
372 5045 408 5100 ad
423 5045 597 5115 colloquium
617 5048 646 5097 et
667 5043 700 5096 ed
721 5040 903 5112 obsequium.
958 5040 1152 5111 colloquium
1172 5055 1365 5121 necunquam
1388 5045 1492 5110 tecum,
1510 5043 1564 5097 nisi
1582 5048 1614 5098 tu
1628 5041 1802 5098 audientiam

50 5120 167 5175 CAPUT
188 5119 246 5173 Vll.
261 5146 297 5160 -
311 5115 424 5173 Studeot
438 5117 554 5183 silentio,
570 5119 596 5169 ct
609 5129 674 5168 roro
688 5112 856 5182 modesteque
870 5112 905 5166 ta·
958 5111 1046 5178 iliius,
1063 5111 1112 5183 qui
1126 5110 1178 5165 tibi
1197 5127 1312 5182 proprie
1327 5111 1478 5183 loquatur3
1495 5119 1524 5167 et
1538 5115 1592 5168 hoc
1613 5113 1635 5167 si
1656 5117 1732 5168 certe
1749 5128 1803 5168 ue-

424 5191 535 5257 quatur.
958 5182 1073 5237 cessitas
1092 5182 1261 5252 poposcerit.
1278 5183 1348 5237 Cum
1364 5183 1443 5237 nullo
1462 5183 1559 5255 itaque
1579 5183 1801 5255 advenientium,

90 5260 202 5317 Silentii
227 5259 396 5332 gravitatem
419 5258 537 5312 inclusae
564 5254 732 5310 seruandam
759 5253 904 5325 praecipue
959 5257 1064 5324 prater
1078 5252 1254 5324 episcopum,
1274 5257 1323 5307 aut
1344 5252 1544 5320 abbatem,vel
1566 5271 1612 5309 ma
1635 5255 1664 5309 ni
1678 5254 1805 5310 nominis

52 5333 217 5388 suademus.
242 5333 289 5386 list
310 5331 388 5385 enim
410 5329 441 5384 in
464 5344 497 5383 ea
520 5325 600 5398 quies
622 5341 726 5397 magna
746 5329 774 5378 et
797 5325 905 5379 tructus
981 5323 1097 5404 riorem,
1111 5322 1172 5377 sine
1187 5323 1277 5404 ipsius
1291 5325 1450 5396 presbyteri
1463 5325 1576 5380 licentia
1590 5271 1633 5380 nl
1661 5333 1805 5398 praecepto

52 5406 172 5460 multus.
192 5405 263 5458 Nam
281 5402 374 5457 cultus
391 5399 509 5472 justitia
532 5397 687 5452 silentium.
702 5396 779 5451 Sicut
798 5395 838 5448 ait
859 5394 906 5449 Je-
960 5340 1097 5476 loquaris,
1126 5399 1159 5449 ut
1172 5394 1326 5449 d1llicultas
1343 5396 1481 5468 loquendi
1495 5401 1598 5463 tecum,
1624 5396 1676 5451 tibi
1689 5401 1807 5468 praestet

52 5475 170 5542 remiss,
181 5477 284 5530 Beuum
298 5477 337 5528 est
348 5488 409 5527 cum
421 5471 527 5526 silentio
541 5474 697 5538 respectare
709 5467 830 5522 solutore
844 5466 903 5520 Dei.
960 5470 1096 5537 quietem.
1113 5465 1266 5591 Nunquam
1279 5465 1353 5521 inter
1367 5472 1394 5522 te
1409 5471 1437 5521 et
1452 5466 1608 5536 quemlibet
1619 5467 1713 5522 virum
1726 5467 1808 5538 quasi

53 5547 89 5602 Bt
116 5545 233 5612 iterum,
261 5547 365 5600 Bonum
389 5547 428 5598 est
455 5543 515 5596 uiro
547 5556 608 5595 cum
634 5538 784 5609 portaverit
805 5536 907 5606 juqum
961 5535 1109 5591 occasione
1120 5535 1187 5590 exhi
1208 5537 1289 5593 endas
1301 5537 1456 5604 charitatis,
1467 5539 1509 5591 rel
1521 5535 1668 5592 nutriendi
1678 5537 1806 5604 allectus,

55 5617 164 5697 imm·
188 5634 228 5684 ¹¹¹·
244 5618 289 5678 ²⁶*
304 5618 348 5683 Ἠ)
362 5631 369 5700 ἶ
385 5618 418 5669 ”l
440 5613 537 5668 ⁵³d³³l
558 5611 635 5665 ⁵⁰¹¹¹⁸
659 5613 688 5664 et
709 5611 809 5664 meat·
827 5606 906 5688 Unde
994 5642 1000 5676 ¹
1016 5641 1079 5690 Lov.
1094 5640 1134 5690 uti
1146 5641 1194 5692 Pl‘.
1209 5641 1372 5693 Benedictini
1386 5642 1485 5704 terunt,
1501 5641 1579 5699 Quid.
1598 5642 1645 5691 llic
1657 5645 1698 5693 eat
1710 5643 1809 5707 absque

54 5691 195 5758 senillum
209 5689 253 5742 θεῖ
268 5701 275 5742 ²
292 5686 378 5753 Mb
394 5684 489 5750 ssfflsslv
505 5686 531 5739 el
544 5686 611 5738 ⁸⁰⁶⁸·
626 5680 680 5737 5¹⁸⁰
695 5696 761 5751 0f8⁰
777 5677 854 5750 (1¹¹⁰d
868 5682 908 5764 Ψ
961 5702 1042 5754 dubio
1054 5703 1151 5753 lacuna
1161 5719 1168 5766 3
1179 5709 1273 5755 auctor
1283 5705 1354 5755 enirn
1364 5717 1456 5755 omnes
1467 5704 1674 5755 enumerationis
1685 5718 1811 5768 pronun·

53 5757 206 5886 propbeta,
224 5758 301 5827 utet,
317 5756 469 5815 custodiam
486 5756 568 5811 uiua:
583 5755 615 5807 ut
632 5766 686 5808 nou
706 5751 908 5820 delinquerem
961 5765 1033 5840 unq„
1046 5770 1143 5831 putas,
1158 5766 1259 5841 reihout
1271 5767 1344 5831 quid,
1357 5767 1450 5831 puttiu
1463 5769 1490 5816 et
1504 5767 1649 5841 ,quomado
1661 5779 1717 5818 non
1727 5766 1812 5839 expli.

65 5833 152 5900 ιἰισιια
174 5843 244 5885 mee.
269 5829 349 5887 Potui
373 5830 417 5885 ori
440 5842 497 5884 meo
517 5823 670 5884 custodium
689 5823 771 5895 (Paul.
791 5836 906 5891 xxxviii,
964 5829 1271 5894 ceuonecompleetitur,
1284 5829 1427 5880 sedunum
1440 5828 1685 5892 negligensque&
1693 5826 1830 5886 quib-tb-
