3884 6112
68 248 137 301 lita
822 241 927 298 LIBER
947 239 1050 298 UNUS·
1750 246 1818 301 trit

63 382 123 438 quo
138 365 275 420 internos
288 365 551 438 verbajaculamnr,
561 364 709 438 quodtam
721 365 770 421 diu
782 363 913 433 lecimus,
966 366 1026 417 tam
1036 362 1259 419 innumerabilia
1268 364 1430 435 spectacula
1439 365 1469 421 in
1480 366 1613 422 omnibus
1627 366 1745 422 theatris
1755 366 1817 423 sine

62 454 125 511 brec
139 454 193 509 trin
208 457 240 508 nt
256 453 455 510 invenirentur
472 454 633 510 laboratum
646 458 706 510 est:
727 458 825 510 utrum
841 452 913 508 nihil
966 451 1049 522 signo
1064 452 1133 523 ipsis
1147 452 1231 508 rebus
1246 453 1457 523 exhibentium
1473 455 1563 510 solem
1578 460 1654 510 certe
1668 454 1756 509 istum
1770 455 1816 510 lu·

61 542 125 599 sina
139 542 228 614 signis
242 542 334 613 possit
343 542 453 611 doceri;
468 548 498 598 et
511 549 609 599 utrum
620 542 678 598 sint
689 543 819 615 quasdam
830 541 913 612 signa
967 556 1086 612 cemque
1101 543 1162 597 haec
1176 541 1275 596 omnia
1292 542 1514 613 perfundentem
1534 548 1619 616 atque
1633 541 1815 611 vestientem,

61 632 148 687 rebus
168 646 240 702 quas
258 629 420 702 significant
435 631 628 702 pracferenda,
644 636 673 684 et
693 635 791 684 utrum
812 628 912 685 melior
968 628 1066 684 lunam
1080 634 1109 685 et
1125 636 1227 686 cratera
1249 630 1353 698 sidera,
1376 636 1466 686 terras
1480 636 1508 687 et
1522 633 1623 702 muria,
1648 647 1770 705 quaeque
1786 631 1818 688 in

60 735 151 792 quam
165 719 246 790 signa
260 718 296 774 sit
309 734 406 774 rerum
420 718 482 791 ipsa
491 718 628 790 cognitio.
643 718 698 774 Sed
709 720 843 790 quartum
858 720 910 784 est,
966 716 1011 772 his
1020 718 1271 775 innumerabiliter
1280 720 1448 792 gignuntur,
1465 735 1563 775 nonne
1573 736 1625 792 per
1636 720 1730 792 seipsa
1740 720 1819 776 exhi·

58 807 138 880 quod
160 806 285 862 breviter
306 807 355 862 abs
375 812 402 862 te
419 808 521 862 vellem
543 822 723 879 cognoscere,
744 810 910 861 utrumnam
966 805 1015 860 bet
1029 811 1113 878 atque
1126 808 1250 863 ostendit
1265 810 1339 863 Deus
1354 813 1382 863 et
1396 813 1498 864 natura
1512 794 1715 864 cernentibus?

58 892 115 949 ista
137 894 253 950 inventa
275 896 315 950 sic
339 900 431 968 putes,
450 900 482 951 ut
501 897 562 969 jam
586 896 621 951 de
636 895 681 951 his
700 894 830 950 dubitare
855 909 912 948 non
1002 896 1044 950 33.
1060 895 1140 960 Quod
1157 896 1180 951 si
1197 897 1594 969 diligentinsconsideremus,
1607 899 1727 952 fortasse
1742 896 1814 953 nibil

58 983 163 1055 possis.
185 984 241 1039 Ad.
260 984 366 1040 Vellem
389 984 505 1057 quidem
528 985 613 1040 tantis
634 984 801 1056 ambagibus
824 987 911 1053 atque
965 979 1102 1050 invenies,
1127 985 1204 1056 quod
1223 1000 1276 1056 per
1300 1001 1351 1040 sua
1374 984 1455 1057 signa
1480 987 1613 1042 discatur.
1642 987 1713 1041 Cum
1738 984 1815 1041 enim

59 1070 235 1126 anfractibus
250 1076 323 1128 esset
341 1074 375 1128 ad
390 1077 467 1129 certa
480 1078 671 1144 perventum,
687 1073 735 1128 sed
751 1077 780 1128 et
793 1072 848 1127 ista
862 1087 911 1126 ro·
965 1069 1038 1125 mibi
1056 1071 1171 1143 signum
1190 1073 1284 1140 datur,
1306 1074 1331 1128 si
1348 1073 1521 1130 nescientem
1538 1091 1585 1130 me
1606 1073 1716 1129 invenit
1735 1073 1818 1145 cnjus

57 1158 137 1232 gatio
150 1164 200 1214 tua
219 1161 313 1216 nescio
336 1163 482 1233 ιιοιιοιιο
504 1177 550 1217 me
563 1161 703 1230 sollicitat,
720 1165 748 1217 et
762 1161 798 1217 ab
812 1175 911 1215 assen-
965 1158 1008 1213 rei
1022 1158 1136 1231 signum
1151 1160 1199 1231 sit,
1214 1162 1315 1217 docere
1329 1179 1375 1217 ma
1390 1161 1463 1217 nihil
1480 1167 1590 1235 potest:
1609 1162 1632 1217 si
1645 1178 1713 1218 vero
1727 1161 1816 1216 scien·

58 1247 140 1303 sione
160 1249 293 1304 deterret.
317 1249 427 1306 Videris
450 1249 528 1307 enim
552 1250 624 1306 mihi
647 1266 706 1305 non
728 1250 790 1305 huc
805 1247 839 1302 de
864 1260 910 1301 me
965 1250 1035 1317 tem,
1059 1248 1128 1320 qnid
1150 1248 1226 1304 disco
1250 1265 1303 1320 per
1320 1250 1455 1322 signum?
1477 1252 1541 1306 Non
1564 1251 1643 1306 enim
1661 1249 1732 1305 mibi
1753 1265 1815 1305 ram

57 1336 147 1392 luisse
168 1338 351 1410 quaesiturus,
376 1338 431 1394 nisi
448 1340 568 1395 haberes
587 1340 663 1412 quod
682 1336 907 1394 contradiceres:
965 1352 1052 1407 quana
1066 1336 1208 1408 significat
1225 1338 1349 1393 ostendit
1363 1339 1483 1393 verbum
1499 1356 1564 1394 curn
1585 1341 1659 1411 lego,
1682 1341 1717 1394 Et
1734 1353 1815 1393 suru-

58 1429 89 1481 et
102 1425 165 1498 ipsa
177 1442 273 1483 rerum
290 1427 446 1499 implicatio
461 1432 553 1484 totum
566 1444 611 1483 ma
626 1428 776 1499 inspicere,
788 1439 911 1480 acsecu·
965 1424 1061 1479 ιιαιιιιί
1075 1441 1166 1480 eorum
1184 1441 1237 1481 non
1250 1430 1314 1481 sunt
1329 1429 1477 1482 immutata
1498 1428 1583 1499 (Dan.
1606 1444 1645 1496 ιιι,
1669 1427 1724 1497 94).
1744 1427 1816 1480 Νιιι

59 1529 126 1570 rum
140 1517 312 1589 respondere
327 1534 385 1573 non
400 1517 478 1585 sinit,
493 1521 639 1573 verentem
650 1533 686 1572 ne
701 1515 769 1588 quid
781 1515 812 1571 in
824 1512 910 1569 tantis
964 1514 988 1569 ιι
996 1515 1129 1587 quedam
1138 1516 1265 1588 capitum
1273 1515 1400 1588 tegmina
1409 1520 1613 1589 nuncupantur
1623 1517 1677 1572 hoc
1687 1516 1815 1584 nomine,

57 1605 215 1661 involucris
238 1608 333 1672 lateat,
358 1606 435 1680 quod
462 1605 537 1661 acies
563 1605 668 1661 mentis
690 1620 762 1660 mere
788 1605 909 1659 lustrare
964 1620 1035 1659 num
1061 1620 1115 1677 ego
1130 1604 1183 1660 hoc
1202 1605 1311 1670 audito,
1336 1611 1386 1662 aut
1407 1606 1476 1679 qnid
1498 1605 1535 1660 sit
1558 1609 1653 1677 caput,
1676 1609 1725 1659 aut
1746 1603 1817 1676 quid

57 1708 119 1748 uon
134 1693 231 1765 possit.
246 1695 320 1764 Aug.
338 1693 551 1751 Dubitationem
566 1698 646 1749 tuam
663 1708 720 1748 non
742 1690 848 1747 invitus
862 1706 908 1746 ac·
965 1693 1021 1748 sint
1036 1693 1164 1765 tegmina
1185 1693 1291 1750 didicit
1305 1699 1371 1750 ante
1388 1694 1443 1749 ista
1464 1710 1600 1750 noveram
1613 1713 1621 1763 ;
1636 1709 1731 1765 neque
1750 1708 1816 1748 curn

57 1781 312 1854 cipio;significat
326 1783 404 1838 euim
423 1783 553 1839 animum
568 1781 688 1837 minime
701 1780 907 1836 temerarium:
964 1783 1178 1854 appellarentur
1201 1784 1236 1838 ab
1263 1784 1336 1852 aliis,
1360 1784 1411 1839 sed
1435 1800 1501 1839 cum
1526 1800 1542 1838 a
1567 1799 1613 1839 me
1638 1783 1814 1850 riderentur,

58 1886 127 1942 quae
140 1871 268 1927 custodia
281 1872 496 1943 tranquillitatis
507 1875 549 1926 est
564 1870 698 1926 maxima.
713 1871 784 1926 Nam
798 1868 909 1925 difficil-
964 1886 1065 1927 eornm
1088 1876 1130 1926 est
1148 1871 1221 1927 milri
1234 1872 1308 1927 iacta
1328 1873 1441 1928 notitia.
1465 1871 1576 1928 Etenim
1598 1887 1663 1927 curn
1687 1869 1815 1942 primum

58 1957 162 2015 limum
173 1959 291 2015 omnino
304 1965 344 2015 est
359 1976 418 2015 non
427 1959 602 2031 perturbari,
614 1975 678 2015 cum
694 1974 727 2014 ea
741 1974 805 2031 quae
817 1972 909 2030 prona
963 1960 1025 2016 istas
1041 1959 1104 2016 duae
1118 1961 1244 2032 syllaba,
1266 1978 1332 2017 curn
1353 1961 1484 2026 dicimus,
1507 1961 1609 2031 Caput,
1633 1975 1717 2015 aures
1737 1974 1816 2014 meas

58 2051 89 2102 et
103 2048 229 2119 procliva
243 2048 449 2120 approbatione
465 2050 632 2104 tenebamus
646 2048 796 2104 contrariis
810 2047 908 2119 dispu-
963 2048 1150 2122 impulerunt,
1164 2053 1223 2104 tarn
1236 2050 1341 2105 nescivi
1356 2049 1425 2122 quid
1436 2049 1640 2121 significarent,
1651 2063 1738 2120 quum
1749 2061 1814 2102 cum

56 2135 215 2192 talionibus
229 2137 443 2205 labefactantur,
460 2142 488 2193 et
500 2137 582 2211 qnasi
597 2142 801 2210 extorquentur
815 2153 830 2192 e
845 2153 907 2191 rna·
963 2137 1059 2208 primo
1073 2137 1204 2194 audirem
1219 2138 1390 2211 legeremve,
1407 2138 1571 2193 saraballas.
1588 2137 1643 2193 Sed
1658 2152 1725 2192 curn
1738 2150 1815 2207 sepe

59 2224 156 2287 nibus.
172 2225 274 2296 Quare,
289 2228 321 2281 nt
334 2241 449 2298 aequum
462 2229 504 2281 est
513 2226 586 2281 bane
596 2224 782 2281 consideratis
795 2239 910 2297 perspe·
964 2226 1117 2295 diceretur,
1132 2227 1232 2299 Caput,
1246 2233 1348 2283 notans
1361 2231 1446 2299 atque
1455 2226 1690 2283 animadvertens
1700 2224 1815 2296 quando

59 2313 171 2386 otiaque
188 2313 346 2370 rationibus
365 2314 476 2383 cedere,
498 2314 539 2370 ita
556 2314 770 2388 incognitapro
785 2313 909 2387 cognitis

58 2401 166 2458 habere
189 2402 393 2475 periculosum.
416 2405 505 2459 Metus
528 2409 571 2459 est
593 2404 672 2460 enim
689 2420 725 2459 ue
744 2420 810 2459 cum
833 2417 909 2474 saepe

58 2491 239 2548 subruuntur
253 2509 316 2564 quae
335 2491 498 2548 firmissime
519 2496 627 2548 statura
640 2498 669 2548 et
682 2509 816 2549 mansura
831 2507 909 2563 prae-

56 2580 210 2646 sumimus,
226 2579 257 2635 in
274 2584 385 2636 tantum
395 2580 494 2636 odium
509 2581 552 2636 vel
566 2581 698 2637 timorem
709 2581 827 2637 rationis
840 2581 910 2637 inci-

56 2665 172 2734 damus,
197 2671 228 2722 ut
251 2683 287 2722 ne
311 2667 366 2739 ipsi
386 2669 503 2740 quidem
526 2669 684 2742 perspicuo
705 2668 819 2725 veritati
839 2669 909 2726 fides

55 2753 190 2810 habenda
204 2754 342 2812 videatur.

97 2843 139 2895 32.
155 2840 208 2897 Sed
233 2857 296 2914 age,
321 2859 398 2898 nuno
421 2842 580 2914 expeditius
604 2848 790 2899 retractemus
813 2847 910 2899 utrum

55 2932 136 2984 recte
149 2927 202 2984 ista
220 2930 377 2986 dubitanda
393 2931 547 3004 putaveris.
568 2933 640 2988 Nam
653 2949 752 3006 quaero
766 2932 816 2988 abs
831 2936 869 3001 te,
886 2931 910 2987 ιι

55 3018 212 3090 quisquam
227 3024 343 3092 ignarus
358 3021 535 3094 deceptionis
553 3023 660 3090 avium,
675 3039 740 3096 qnae
751 3022 867 3078 calamis
882 3026 911 3077 et

56 3104 136 3161 visco
150 3106 308 3177 affectatur,
327 3109 439 3164 obviam
456 3110 538 3166 lieret
558 3111 672 3183 aucupi,
688 3110 776 3166 armis
793 3110 909 3183 quidem

56 3190 120 3247 suis
135 3192 284 3260 instructo,
300 3197 469 3250 nontamen
484 3196 647 3267 aucupanti,
663 3195 712 3251 sed
725 3196 779 3252 ιιιι
794 3195 910 3268 agenti3

56 3295 119 3354 quo
130 3281 188 3336 viso
198 3287 342 3353 premeret
350 3283 481 3354 gradum,
495 3300 659 3357 secumque,
670 3289 701 3340 ut
710 3284 753 3352 ιιι,
764 3285 910 3341 admirans

57 3368 199 3440 cogitaret
213 3375 241 3424 at
256 3379 396 3441 quereret
405 3371 543 3443 quidnam
559 3372 613 3427 sihi
624 3374 750 3429 hominis
763 3373 811 3431 ille
826 3374 911 3430 vellet

57 3460 193 3524 ornatus;
219 3473 323 3531 auceps
347 3463 443 3516 antem
457 3476 523 3515 cum
538 3461 569 3516 in
584 3478 613 3517 se
627 3462 735 3518 videret
758 3467 911 3534 attentum,

56 3545 222 3601 ostentandi
236 3562 266 3601 se
280 3546 373 3602 studio
385 3564 488 3603 cannas
503 3549 658 3621 expediret,
673 3554 702 3605 et
714 3566 804 3623 prope
817 3551 910 3607 anim·

56 3633 208 3691 adversam
223 3635 350 3708 aliquam
368 3637 508 3693 aviculam
527 3637 624 3693 fistula
639 3643 667 3695 et
686 3639 819 3710 accipitre
837 3638 910 3710 fige·

56 3725 114 3788 ret,
134 3723 278 3793 subigeret
299 3728 328 3779 et
346 3729 477 3797 caperet;
500 3742 597 3781 nonne
615 3725 698 3782 illum
722 3732 911 3799 spectatorem

58 3826 147 3868 snum
163 3811 277 3867 doceret
291 3813 370 3868 nullo
386 3813 558 3886 significatu,
574 3814 624 3870 sed
638 3832 669 3871 re
682 3815 755 3888 ipsa,
771 3818 847 3890 quod
862 3817 910 3872 ille

58 3898 134 3955 scire
148 3898 300 3971 cupiebat?
316 3901 371 3956 Ad.
390 3902 483 3957 lietuo
497 3919 533 3959 ne
549 3902 618 3975 qnid
632 3904 678 3960 hic
693 3905 749 3960 tale
764 3906 811 3974 ιιι,
827 3906 911 3979 quale

58 3988 98 4044 de
110 3988 159 4044 illo
172 3988 241 4058 dixi,
253 3989 302 4062 qui
310 3990 416 4063 qnaerit
425 3991 494 4063 quid
505 3992 541 4046 sit
556 3992 712 4050 ambulare.
725 3995 822 4067 Neque
833 3995 911 4050 enirn

57 4077 152 4148 video,
168 4082 197 4133 et
208 4077 254 4134 hic
271 4082 363 4134 totum
378 4079 450 4134 illud
464 4080 619 4151 aucupium
634 4097 694 4137 esse
708 4086 909 4138 monstratum.

58 4167 135 4235 Auo.
161 4167 252 4223 Facile
274 4171 317 4223 est
339 4168 392 4223 hac
407 4183 476 4224 cura
489 4172 517 4224 ta
533 4183 653 4236 exuere;
679 4169 753 4225 addo
778 4169 865 4238 enim,
887 4170 911 4224 si

59 4255 110 4311 ille
124 4255 163 4311 ιιι
177 4255 341 4328 intelligens
357 4260 441 4325 esset,
458 4260 489 4311 ut
505 4273 540 4313 ex
553 4256 607 4311 hoc
620 4257 697 4329 quod
720 4256 798 4324 vidit,
818 4261 911 4313 toturn

59 4342 133 4400 illud
147 4360 238 4416 genus
250 4345 320 4400 artis
334 4348 516 4416 agnosceret:
528 4344 782 4417 satisestnamque
793 4346 910 4414 adrem,

59 4435 91 4487 et
116 4432 152 4488 de
177 4433 348 4506 quibusdam
377 4434 462 4489 rebus
492 4434 606 4489 tametsi
627 4449 687 4489 nou
713 4433 858 4502 omnibus,
883 4439 912 4489 ιι

59 4520 202 4595 quosdam
219 4521 352 4576 homines
375 4521 472 4577 doceri
493 4537 576 4593 posse
590 4521 651 4576 sine
666 4521 760 4594 signo.
775 4522 830 4577 Ad.
853 4523 912 4577 Hoc

59 4607 148 4665 etiam
162 4624 216 4681 ego
235 4625 350 4681 possum
363 4609 405 4665 illi
420 4609 540 4679 addare;
556 4610 579 4664 si
596 4610 674 4665 euim
690 4609 726 4664 sit
739 4609 812 4665 bene
827 4608 910 4665 intel·

59 4697 164 4769 ligeris,
177 4698 275 4769 paucis
289 4697 419 4771 passibus
430 4688 625 4754 ambulatione
636 4703 805 4768 monstrata,
819 4702 911 4754 totum

59 4784 131 4858 qnid
142 4785 178 4841 ιιι
187 4786 333 4841 ambulare
345 4792 506 4860 cognoscet.
520 4787 593 4859 Aug.
606 4786 701 4843 Facias
711 4803 763 4859 per
775 4804 820 4843 me
834 4787 909 4856 licet,

59 4888 113 4928 nec
128 4877 240 4928 tuntum
256 4873 329 4928 nihil
348 4873 459 4938 resisto,
481 4890 581 4930 verum
603 4875 689 4930 etiarn
711 4875 810 4931 faveo:
833 4875 912 4930 vides

59 4959 184 5041 animab
195 4965 317 5034 utroque
327 4965 457 5018 nostrum
468 4961 498 5018 id
506 4962 591 5032 efflei,
604 4966 637 5018 ut
650 4963 782 5036 quaedam
793 4963 911 5036 quidam

58 5048 157 5105 doceri
171 5048 233 5104 sine
248 5049 337 5120 signis
362 5054 478 5122 queant,
505 5050 665 5122 falsumque
687 5049 760 5105 illud
775 5049 812 5106 sit
835 5050 911 5123 quod

58 5137 143 5193 nobis
157 5138 244 5209 paulo
255 5144 322 5192 ante
346 5138 504 5202 videbatur,
519 5139 593 5194 nibil
608 5155 669 5194 esse
692 5138 811 5194 omnino
834 5140 911 5211 quod

57 5225 122 5282 sine
137 5226 226 5299 signis
241 5227 329 5299 possit
339 5227 459 5282 ostendi.
471 5228 534 5282 lam
548 5227 626 5282 enirn
638 5243 671 5282 ex
686 5226 731 5283 his
746 5242 803 5281 non
820 5242 910 5282 unum

58 5314 169 5387 aliquid
186 5319 236 5372 ant
257 5316 389 5379 alterum,
407 5315 456 5369 sed
478 5315 569 5370 millia
586 5331 684 5371 rerum
698 5314 794 5371 animo
810 5330 909 5370 occur·

56 5407 139 5473 runt,
158 5420 223 5476 quoe
244 5402 323 5458 nullo
341 5401 424 5473 signo
442 5402 508 5457 dato
523 5418 575 5474 per
593 5403 687 5474 seipsa
704 5407 908 5460 monstrentur.

58 5491 134 5558 Quid
144 5491 220 5546 enirn
232 5490 404 5562 dubitemus,
421 5507 472 5547 oro
481 5490 527 5547 ιιι
539 5492 611 5547 Nam
619 5493 652 5547 ut
661 5490 814 5547 hominum
824 5489 909 5547 omit·

965 2314 1116 2383 diceretur,
1139 2316 1234 2386 reperi
1257 2315 1427 2371 vocabulum
1445 2331 1506 2370 esse
1526 2314 1568 2369 rai
1591 2330 1657 2386 qum
1671 2312 1744 2367 mihi
1754 2313 1816 2384 jam

964 2406 1026 2457 erat
1036 2401 1156 2458 videndo
1173 2403 1326 2459 notissima.
1344 2402 1424 2469 Quod
1444 2403 1613 2475 priusquam
1632 2401 1815 2474 reperissem,

966 2493 1077 2546 tantum
1091 2490 1164 2547 mihi
1185 2496 1347 2554 sanuserat
1370 2493 1424 2548 hoc
1446 2492 1584 2547 verbum:
1609 2490 1725 2562 signum
1749 2504 1816 2545 vero

964 2595 1025 2634 esse
1046 2579 1140 2646 didici,
1168 2581 1282 2653 quando
1306 2582 1387 2652 cujus
1406 2581 1449 2636 rei
1468 2581 1583 2652 signnm
1603 2583 1677 2635 esset
1699 2577 1816 2646 inveni;

964 2685 1051 2742 quam
1068 2668 1194 2741 quidem,
1212 2672 1243 2724 nt
1259 2669 1329 2741 dixi,
1350 2685 1410 2724 non
1434 2668 1608 2741 significatu,
1629 2667 1679 2722 sed
1701 2669 1817 2737 aspectu

965 2756 1236 2829 didiceramltaque
1247 2758 1337 2830 magis
1348 2753 1816 2829 signumrecognita,qnamsigno

965 2842 1031 2898 dato
1046 2843 1108 2915 ipsa
1122 2858 1168 2897 res
1180 2843 1309 2900 discitur.
1327 2835 1329 2839 ¹

1000 2933 1043 2987 34.
1058 2931 1139 2997 Quod
1156 2935 1186 2986 ut
1200 2931 1327 3004 apertius
1346 2931 1500 3004 intelligas,
1521 2930 1599 3002 finge
1617 2945 1669 2985 nos
1689 2929 1816 3003 primum

965 3035 1041 3075 nunc
1056 3019 1154 3075 audire
1166 3021 1245 3092 quod
1260 3020 1373 3088 dicitur,
1389 3024 1487 3091 capnt;
1504 3024 1533 3075 et
1547 3017 1706 3074 nescientes
1718 3021 1816 3073 utrum

964 3124 1018 3162 vox
1039 3108 1094 3164 ista
1114 3109 1151 3164 sit
1173 3110 1372 3164 tantummodo
1399 3125 1513 3176 sonans,
1537 3124 1576 3163 an
1599 3106 1709 3180 aliquid
1730 3104 1817 3162 etiam

964 3197 1137 3269 significans,
1155 3213 1284 3270 quaerere
1298 3198 1368 3270 quid
1381 3198 1418 3253 sit
1427 3202 1512 3270 caput
1526 3197 1681 3267 (memento
1694 3212 1746 3251 nos
1759 3211 1817 3251 non

966 3285 1007 3341 rei
1020 3301 1084 3357 quae
1100 3286 1287 3358 significatur,
1304 3286 1354 3343 sed
1364 3286 1455 3358 ipsius
1468 3286 1543 3358 signi
1557 3285 1629 3340 velle
1643 3284 1749 3340 habere
1764 3299 1817 3338 no·

966 3372 1069 3441 titiam,
1085 3390 1143 3446 qna
1156 3390 1286 3430 caremus
1302 3376 1439 3446 profecto,
1455 3373 1593 3446 quamdiu
1606 3373 1687 3444 cujus
1702 3371 1818 3443 signum

966 3465 1008 3515 est
1027 3460 1227 3534 ignoramus):
1244 3464 1268 3517 ιι
1282 3479 1350 3532 ergo
1364 3462 1404 3518 ita
1418 3461 1613 3534 quaerentibus
1632 3475 1677 3514 res
1696 3459 1758 3531 ipsa
1772 3457 1818 3514 di·

965 3547 1026 3619 gito
1050 3549 1270 3617 demonstretur,
1296 3551 1349 3606 hac
1372 3554 1524 3621 conspecta
1545 3547 1680 3604 discimus
1702 3547 1817 3618 siguum
1874 3541 1880 3549 '

966 3636 1045 3707 quod
1055 3637 1238 3693 audieramus
1249 3642 1372 3706 tantum,
1387 3637 1516 3694 nondum
1525 3650 1705 3692 noveramus.
1717 3635 1817 3706 inquo

966 3727 1063 3779 tamen
1076 3724 1158 3798 signo
1178 3727 1248 3782 dum
1269 3726 1326 3781 duo
1342 3725 1409 3790 sint,
1430 3742 1515 3781 sonus
1529 3728 1559 3781 ιι
1572 3723 1753 3797 significatio,
1768 3738 1818 3778 so·

966 3827 1037 3867 num
1052 3817 1127 3869 certe
1146 3829 1203 3869 non
1217 3830 1274 3893 per
1292 3814 1407 3885 signum
1430 3812 1615 3887 percipimus,
1637 3813 1736 3869 sedeo
1755 3810 1817 3882 ipso

967 3915 1036 3955 aure
1050 3900 1176 3971 pulsata3
1192 3901 1433 3973 significationem
1450 3906 1547 3957 autem
1564 3917 1604 3968 re,
1626 3917 1691 3973 quae
1704 3898 1817 3972 signid-

966 3992 1056 4052 catur,
1067 3994 1190 4060 aspecta.
1206 3991 1278 4045 Nam
1292 3990 1341 4044 illa
1351 3989 1471 4046 intentio
1481 3990 1563 4062 digiti
1574 3989 1734 4073 significare
1744 3985 1817 4043 nihil

966 4077 1043 4132 aliud
1058 4083 1163 4149 potest,
1179 4095 1265 4150 quam
1285 4079 1358 4134 illud
1373 4078 1404 4133 in
1422 4079 1497 4150 quod
1513 4078 1671 4133 intenditur
1691 4076 1814 4147 digitus:

966 4163 1093 4220 intentus
1108 4170 1151 4221 est
1165 4170 1261 4222 autern
1278 4182 1337 4222 non
1356 4167 1387 4221 in
1404 4167 1528 4237 siguum,
1543 4164 1592 4220 sed
1609 4165 1639 4220 in
1654 4165 1816 4219 membrum

967 4253 1044 4322 quod
1057 4258 1143 4326 caput
1155 4259 1281 4310 vocatur.
1298 4254 1396 4326 ltaque
1409 4270 1463 4326 per
1475 4254 1554 4309 illam
1569 4267 1662 4324 neque
1676 4266 1737 4306 rem
1752 4265 1817 4323 pos·

999 4448 1007 4482 ¹
1021 4446 1052 4494 ln
1066 4445 1181 4496 editione
1193 4446 1257 4496 Bad.
1272 4451 1298 4497 at
1310 4447 1404 4497 nostris
1415 4447 1476 4496 lisa.
1491 4446 1534 4495 hic
1546 4448 1573 4494 et
1583 4445 1652 4495 intra
1663 4447 1817 4496 multantor

966 4506 1092 4557 scribitur
1129 4521 1158 4558 er
1179 4509 1340 4559 conrobora·
1346 4525 1356 4567 ,-
1371 4522 1424 4572 qno
1443 4511 1520 4571 pacto
1535 4507 1614 4556 etiam
1636 4507 1816 4558 Tertullianus

966 4523 1224 4633 scripsitiniibrode
1234 4571 1325 4631 Pallio,
1339 4571 1401 4620 etin
1417 4569 1484 4619 libro
1494 4568 1736 4620 dellesurrectione
1751 4569 1816 4619 Gar·

967 4631 1017 4682 uis.
1032 4632 1112 4682 Porro
1127 4637 1215 4683 autem
1229 4637 1316 4683 textus
1328 4645 1440 4744 graecus,
1453 4630 1519 4679 Dan.
1538 4644 1595 4702 cap.
1610 4633 1634 4688 3,
1648 4645 1673 4678 v.
1684 4633 1724 4690 ιι,
1737 4632 1816 4683 habet

967 4692 993 4741 iu
1009 4698 1216 4763 neutrogenere,
1227 4699 1326 4745 lusura
1344 4691 1814 4755 uro,quemscr1bendimodumnon

985 4754 1215 4819 auctaequuntur3
1231 4756 1433 4819 improbauvero
1451 4754 1547 4803 Hieron
1568 4766 1627 4803 mus
1637 4755 1664 4804 in
1677 4756 1743 4806 Dan.
1756 4770 1814 4820 cap.

966 4768 990 4876 d,
1006 4819 1084 4888 ιιι,
1093 4818 1138 4868 ιιι
1186 4832 1201 4867 ι
1213 4818 1353 4880 legendum
1362 4815 1512 4866 saraballo.
1523 4767 1629 4888 Adbuc
1639 4818 1699 4867 Mas.
1711 4819 1816 4868 Fiscau-

967 4890 1057 4928 nensis
1069 4883 1096 4929 et
1109 4880 1143 4929 lli
1179 4880 1281 4930 aelinus
1293 4892 1340 4942 pro
1352 4877 1474 4941 quadam
1485 4881 1614 4943 cupitum,
1628 4877 1736 4940 habent,
1744 4892 1814 4944 quat-

966 4939 1031 4990 dom
1040 4941 1137 5004 ριιιιιιι
1148 4944 1314 5004 tcpmtoo5et
1323 4943 1499 4990 consentanee
1540 4941 1751 5004 steupruelerunt,
1763 4943 1816 4993 out

966 5005 1032 5066 quio
1043 5005 1096 5054 sint
1102 5003 1189 5067 pedes,
1200 5007 1264 5061 etc.;
1275 5015 1337 5052 rum
1345 5002 1455 5052 dietmar
1463 5014 1498 5066 pe
1542 5015 1649 5061 ,aurea
1660 5007 1710 5052 etc.
1718 5017 1724 5062 ς
1733 5003 1815 5067 pedes

966 5069 1073 5122 uotum,
1087 5071 1151 5125 etc.;
1163 5065 1275 5128 denique
1286 5065 1422 5122 omittunt,
1436 5076 1469 5114 ro
1493 5067 1570 5120 'tortu
1581 5077 1613 5114 ιο
1627 5064 1678 5113 loci
1689 5065 1734 5114 ubi
1748 5063 1814 5127 legi·

966 5128 1156 5188 malcomum
1178 5126 1456 5188 oidemtllocopitam.
1504 5125 1815 5189 ntingitiathaecvarietas

967 5200 1001 5260 ax
1016 5190 1090 5260 varia
1104 5202 1137 5237 vo
1180 5187 1226 5260 ‘uli
1242 5189 1318 5261 iatius
1331 5188 1556 5259 interpretatione,
1572 5186 1814 5258 quodquibusdam

968 5248 1814 5383 uult}tattaeus·.ttt⁰.t⁰.tt¹ttultntttu:

968 5374 1027 5424 dem
1037 5374 1131 5436 placet,
1139 5373 1238 5437 petuo.
1247 5373 1356 5424 Vatublo
1365 5373 1532 5438 aliisqueacrr
1552 5376 1619 5420 turre
1628 5371 1815 5434 interpretibus

967 5441 1058 5495 sonat:
1072 5434 1209 5508 nonnullis
1222 5435 1512 5508 etiau1,colccumeoto;
1532 5387 1693 5497 diaronymo
1706 5433 1814 5485 demum

967 5497 995 5548 in
1008 5498 1068 5548 loco
1082 5500 1162 5548 citato
1175 5497 1284 5551 ιιαιιιι
1294 5511 1340 5548 ιιι
1355 5496 1468 5549 ttbsoltu.
