3884 6112
724 234 831 293 LIBER
850 235 1020 296 OCTAVUS.

71 358 82 410 t
101 354 229 422 eredere,
251 370 311 411 uon
328 355 469 412 orandum
492 371 574 422 esse,
597 356 723 429 itemque
737 359 844 429 gratias

71 458 125 511 pan
139 444 273 514 agendas,
295 459 360 499 cum
375 443 416 512 bi,
433 443 484 517 qui
499 444 614 500 credere
638 445 785 513 nolebant,
802 447 844 502 id·

71 532 265 599 uroluerint3
281 537 348 588 tune
362 549 512 588 necessum
538 534 609 602 fore,
637 541 668 590 ut
690 535 714 590 is
729 535 843 591 allevia

71 623 156 689 atur;
172 621 224 693 qui
242 622 266 697 si
277 627 439 693 perseveret
452 622 483 677 in
504 639 611 690 errare,
632 625 757 680 dandam
771 642 842 697 ape-

73 725 114 766 ·ne
127 709 198 765 alios
211 710 241 766 in
255 710 337 766 illurn
350 711 483 782 pellicere
499 715 595 784 queat,
610 712 750 769 nimirum
765 719 794 769 et
806 714 842 770 ab

71 796 122 854 sloe
132 813 252 870 corpore
266 799 454 858 rescindatur.

73 885 131 942 Sub
154 885 232 941 idem
255 886 327 942 torte
342 891 455 959 tempus
480 888 566 944 dabat
589 888 766 960 Augustinus
780 891 842 946 hoec

71 973 121 1029 ino
144 973 251 1029 monita
268 991 274 1029 :
291 975 346 1031 Ora
363 991 396 1029 ae
414 978 498 1031 intres
521 979 550 1031 ia
571 979 753 1033 tentationem.
777 981 842 1048 ipsu

71 1079 93 1118 re
105 1065 192 1118 matio
210 1063 336 1122 odraouet
350 1068 385 1130 te,
409 1063 482 1132 qaod
496 1064 621 1134 irtdipees
636 1065 774 1135 adiutoria
788 1070 840 1122 lla·

73 1154 124 1221 tui,
144 1168 176 1206 ae
188 1166 261 1221 spem
277 1152 340 1207 berre
353 1153 464 1207 uiuendi
475 1155 503 1209 ie
513 1159 537 1208 te
546 1170 644 1224 portas.
660 1156 763 1211 Roriam
773 1173 841 1225 qao·

73 1242 136 1311 jam
149 1243 264 1310 rapisti,
278 1247 317 1296 est
331 1241 402 1296 uude
416 1245 524 1309 pretias
543 1259 620 1311 apae.
641 1245 732 1300 Sciens
752 1251 841 1300 cratem

75 1332 220 1400 occeperis,
231 1329 265 1384 ab
279 1331 326 1385 illo
340 1336 401 1400 pete
416 1333 446 1385 ut
466 1333 636 1401 perficiatur,
652 1348 670 1386 a
684 1348 736 1402 qao
746 1333 841 1388 datam

71 1420 258 1488 *inciperetur
286 1420 351 1476 Cam
376 1421 471 1475 timore
492 1423 585 1490 itaque
598 1426 623 1475 et
639 1425 750 1476 tremore
766 1426 841 1476 turim

71 1525 105 1566 rm
118 1527 238 1581 operare.
267 1514 335 1567 Deus
352 1515 391 1566 est
411 1514 483 1567 ellim
499 1515 548 1582 qai
565 1517 699 1582 operatur
721 1516 750 1569 ia
771 1518 796 1568 te
815 1517 841 1568 et

71 1601 346 1670 rtpertcercpraboua
359 1602 511 1668 caluntate3
526 1602 654 1669 queniam
662 1606 840 1672 preparatur

72 1695 115 1744 tas
130 1691 278 1756 abomiao,
295 1694 376 1759 atque
394 1690 429 1744 ab
447 1693 506 1760 ipso
520 1705 627 1756 pressas
643 1691 756 1746 bominis
771 1690 841 1745 diet·

71 1794 102 1845 rr,
117 1783 142 1833 et
155 1781 228 1832 amm
240 1778 298 1848 ejus
312 1779 391 1834 οοιοι.
403 1779 464 1833 llaec
477 1780 606 1847 capitatia
615 1784 710 1834 sancta
719 1779 840 1835 secabit

71 1871 75 1916 t
87 1868 225 1928 anatoclia
239 1871 286 1922 tua
294 1868 383 1936 pietas
393 1869 446 1934 sit;
458 1866 488 1921 id
500 1872 550 1936 est,
565 1872 595 1922 ut
607 1883 641 1922 ea
652 1870 704 1923 Deo
712 1868 856 1924 subortus

71 1958 133 2011 risti
146 1958 243 2022 pratia
264 1970 317 2010 aaa
340 1958 465 2023 inaratae
487 1958 584 2027 (Epist.
607 1959 668 2022 tte,
684 1972 712 2012 u.
734 1957 769 2028 3).
786 1959 840 2012 Pa·

71 2060 95 2100 ts
106 2043 160 2099 iste
174 2044 276 2115 patria,
291 2048 324 2099 ut
337 2045 460 2114 ridetur,
483 2044 683 2116 Hipponensis,
700 2045 839 2117 quidquid

71 2133 138 2188 cula
153 2138 288 2205 speraret,
306 2132 411 2189 Christi
434 2138 570 2204 operante
594 2133 686 2204 gratia
707 2138 839 2189 cantem-

71 2226 95 2290 t,
110 2227 141 2278 ut
154 2226 323 2277 exoneratus
334 2224 438 2295 jugum
452 2221 567 2278 [lamini
581 2230 609 2279 et
622 2213 766 2277 sarcinam
779 2223 839 2294 ejus

71 2316 124 2366 et:
141 2311 222 2384 isque
237 2311 267 2366 in
280 2313 342 2367 loco
367 2312 416 2367 ubi
435 2311 601 2367 necessarias
621 2311 798 2367 hortationes
813 2312 839 2366 ei

71 2416 97 2455 m
120 2402 322 2472 suppetebant,
347 2400 378 2455 in
392 2400 518 2472 quodam
531 2400 650 2455 tortasse
665 2400 839 2457 monasterio

71 2488 217 2560 aginensi,
243 2491 301 2544 lieo
326 2489 475 2544 serviebat.
496 2492 683 2560 Augustinus,
700 2490 735 2545 ad
752 2505 839 2561 quem

71 2577 202 2648 sripserat
219 2579 392 2651 miseratque
413 2578 513 2644 cilicia,
531 2579 665 2635 eumdem
687 2581 723 2635 ad
738 2596 837 2650 perse-

71 2665 145 2721 uinm
159 2667 189 2721 in
203 2667 279 2723 bono
293 2667 442 2739 proposito
466 2668 632 2722 cohortatur
653 2684 705 2740 per
720 2669 836 2735 litteras,

71 2779 73 2805 ι
87 2755 175 2810 missa
184 2756 220 2811 ab
235 2773 269 2812 eo
282 2756 375 2811 cilicia
384 2772 414 2811 se
428 2756 654 2811 velutserrandae
667 2755 839 2811 humilitatis

71 2845 250 2916 equentandae
272 2845 409 2901 orationis
424 2844 554 2915 symbola
574 2844 737 2917 gratissime
755 2861 835 2900 acce-

75 2933 238 3006 prolitetur.

71 3023 245 3094 Augustinus
267 3023 299 3077 in
317 3039 404 3095 supra
422 3026 580 3079 memorato
596 3023 670 3078 libro
686 3023 721 3078 de
737 3024 838 3078 Corre-

71 3115 131 3168 eet
155 3111 259 3178 Gratia,
288 3128 354 3166 curn
377 3112 491 3169 doceret
514 3111 659 3167 subreniri
682 3111 764 3167 nobis
787 3127 839 3182 per

71 3199 177 3256 tiorem
188 3201 311 3272 gratiam
324 3201 487 3269 salvatoris,
503 3202 538 3257 de
548 3202 620 3257 Filio
632 3200 837 3257 Delinearnato

71 3289 199 3345 caesione
210 3291 362 3360 disserens,
377 3290 459 3358 dixit,
475 3291 623 3346 neminem
632 3305 692 3346 esse
707 3294 766 3345 tam
780 3305 837 3344 cae-

76 3380 334 3451 tamquaignarum
345 3380 375 3435 iu
389 3380 454 3445 lide,
463 3385 494 3434 ut
506 3379 599 3435 dicere
612 3380 724 3445 audeat,
739 3395 838 3450 quam-

71 3485 76 3520 t
91 3466 201 3540 Spiritu
215 3473 312 3523 sancto
327 3473 355 3524 et
369 3467 480 3539 virgine
494 3467 581 3523 blaria
600 3468 692 3523 lilium
713 3467 837 3523 hominis

71 3574 100 3628 n,
114 3574 167 3630 per
181 3559 304 3615 liberum
320 3563 417 3614 tamen
427 3559 579 3615 arbitrium
588 3560 661 3615 bene
672 3558 799 3622 virendo,
810 3563 839 3613 et

71 3652 178 3704 seccato
193 3649 269 3703 bona
290 3665 377 3721 opera
400 3649 539 3715 facienda,
561 3649 700 3704 meruisse
720 3651 751 3703 nt
764 3652 839 3703 esset

71 3736 132 3793 lius
154 3737 201 3808 (tle
225 3739 398 3807 correptione
420 3742 445 3792 et
461 3738 569 3804 Gratia,
594 3755 623 3793 u.
639 3738 693 3808 30).
709 3736 836 3808 Quapro-

71 3841 125 3880 :nm
139 3825 169 3880 in
182 3827 258 3881 hunc
270 3842 398 3881 errorem
422 3842 451 3880 se
466 3826 578 3897 lapsum
590 3842 652 3882 esse
666 3826 838 3881 confiteatur

71 3929 83 3969 e
102 3913 237 3985 leporius
252 3915 282 3968 in
293 3914 501 3969 emendationis
511 3930 570 3968 sum
580 3915 677 3970 libella
690 3931 697 3982 ;
711 3914 773 3970 hmc
784 3915 837 3970 Le-

71 4002 239 4070 emendatio,
250 4018 315 4073 quae
330 4001 483 4073 Augustini
498 4003 681 4073 potissimum
693 4003 784 4059 labori
804 4020 837 4058 ac

71 4090 141 4145 ntia
160 4091 297 4145 tribuitur
310 4091 451 4161 (emeca,
469 4094 505 4146 lle
519 4092 702 4161 Scriptoribas
716 4093 837 4148 erebriu-

71 4193 106 4242 ,a
123 4179 178 4246 59),
194 4185 289 4234 secuta
304 4180 340 4233 sit
354 4195 469 4234 necesse
484 4184 527 4235 est
545 4195 632 4251 supra
646 4183 837 4235 memoratum

71 4282 101 4324 ιι.
130 4267 184 4323 Sed
209 4272 238 4323 et
260 4270 405 4340 praecessit
420 4268 469 4323 illa
493 4268 571 4339 Opus
587 4268 789 4339 imperiectum
807 4269 836 4324 in

71 4370 144 4424 rum,
166 4355 214 4411 ubi
226 4363 338 4412 sanctus
353 4359 455 4412 [lactor
466 4357 497 4411 in
510 4357 586 4412 hunc
598 4357 695 4428 ipsum
709 4373 837 4413 errorem

71 4445 169 4516 agiam
187 4446 288 4501 haeresi
303 4452 499 4519 emergentem
512 4445 725 4501 animadvertit.
746 4446 835 4519 lepo-

71 4550 138 4607 rrgo,
155 4534 330 4606 professione
345 4536 511 4598 monachus,
536 4534 602 4589 vitm
629 4534 835 4603 innocentiam,

71 4623 199 4681 nCalliis
217 4624 347 4691 tlorebat,
364 4640 421 4678 non
436 4623 542 4679 auxilio
559 4622 666 4691 divino,
682 4624 732 4678 sed
745 4623 836 4678 libero

71 4711 103 4768 ia
116 4711 299 4784 propriisque
314 4712 421 4768 viribus
434 4711 595 4783 arrogabat,
608 4712 770 4768 doctrinam
784 4714 836 4768 Pe·

71 4801 345 4870 nmjsecutus.30nin
359 4801 447 4857 etiam
462 4802 617 4856 recensitus
631 4806 674 4857 est
689 4801 765 4858 inter
775 4801 835 4874 pri·

71 4889 277 4962 irmeipuosque
293 4890 379 4946 daces
393 4906 505 4960 eornm,
520 4889 571 4963 qui
583 4905 634 4962 per
648 4889 679 4945 id
693 4895 836 4962 tempusa

71 4979 145 5035 ianm
164 4978 306 5034 haereseos
320 4979 468 5052 principiis
485 4984 514 5035 et
527 4980 677 5052 antiquam
693 4979 836 5035 Ebionita-

71 5067 238 5141 mpietatem
251 5073 424 5124 renovarunt
437 5069 604 5139 (Cassianae,
620 5072 658 5124 De
669 5069 836 5124 lneamotio·

71 5174 87 5214 t.
103 5161 128 5214 l.
145 5174 206 5228 cap.
220 5158 258 5228 ll,
274 5162 302 5213 et
318 5158 492 5213 Nestoriauae
503 5157 636 5228 jecerunt
649 5157 836 5213 fundamenta

71 5247 134 5302 adas
141 5248 354 5314 sansonesca,
373 5247 420 5302 lib.
432 5247 608 5314 lllleumex
618 5247 728 5318 virgine
735 5249 836 5301 natum

74 5339 107 5392 ut
118 5336 267 5392 bominem
277 5337 385 5392 lactum
399 5335 493 5391 dicere
504 5337 665 5400 verebatur,
677 5336 733 5390 boa
744 5349 836 5388 naum

71 5423 133 5479 lere
158 5425 289 5481 animum
316 5425 465 5495 inducens,
489 5427 587 5481 lasum
606 5424 749 5480 Christum
770 5438 835 5477 cum

71 5511 212 5568 &lectum
227 5513 378 5572 hominem
393 5513 504 5573 editum
516 5513 602 5571 luisse
612 5514 752 5583 leporius,
765 5514 794 5567 ia
805 5512 836 5566 ti-

1700 261 1752 313 ast·

901 360 967 415 bello
975 361 1201 436 Emendationis).
1217 366 1278 430 Quo
1293 372 1375 437 pacta
1387 370 1576 440 proprietates
1587 375 1698 430 divinas
1712 378 1751 432 ita

899 448 1083 523 disjungebat
1104 453 1140 507 ab
1166 453 1311 526 humanis,
1334 461 1365 511 ut
1383 458 1455 513 duas
1470 459 1599 516 Christos
1614 463 1750 534 alliceret,

899 553 1008 594 necnon
1022 545 1154 612 quartam
1164 541 1295 598 Trinitati
1304 562 1458 616 personam
1471 549 1616 620 adjiceret.
1633 552 1676 608 Ad
1689 553 1752 610 haec

898 624 1055 698 ellutiebat,
1071 629 1216 686 Christum
1236 632 1291 688 sibi
1305 635 1428 707 gloriam
1442 653 1623 711 comparasse
1639 641 1748 712 labore,

897 714 1047 787 religione,
1062 718 1128 787 lide,
1144 720 1228 775 banis
1242 723 1378 795 operibus
1395 741 1401 780 :
1418 725 1454 792 ei,
1471 743 1536 798 qam
1550 731 1751 788 tautummodo

897 805 977 889 puris
998 806 1165 864 bominibus
1189 812 1375 880 conveniunt,
1401 814 1575 879 adscribens,
1602 835 1634 873 ae
1656 820 1750 892 ipsum

897 892 986 950 terme
996 895 1030 951 ad
1047 897 1241 954 conditionem
1251 905 1414 957 sanctornm
1428 902 1589 973 hominum,
1601 905 1668 962 lieet
1679 925 1751 979 prae·

895 986 939 1036 ter
952 984 1149 1053 intentionem,
1175 988 1320 1058 dejiciens.
1346 991 1460 1046 lirrares
1481 991 1567 1049 eliam
1584 1011 1650 1048 suos
1665 997 1745 1050 erul-

896 1071 975 1142 garit
988 1074 1093 1146 scripta
1107 1075 1240 1147 epistola,
1256 1095 1320 1150 quta
1334 1080 1468 1135 omnibus
1483 1080 1646 1137 orthodoxis
1661 1084 1749 1140 olien-

896 1163 1006 1217 sionem
1017 1163 1150 1232 prmbuit.
1160 1165 1285 1220 lturnest
1293 1167 1447 1224 obriamab
1458 1170 1578 1225 eruditis
1589 1171 1745 1228 Galliarum

897 1250 974 1320 viris,
989 1251 1038 1322 qui
1050 1251 1180 1323 Ceparia,
1193 1259 1223 1308 ut
1231 1270 1333 1325 pravas
1343 1272 1408 1310 suas
1419 1257 1570 1327 opiniones
1579 1260 1745 1332 corrigeret,

896 1339 1066 1411 persuadere
1081 1340 1177 1395 canati
1191 1347 1258 1397 sunt
1274 1359 1280 1396 :
1296 1342 1346 1397 sed
1360 1343 1475 1399 trustra.
1492 1344 1672 1417 Quapropter
1691 1349 1745 1403 im-

895 1427 949 1498 piis
963 1425 1026 1498 ejus
1045 1428 1226 1501 dogmatibus
1245 1431 1391 1485 Gallorum
1413 1431 1613 1504 episcoporum
1633 1436 1747 1493 Proculi

895 1521 924 1571 et
943 1516 1066 1588 Cylinnii
1086 1517 1252 1574 auctoritate
1275 1519 1427 1589 damnatis,
1452 1521 1545 1577 solnm
1569 1526 1678 1578 vertera
1697 1541 1746 1581 eo-

896 1604 983 1675 gitur.

931 1693 958 1747 l.
974 1693 1112 1765 Expulsus
1125 1710 1140 1749 e
1156 1693 1252 1749 Galliis
1263 1694 1402 1766 leporius
1414 1697 1571 1754 transmisit
1581 1689 1610 1755 iii
1621 1699 1747 1756 Africam

896 1796 961 1837 euru
975 1781 1086 1853 aliquot
1107 1782 1211 1837 erroris
1235 1782 1279 1838 sui
1299 1783 1392 1840 sociis.
1416 1785 1467 1840 llic
1485 1786 1617 1842 Aurelius
1633 1790 1746 1844 Cartha·

895 1869 1033 1942 ginensis,
1048 1870 1225 1942 Augustinus
1238 1876 1266 1925 et
1280 1872 1330 1927 alii
1345 1875 1477 1928 nonnulli
1493 1891 1610 1945 operam
1623 1876 1744 1948 pariter,

895 1963 928 2013 ut
942 1974 1007 2014 eum
1023 1959 1058 2014 ab
1078 1977 1174 2016 errore
1189 1967 1365 2028 revocarent,
1381 1979 1463 2017 suam
1483 1964 1677 2031 contulerunt,
1695 1965 1745 2020 sad

895 2063 954 2119 prae
969 2048 1079 2104 caeteris
1094 2051 1280 2121 Augustinus.
1306 2052 1435 2105 Errarem
1454 2052 1609 2124 aliqnando
1626 2053 1743 2109 tandem

895 2136 1019 2207 agnovit,
1035 2136 1246 2210 detestatusque
1257 2143 1314 2206 est;
1329 2155 1362 2193 ae
1374 2139 1503 2211 ejusdem
1512 2141 1590 2196 virus
1602 2142 1664 2196 rivo
1675 2158 1741 2196 curn

895 2225 991 2280 dolore
1005 2242 1036 2280 ac
1057 2231 1154 2282 sancta
1172 2228 1296 2300 quadam
1311 2227 1489 2299 impudentia
1505 2229 1619 2302 publice
1633 2231 1745 2285 contes-

895 2330 943 2368 sus
958 2318 1009 2371 est.
1032 2314 1167 2379 Quicum
1190 2332 1223 2371 eo
1238 2317 1416 2387 trajecerant,
1441 2317 1527 2372 etiam
1546 2335 1613 2373 cum
1635 2335 1668 2373 eo
1681 2334 1746 2374 sen·

895 2403 1014 2458 tentiam
1035 2408 1190 2462 arctavere.
1216 2406 1302 2460 Porro
1331 2405 1575 2477 quemadmodum
1599 2407 1693 2479 primo
1716 2407 1747 2462 in

895 2492 992 2548 Galliis
1015 2494 1146 2565 vulgatus
1168 2499 1229 2549 erat
1246 2493 1324 2549 illius
1343 2510 1433 2562 error,
1449 2494 1489 2550 ita
1517 2494 1743 2567 resipiscentiam

895 2597 975 2636 suam
993 2580 1051 2636 illic
1064 2583 1161 2654 palam
1174 2598 1312 2654 apparere
1326 2583 1418 2638 voluit
1429 2599 1436 2638 :
1448 2588 1481 2639 ut
1493 2600 1566 2654 quas
1578 2585 1687 2656 peccati
1701 2585 1745 2639 sui

895 2674 979 2725 testes
1005 2670 1154 2739 habuerat,
1181 2671 1299 2725 haberet
1332 2675 1360 2726 et
1391 2672 1578 2743 poenitentiae.
1608 2673 1746 2738 Quocirca

894 2758 987 2815 isthuc
1004 2759 1134 2815 libellum
1157 2759 1235 2814 misit
1254 2759 1387 2830 lacrymis
1413 2776 1445 2814 ac
1464 2760 1618 2830 gemitibus
1638 2760 1744 2815 doloris

894 2847 938 2902 sui
953 2848 1071 2918 plenum
1083 2867 1091 2916 ;
1104 2846 1133 2901 in
1145 2864 1203 2919 quo
1214 2846 1253 2902 sie
1263 2850 1338 2903 male
1347 2853 1515 2919 conceptam
1528 2846 1744 2919 persuasionem

895 2932 1045 3004 magnilica
1055 2935 1264 3003 condemnarit,
1275 2941 1373 2992 utnon
1382 2935 1478 2992 miuus
1490 2953 1564 3009 pene
1575 2935 1742 2992 admiranda

893 3024 930 3077 sit
944 3024 1081 3079 correctio
1092 3023 1180 3092 illius,
1196 3041 1284 3096 quam
1298 3025 1387 3081 illaesa
1405 3026 1565 3082 maltorum
1579 3025 1651 3081 tides
1665 3025 1740 3096 (Cau-

893 3114 1044 3180 siauus,lle
1056 3115 1255 3181 incantatione,
1271 3116 1318 3170 lib.
1339 3118 1363 3183 l,
1378 3131 1439 3186 cap.
1455 3113 1496 3186 4).
1520 3115 1656 3188 leporius
1674 3132 1742 3187 ergo

894 3199 1101 3257 emendationis
1116 3217 1175 3256 suae
1184 3201 1314 3257 libellam
1327 3203 1362 3258 ad
1374 3203 1528 3259 Proculum
1538 3207 1566 3258 et
1578 3202 1743 3274 Cyllanium

894 3289 1007 3362 direxit,
1023 3306 1127 3362 eosque
1143 3296 1174 3347 ut
1189 3291 1242 3346 sibi
1264 3292 1455 3363 ignoscerent,
1478 3295 1675 3364 comprecatus
1690 3296 1742 3347 est.

894 3380 971 3434 lianc
985 3395 1050 3435 rara
1066 3379 1113 3435 ille
1128 3379 1158 3435 in
1173 3380 1391 3452 Carthaginensi
1412 3381 1538 3449 basilica,
1554 3380 1605 3436 ubi
1622 3380 1743 3453 proinde

892 3469 953 3524 haec
968 3472 1048 3540 gesta
1059 3469 1146 3524 luisse
1161 3469 1294 3541 colligere
1310 3473 1362 3536 est,
1378 3469 1539 3541 obsignavit
1556 3468 1746 3540 presentibus

893 3558 1045 3629 episcopis,
1062 3557 1200 3613 nimirum
1220 3557 1323 3613 saltem
1344 3557 1473 3627 Aurelio,
1487 3557 1659 3629 Augustino,
1682 3558 1745 3612 Flo-

894 3646 987 3701 rentia
1003 3652 1031 3702 et
1049 3646 1210 3701 Secundino
1231 3663 1238 3702 :
1261 3661 1348 3718 quam
1363 3650 1392 3701 et
1414 3644 1554 3700 Dominus
1578 3661 1610 3699 ac
1639 3647 1745 3715 banus,

896 3733 1008 3806 leporii
1016 3734 1088 3789 forte
1097 3734 1175 3800 socii,
1187 3733 1390 3806 subscripsere,
1400 3733 1663 3804 suampariteresse
1672 3733 1745 3788 huuc

893 3824 980 3878 tidem
995 3823 1153 3879 contestati.
1166 3822 1256 3879 Iidem
1267 3826 1391 3895 quatuor
1404 3822 1547 3877 antistites
1556 3827 1745 3878 memoratam

893 3912 1053 3983 epistolam,
1066 3915 1099 3967 ut
1112 3916 1140 3967 et
1154 3927 1219 3967 eam
1235 3911 1347 3984 leporii
1362 3927 1423 3966 osse
1443 3914 1626 3980 testarentur,
1640 3914 1669 3966 et
1684 3912 1746 3982 eius

893 4001 1054 4056 doctrinam
1078 4001 1281 4072 approbarent,
1306 4017 1358 4056 sua
1385 3999 1506 4072 quisque
1536 4000 1745 4071 subscriptione

893 4090 1137 4146 canimunieruut.
1158 4090 1233 4155 Quin
1254 4089 1340 4144 eliam
1361 4089 1471 4145 litteras
1493 4089 1529 4144 ad
1549 4089 1702 4143 Proculum
1717 4093 1745 4142 et

893 4179 1055 4251 [lyliunium
1070 4179 1211 4235 dederunt
1225 4195 1312 4250 super
1326 4178 1440 4249 Leparii
1458 4183 1486 4233 et
1499 4183 1665 4232 consertam
1681 4176 1743 4248 ejus

892 4268 1075 4325 conversione
1101 4268 1195 4338 (Apud
1219 4267 1416 4336 Aequstiaam,
1442 4267 1531 4336 Epist.
1560 4265 1637 4335 219),
1661 4266 1744 4336 cujas

892 4375 1009 4414 earnem
1023 4356 1144 4427 gloriam
1160 4356 1252 4412 redire
1267 4356 1303 4410 ad
1316 4353 1541 4410 misericordiam
1556 4351 1679 4407 divinam
1698 4368 1743 4406 ro.

892 4448 964 4503 lunt.
980 4449 1072 4513 Quam
1095 4445 1166 4501 Galli
1179 4443 1267 4501 iidem
1283 4445 1421 4517 prmsules
1440 4441 1574 4496 adversus
1590 4439 1742 4511 leporium

892 4536 1080 4591 adhibuerant
1094 4523 1286 4594 severitatem,
1316 4548 1373 4587 non
1387 4531 1537 4598 damnant,
1560 4533 1659 4584 contra
1676 4545 1742 4585 vero

891 4624 1059 4697 praedicant,
1081 4623 1212 4690 latentes,
1236 4621 1292 4678 nisi
1315 4637 1349 4676 ea
1369 4617 1569 4690 praecessisset,
1595 4617 1743 4673 lenitatem

891 4728 948 4783 qua
962 4710 1018 4783 ipsi
1031 4711 1215 4783 postmodam
1230 4708 1274 4764 usi
1291 4711 1368 4769 sunt,
1384 4705 1511 4761 laturam
1522 4704 1667 4763 inutilem.
1685 4705 1743 4761 llo·

892 4803 969 4870 gant,
989 4804 1021 4855 ut
1039 4800 1116 4870 quod
1139 4800 1246 4854 lactum
1265 4813 1326 4852 ase
1347 4794 1451 4863 fuerat,
1476 4793 1519 4848 illi
1538 4809 1590 4850 suo
1606 4786 1741 4866 sullrag'io

891 4888 1098 4959 comprobant3
1114 4886 1267 4957 Leporium
1277 4882 1417 4955 recipiant
1426 4897 1479 4953 per
1491 4897 1574 4938 suam
1584 4883 1673 4954 ipsius
1684 4881 1743 4953 epi-

891 4977 1004 5043 stolam,
1027 4993 1078 5032 sen
1102 4974 1231 5031 libellum
1254 4973 1290 5028 ad
1314 4989 1361 5028 eas
1390 4970 1511 5028 missurn
1534 4970 1742 5027 emendationis

890 5064 981 5136 ipsius
995 5064 1082 5120 tidem
1098 5063 1261 5130 iacientem,
1282 5061 1526 5133 quemadmodum
1542 5060 1597 5132 ipsi
1611 5075 1663 5132 per
1677 5074 1741 5131 pae-

891 5153 1044 5209 nitentiam
1058 5153 1140 5224 cujus
1153 5151 1258 5207 oculati
1272 5155 1359 5206 testes
1371 5155 1463 5218 erant,
1478 5150 1613 5206 eumdem
1625 5163 1741 5219 recepe·

891 5249 974 5310 rant,
989 5242 1050 5314 eius
1065 5241 1296 5297 emendationem
1314 5240 1449 5296 omuibus
1463 5239 1508 5310 iis,
1530 5237 1635 5312 quibus
1652 5236 1743 5292 allen·

891 5319 1004 5386 sionem
1030 5330 1159 5401 ejusdem
1186 5330 1271 5401 culpa
1302 5329 1471 5397 incusserat,
1509 5319 1680 5398 signillcent,
1708 5341 1742 5380 aa

891 5419 1035 5491 responsis
1045 5419 1117 5475 dalis
1130 5418 1279 5491 gaudium,
1292 5419 1370 5491 quod
1380 5435 1414 5472 ax
1428 5417 1555 5472 lraterna
1566 5413 1743 5470 correctione

893 5508 1032 5581 ceperint,
1047 5523 1143 5564 secum
1163 5508 1385 5564 communicent.
1408 5506 1513 5562 Eorum
1528 5519 1559 5557 se
1579 5507 1743 5573 exspectare
