3884 6112
726 219 832 277 bruun
852 221 998 279 PRIMUS.
1705 225 1740 279 so

71 339 187 397 tissinm
201 339 381 411 professione
395 355 454 396 uon
468 340 555 396 modo
567 341 655 397 vitam
669 346 838 410 sustentare,
893 345 982 401 etiam
995 345 1240 418 animaliumque
1253 345 1330 417 apud
1342 345 1420 418 ipsos
1435 347 1634 413 uescebantur,
1645 350 1741 404 ortum

71 437 76 484 t
91 429 264 501 dignitatem
279 444 386 501 augere
399 434 504 500 posset.
519 430 607 501 Atqui
620 434 654 486 ut
667 435 729 486 arat
741 431 839 486 Vindi·
893 434 1087 502 observarant,
1103 434 1225 508 coeliqoe
1243 434 1417 506 positionem
1431 434 1461 489 iu
1476 435 1531 490 hoc
1546 439 1692 491 momento
1706 436 1742 491 ad

72 533 181 585 sermo,
196 518 259 573 sine
278 518 434 573 verborum
454 519 542 586 cultu,
560 517 705 574 vivacitate
724 524 839 576 senteu-
892 521 1052 594 colliganda
1065 538 1125 578 suas
1139 522 1209 578 artis
1223 521 1420 593 experimenta
1433 523 1541 594 pariter
1552 524 1740 594 explorarent.

71 623 88 665 n
105 607 252 680 jucundus
271 613 301 661 et
319 606 428 679 gravis;
450 607 582 663 assiduus
601 606 786 680 intentusque
805 625 840 664 ex
894 610 992 682 ltaque
1006 611 1129 678 dicebat,
1149 611 1260 667 audisse
1277 628 1307 667 se
1326 616 1437 682 epatre
1453 628 1515 677 suo,
1531 613 1607 684 quod
1627 628 1693 668 cum
1707 612 1742 668 de

71 712 111 752 tre
134 695 279 768 pendebat
299 696 488 768 Augustinus,
510 695 610 768 aequis,
631 696 674 752 uti
694 713 747 769 par
767 703 839 768 arat,
893 716 923 755 se
948 699 1074 756 Firmino
1095 716 1248 774 pregnans
1267 705 1364 759 maten
1384 705 1467 768 esset,
1490 701 1603 770 paterni
1627 716 1743 774 quoque

71 800 102 842 us
116 785 262 857 excipiens
272 799 463 858 quaecumque
473 784 509 841 ab
519 785 682 842 venerando
691 802 769 853 seue,
780 803 840 842 non
893 789 978 844 amici
996 789 1105 845 lamule
1126 789 1260 862 quedam
1282 792 1395 844 uterum
1415 789 1540 858 larebat,
1557 791 1634 862 quod
1653 792 1742 846 latera

70 892 76 928 ι
91 873 248 940 monitore,
264 874 322 939 sed,
334 874 363 930 id
378 875 456 946 quod
471 875 565 947 majus
579 879 632 940 est,
643 879 761 945 experto
775 876 840 931 doc·
893 878 1043 934 domiuum
1057 895 1115 934 uon
1134 877 1239 950 potuit,
1255 877 1306 950 qui
1325 878 1370 933 rol
1388 894 1492 934 cauum
1513 895 1630 935 suarum
1643 884 1744 950 partus

71 962 239 1019 licerentur.
264 962 320 1018 Sed
338 962 410 1018 illud
431 962 463 1017 in
485 961 587 1034 primis
605 962 735 1018 obstabat
754 980 840 1036 argu·
892 972 952 1022 tarn
965 971 1094 1023 accurate
1107 967 1286 1033 observaret3
1299 971 1387 1038 atque
1398 966 1439 1021 ita
1453 967 1617 1039 contigisse,
1633 973 1666 1023 ut
1678 984 1743 1025 curn

71 1051 291 1122 rm,quominus
300 1051 337 1106 ab
347 1049 488 1106 sententia
496 1050 617 1123 pristina
626 1051 776 1108 decederet
784 1055 840 1108 Au·
893 1055 946 1112 iste
960 1055 1102 1128 conjugis,
1117 1055 1165 1110 ille
1180 1059 1276 1110 erilem
1291 1055 1402 1111 ancillae
1416 1055 1504 1123 diem,
1515 1055 1627 1124 horam,
1640 1058 1668 1113 at
1681 1073 1743 1113 mo·

71 1153 118 1195 ins
128 1155 136 1194 ι
148 1139 218 1204 Quae
235 1155 321 1195 causa
336 1156 405 1212 ergo
419 1140 534 1208 taceret,
549 1146 580 1194 ut
591 1140 681 1195 multa
693 1141 761 1197 iude
773 1158 839 1198 vcra
893 1150 1023 1202 mentum
1038 1144 1193 1214 diligenter
1205 1145 1395 1214 explorarent,
1410 1145 1511 1200 eodem
1526 1146 1617 1201 ambae
1631 1149 1742 1218 tempo·

71 1227 256 1284 rutiareutur.
279 1228 411 1284 Diluebat
429 1229 547 1302 quidem
563 1228 636 1284 illud
654 1229 840 1288 vindicianus
893 1233 932 1288 ris
946 1237 1053 1306 puncto
1068 1237 1220 1304 parerent:
1236 1233 1277 1288 ita
1292 1237 1324 1288 ut
1338 1234 1452 1289 easdem
1464 1235 1695 1291 constellationes
1707 1235 1744 1290 ad

72 1320 216 1388 spoterat
227 1316 332 1386 modis,
348 1317 420 1373 illud
432 1318 636 1390 quodcumque
652 1324 715 1373 erut
728 1318 839 1374 diviua·
893 1321 1008 1377 easdem
1027 1336 1120 1392 usque
1144 1320 1281 1377 minutias
1300 1321 1414 1394 utrique
1438 1323 1565 1378 nascenti
1584 1323 1743 1380 describere

81 1404 117 1460 in
130 1421 265 1461 arcanam
282 1406 436 1478 quamdam
451 1405 510 1463 vim
523 1406 606 1462 sortis
620 1410 731 1464 naturae
742 1424 839 1464 rerum
893 1409 982 1467 coacti
1000 1409 1120 1479 inerint,
1142 1409 1195 1466 istc
1216 1410 1286 1477 lilio,
1310 1409 1360 1465 ille
1382 1412 1504 1466 servulo.
1521 1413 1593 1467 Nam
1614 1427 1681 1468 cum
1701 1428 1743 1468 era

71 1508 105 1549 m
123 1494 288 1550 refundens.
300 1497 409 1552 sienim
423 1497 577 1567 depopinis
590 1501 674 1567 poete
686 1497 839 1568 cujuspiam
894 1499 1029 1555 mulieres
1043 1499 1185 1571 parturire
1199 1499 1361 1571 coepissent,
1375 1499 1572 1556 iudicaverunt
1591 1501 1645 1557 sibi
1658 1501 1743 1557 ambo

80 1583 163 1638 uliud
184 1587 304 1640 canentis
323 1590 406 1657 utque
421 1586 595 1653 intendentis,
615 1601 675 1641 oum
692 1588 764 1654 {orta
778 1589 839 1656 quis
893 1587 964 1661 quid
979 1587 1009 1643 iu
1027 1604 1079 1644 sua
1097 1590 1236 1661 cujusque
1258 1588 1342 1644 domo
1363 1595 1506 1661 ageretur,
1527 1595 1556 1646 at
1572 1595 1745 1663 paraverunt

71 1673 287 1740 immuabiliter
298 1677 620 1745 consonusnepotiosaape
631 1679 837 1744 oesnsceirct3
892 1693 963 1749 quos
982 1678 1017 1733 ad
1033 1694 1062 1732 se
1081 1677 1204 1732 invicem
1223 1677 1380 1747 mitterent,
1401 1679 1487 1734 simul
1507 1694 1539 1732 ac
1558 1678 1615 1734 illae
1627 1683 1743 1751 partum

71 1761 143 1817 dun
156 1777 211 1817 non
224 1777 281 1818 esso
293 1763 411 1831 dicebat,
427 1764 453 1817 si
466 1777 500 1817 aa
513 1764 606 1818 onina
620 1764 740 1819 inmane
756 1781 836 1836 snpe-
890 1766 1055 1823 edidissent.
1072 1767 1203 1822 Addebat
1216 1783 1274 1834 eos,
1286 1767 1336 1838 qui
1346 1768 1382 1823 ab
1393 1771 1515 1840 utroque
1525 1767 1606 1823 missi
1616 1767 1739 1833 lucrant,

71 1849 166 1920 aliquo
184 1852 327 1921 instinctu,
348 1852 479 1924 nesciente
499 1851 568 1920 qnid
587 1853 616 1906 in
636 1867 664 1908 se
681 1855 765 1921 tieret,
783 1869 838 1909 nna
892 1856 964 1911 adeo
973 1872 1009 1910 ax
1015 1856 1133 1927 paribus
1147 1855 1298 1910 domorum
1313 1855 1470 1910 intervallis
1485 1855 1538 1911 sibi
1551 1855 1665 1911 obviam
1680 1873 1743 1912 esse

71 1938 118 1995 lud
129 1943 203 1994 sorte
214 1944 322 1994 sonaret
336 1940 454 2009 aliquid,
467 1940 539 2010 quod
550 1939 744 2010 interrogantis
757 1943 837 1999 rebus
891 1945 990 2012 tactos,
999 1949 1031 1999 ut
1045 1943 1130 1998 aliam
1145 1942 1318 2014 positionem
1328 1942 1465 2011 siderum,
1476 1943 1604 2015 aliasque
1615 1960 1743 1999 momen·

71 2044 121 2100 prta
133 2031 284 2084 concineret
296 2030 389 2098 (cons.
406 2030 454 2085 lib.
468 2033 497 2097 4,
514 2046 575 2100 cop.
589 2033 616 2093 3,
631 2047 658 2086 n.
676 2031 713 2100 5).
890 2037 986 2089 torum
1000 2032 1155 2106 particulas
1169 2033 1200 2087 in
1214 2032 1318 2087 horum
1332 2031 1486 2087 infantium
1496 2036 1560 2087 ortu
1570 2037 1670 2087 notare
1683 2048 1741 2088 nou

71 2115 281 2189 ingerebantur
304 2117 364 2171 haec
387 2117 450 2189 ejus
471 2117 568 2173 auimo
587 2117 664 2173 haud
684 2117 771 2174 dubie
787 2112 838 2175 Dei
890 2122 1048 2193 potuerint.
1064 2123 1098 2177 Et
1111 2125 1207 2176 mmeu
1228 2119 1370 2176 Firminus
1392 2120 1482 2176 nobili
1495 2120 1558 2175 loco
1573 2123 1667 2187 natus,
1683 2136 1742 2177 ma·

71 2224 73 2259 ι
86 2205 140 2262 aed
156 2222 251 2278 neque
266 2206 449 2262 Vindiciauus
459 2212 559 2262 acutus
572 2207 620 2263 ille
635 2224 730 2275 senex,
743 2224 837 2281 nequa
891 2211 941 2283 gui
951 2210 1027 2282 apud
1039 2227 1138 2265 omnes
1148 2209 1273 2265 nominis
1283 2213 1353 2277 erat,
1366 2208 1473 2265 divitiis
1483 2208 1514 2264 iu
1524 2209 1585 2264 dies
1594 2210 1740 2275 attinebat,

71 2293 137 2351 dius
151 2296 196 2351 illi
211 2296 240 2350 iu
255 2295 356 2368 primis
373 2295 487 2363 charus,
503 2300 599 2367 atque,
617 2299 651 2351 ut
665 2297 726 2368 ipse
740 2298 835 2367 babet,
890 2304 918 2354 et
932 2298 1092 2354 bonoribus
1103 2296 1262 2371 augebatur
1272 2313 1280 2352 ε
1292 2313 1390 2352 servus
1401 2302 1497 2352 autem
1512 2296 1560 2352 ille
1570 2296 1741 2352 conditionis

71 2383 124 2441 ilis
137 2385 243 2440 anime
259 2386 432 2452 adolescens,
446 2385 837 2442 valdabonusatraldeeau-
888 2390 958 2461 jugo
978 2387 1142 2442 nullatenus
1165 2387 1290 2442 relaxato
1315 2385 1440 2442 dominis
1464 2386 1614 2442 serviebat.
1633 2385 1681 2440 llis
1704 2387 1740 2442 ab

71 2473 105 2529 ui
117 2478 212 2530 totum
226 2473 299 2529 illud
312 2472 496 2529 divinationis
510 2489 601 2546 genus
616 2473 762 2544 irridebat,
774 2491 837 2547 per·
890 2476 993 2532 idoneo
1012 2479 1084 2532 teste
1105 2474 1201 2530 relatis
1221 2475 1308 2530 tidem
1329 2491 1394 2530 cum
1415 2474 1476 2530 sinc
1496 2475 1674 2530 cunctatione
1690 2474 1740 2529 ad-

71 2578 103 2619 ro
121 2563 243 2618 illitum
258 2566 424 2634 potuerunt,
438 2567 473 2618 ut
489 2562 608 2634 hujusce
624 2563 693 2619 artis
708 2564 836 2619 studium
886 2564 1031 2636 junxisset
1043 2563 1230 2638 Augustinus,
1247 2563 1388 2637 quidquid
1399 2564 1425 2619 ei
1440 2563 1627 2619 dubitationis
1643 2580 1741 2636 super·

71 2655 121 2708 ret
140 2651 363 2724 repudiaretqua
383 2652 478 2722 (leid,
498 2652 545 2706 lib.
565 2657 593 2718 7,
613 2668 675 2723 cap.
696 2655 723 2715 o,
737 2669 768 2708 n.
792 2654 831 2722 8).
889 2658 960 2720 erat,
975 2653 1101 2717 evanuit,
1122 2657 1151 2708 et
1164 2654 1259 2708 omnis
1272 2653 1350 2709 illius
1370 2654 1516 2709 reluctatio
1532 2653 1657 2709 resoluta
1671 2668 1739 2708 cou-

71 2744 177 2797 stsum
191 2741 284 2796 multo
300 2741 426 2813 amplius
443 2740 576 2796 movebat
595 2756 696 2796 eorum
712 2742 836 2797 auctori·
888 2742 967 2798 cidit.
983 2744 1017 2799 Et
1027 2742 1122 2814 primo
1137 2741 1256 2814 quidem
1271 2742 1428 2797 Firmiuum
1449 2742 1485 2797 ab
1499 2742 1549 2796 illa
1563 2740 1738 2808 curiositate,

71 2828 208 2902 uiipsam
219 2835 310 2886 artem
324 2835 502 2898 tractassent,
517 2846 605 2902 quum
619 2846 721 2886 eorum
735 2829 834 2902 opinio
889 2847 976 2904 quam
990 2847 1036 2886 res
1047 2848 1100 2904 per
1113 2831 1209 2902 ipsum
1221 2834 1337 2885 narrata
1350 2829 1461 2885 futilem
1472 2834 1500 2885 et
1515 2829 1663 2885 ridiculam
1678 2845 1739 2884 esse

71 2934 110 2976 tm
123 2919 349 2975 criminarentur
362 2919 451 2975 nullis
464 2919 547 2974 certis
566 2919 631 2975 lulti
644 2919 833 2991 argumentis,
889 2920 1074 2995 monstrabat,
1095 2918 1216 2974 tentavit
1239 2934 1365 2974 avocare.
1382 2918 1489 2974 Deinde
1509 2933 1575 2973 cum
1598 2917 1633 2972 ab
1651 2917 1739 2988 hujus
1758 2969 1760 2973 .

71 3026 84 3065 s
99 3008 223 3082 quidem
237 3008 347 3080 liquido
360 3008 414 3081 ipsi
428 3012 591 3080 appareret,
600 3008 761 3064 temeritate
776 3023 835 3063 sor·
889 3009 1016 3065 historias
1030 3008 1195 3064 narratione
1209 3023 1316 3079 magua
1329 3008 1379 3063 lux
1397 3009 1458 3078 ejus
1476 3006 1572 3061 animo
1585 3006 1739 3061 allrrlsissat

71 3097 141 3168 tius,
153 3113 242 3170 quam
255 3099 400 3153 ullacerta
412 3097 535 3167 ratione,
548 3112 581 3152 ax
597 3096 723 3152 siderum
737 3097 835 3168 positu
889 3099 925 3154 ad
948 3098 1035 3170 hujus
1059 3099 1128 3153 artis
1151 3097 1278 3152 fallacias
1296 3095 1412 3168 penitus
1430 3097 1613 3167 detegendas,
1633 3095 1738 3150 mentis

71 3185 833 3260 actuquetuturainterdumpraenuntiarillbid.,lib.l,
889 3188 978 3245 aciem
997 3187 1028 3243 iu
1051 3203 1099 3243 eos
1121 3186 1308 3259 potissimum
1328 3185 1464 3253 intendit,
1480 3185 1530 3258 qui
1555 3182 1664 3256 gemini
1686 3200 1737 3239 ua·

74 3316 84 3343 ,
105 3291 137 3331 ιι.
154 3277 191 3345 θ).
214 3275 366 3330 llaerebant
385 3280 484 3331 tamen
504 3275 644 3347 pervicaci
665 3275 731 3331 licet
747 3279 834 3347 atque
888 3281 1007 3333 scantur
1022 3293 1029 3332 :
1043 3291 1166 3348 quorum
1180 3275 1322 3347 plerique,
1339 3275 1416 3330 velut
1429 3274 1516 3329 Jacob
1531 3278 1560 3328 et
1575 3274 1657 3339 lisam
1672 3276 1736 3343 post

71 3367 131 3419 rato
155 3368 217 3418 tum
241 3363 350 3433 animo,
368 3379 513 3420 sermones
535 3364 705 3435 Vindiciaui,
729 3363 834 3437 quibus
886 3366 1009 3422 invicem
1022 3369 1082 3420 tam
1096 3365 1152 3421 cito
1170 3364 1332 3421 tunduntur
1347 3380 1382 3420 ex
1400 3368 1493 3430 utero,
1509 3367 1541 3417 ut
1555 3361 1737 3417 intervallum

87 3453 125 3510 ad
146 3453 306 3524 pleniorem
325 3452 510 3509 imbuebatur
532 3453 760 3526 inquisitionem,
776 3471 834 3526 qua
887 3457 1025 3530 temporis
1037 3458 1189 3513 observare
1204 3456 1422 3512 mathematicus
1435 3470 1493 3510 uou
1508 3453 1607 3524 possit,
1623 3469 1676 3508 uec
1690 3452 1736 3507 di·

71 3541 256 3613 antiquando
270 3558 369 3598 errore
385 3543 519 3599 liberaret
534 3543 674 3616 :jamque
686 3543 718 3598 iu
732 3543 832 3600 Nebri·
886 3562 982 3602 versas
996 3562 1096 3602 eorum
1110 3546 1340 3601 constellationes
1353 3542 1455 3599 litteris
1468 3542 1595 3614 siguare;
1613 3556 1737 3613 quorum

71 3630 215 3686 utentium
238 3631 314 3686 ilecti
337 3636 471 3703 caeperat,
491 3631 617 3704 quinon
638 3635 833 3688 asseveranter
886 3640 984 3691 tamen
997 3635 1157 3706 sorslouga
1172 3633 1319 3689 dissimilis
1333 3631 1491 3687 luturasit.
1510 3632 1615 3685 Verum
1629 3628 1735 3700 equis·

71 3734 105 3786 n,
121 3720 174 3775 sed
196 3720 295 3775 crebro
315 3720 502 3777 nihilominus
519 3725 607 3794 atque
620 3721 777 3777 identidem
792 3721 854 3777 di-·
886 3723 976 3779 simus
1003 3728 1032 3779 at
1059 3722 1287 3794 sapientissimus
1310 3720 1438 3778 universi
1463 3719 1628 3775 moderator
1649 3719 1734 3783 Deus,

85 3824 149 3865 nou
163 3824 225 3863 esse
240 3810 328 3865 ullam
343 3816 433 3867 artem
449 3811 545 3867 tratura
563 3810 751 3882 praevidendi,
764 3827 832 3866 con·
885 3811 1111 3879 consulentibus,
1129 3809 1326 3882 consultisque
1346 3808 1549 3875 nescientibus,
1564 3807 1676 3862 occulto
1690 3805 1734 3860 iu-

71 3901 214 3954 uentem
229 3897 380 3954 bominum
399 3900 594 3972 haborasoepe
608 3900 667 3956 rim
682 3899 765 3955 sortis
782 3917 789 3956 :
805 3904 834 3955 ot
886 3901 992 3958 stinctu
1011 3902 1082 3974 agit,
1105 3907 1139 3958 ut
1159 3900 1229 3956 dum
1255 3899 1377 3973 quisque
1401 3897 1536 3965 consulit,
1559 3896 1616 3951 boc
1638 3894 1736 3951 audiat

88 3986 225 4054 dicendo,
245 3987 301 4042 dici
323 3989 461 4060 pleraque
484 3993 615 4052 ventura,
640 3987 833 4044 nescientibus
886 3991 964 4062 qnod
977 4007 1044 4046 anm
1056 3992 1169 4062 oportet
1182 3989 1282 4044 audire
1302 3988 1418 4043 occultis
1436 3985 1546 4041 meritis
1562 3984 1734 4051 animarum,

71 4075 239 4144 idicereut,
250 4076 300 4132 sed
314 4076 345 4132 iu
358 4093 393 4132 ea
402 4092 462 4132 uon
475 4078 594 4133 tacendo
606 4077 830 4133 incurrentibus.
885 4091 921 4131 ex
930 4076 1032 4147 abysso
1040 4075 1109 4147 justi
1116 4072 1219 4146 judicii
1229 4073 1280 4128 Dei
1294 4072 1387 4145 (ltin,
1398 4073 1446 4128 lib.
1456 4076 1484 4137 7,
1495 4086 1555 4141 capr.
1567 4072 1596 4139 o,
1605 4084 1633 4124 n.
1646 4068 1732 4137 ero).

71 4180 156 4223 num
174 4166 234 4221 lieo
252 4166 407 4237 aspirante,
428 4165 509 4221 omui
528 4181 626 4222 errore
649 4182 716 4222 casu
737 4165 833 4238 potins
885 4169 929 4220 Au
942 4163 1020 4221 istud
1032 4162 1152 4220 Firmiui
1167 4177 1233 4217 cum
1248 4159 1408 4233 Augustino
1423 4157 1601 4229 colloquium
1616 4157 1734 4212 Cartba-

79 4254 205 4311 eousilio
217 4253 343 4309 solutum
356 4269 385 4310 se
400 4255 579 4326 gratulatur:
591 4253 669 4326 quod
683 4254 737 4310 hac
750 4270 832 4311 occa·
886 4253 954 4324 gine
965 4252 1129 4322 contigerit,
1144 4267 1182 4306 an
1194 4266 1262 4306 vero
1273 4254 1427 4322 postquam
1443 4248 1472 4303 iu
1487 4246 1599 4303 ltaliam
1612 4244 1734 4316 trajecit,

82 4342 217 4415 contigit.
240 4342 383 4399 Firminus
405 4343 449 4397 vir
467 4341 626 4398 liberaliter
643 4341 790 4399 institutus
804 4348 834 4399 et
886 4357 944 4397 non
964 4341 1055 4414 liquat
1079 4357 1086 4396 :
1104 4344 1184 4395 extra
1204 4337 1428 4394 controversiam
1446 4335 1573 4409 positum
1590 4339 1644 4401 est,
1662 4334 1735 4390 illud

71 4431 147 4489 antia
159 4447 219 4487 uon
238 4431 422 4487 mediocriter
437 4433 577 4502 excultus,
592 4430 757 4503 astrologia
772 4432 833 4503 qui·
886 4437 952 4485 aute
968 4429 1183 4486 couversionem
1203 4428 1266 4499 ejus
1289 4426 1437 4492 accidisse;
1453 4424 1575 4480 necdum
1598 4423 1676 4479 euim
1695 4423 1735 4480 ita

71 4536 166 4578 aarum
179 4520 299 4592 peritus,
314 4521 496 4598 percuriosus
507 4525 605 4578 tamma
618 4521 833 4577 mathematico-
886 4537 915 4575 se
928 4519 1009 4575 omui
1022 4534 1118 4574 errore
1133 4518 1300 4579 exsolverat,
1315 4515 1386 4588 quin
1406 4513 1494 4570 etiam
1514 4517 1576 4570 tum
1591 4512 1659 4568 meli
1674 4513 1734 4569 ori·

71 4611 229 4679 consultor,
254 4609 448 4681 Augustinum
469 4614 606 4681 tauquam
631 4609 833 4665 charissimum
886 4608 984 4679 giuem
996 4606 1180 4679 investigaret
1194 4607 1281 4678 (conl.
1297 4605 1345 4660 tib.
1361 4608 1387 4668 7,
1401 4619 1461 4673 cop.
1475 4606 1502 4670 7,
1518 4618 1546 4658 n.
1563 4601 1616 4673 lt).

71 4698 121 4765 uit,
138 4702 171 4754 ut
184 4713 251 4754 eum
265 4697 350 4753 cortis
364 4698 399 4753 de
417 4698 512 4766 rebus,
532 4699 637 4771 quibus
651 4697 682 4754 iu
697 4713 833 4770 maguam
921 4701 947 4751 5.
962 4699 1045 4752 Auno
1059 4695 1151 4752 atatis
1161 4694 1299 4767 vigesimo
1311 4697 1391 4749 sexto
1405 4695 1455 4747 aut
1467 4690 1590 4764 septimo
1604 4689 1734 4746 animum

71 4788 108 4845 tis
120 4787 246 4845 lomense
259 4803 340 4860 sporn
359 4786 563 4855 adducebatur,
581 4788 744 4843 consuleret
761 4786 833 4860 quid
886 4784 997 4856 appulit
1013 4784 1051 4840 ad
1069 4783 1260 4840 lucubraudos
1278 4782 1368 4837 libros
1383 4780 1454 4836 duos
1472 4784 1522 4835 aut
1540 4783 1598 4835 tres
1616 4779 1652 4835 da
1671 4779 1735 4834 Pul·

71 4876 209 4934 mrum
223 4893 288 4932 suas
299 4875 529 4932 constellationes
539 4876 693 4932 videretur.
705 4877 768 4933 Non
782 4877 832 4931 ab·
884 4874 953 4928 ebro
967 4877 997 4928 et
1009 4875 1083 4944 Apto
1098 4871 1190 4944 (ibid,
1210 4871 1257 4927 tib.
1274 4872 1303 4939 l,
1317 4885 1378 4940 cup.
1397 4873 1440 4937 lt,
1459 4886 1490 4925 n.
1509 4868 1566 4940 27).
1580 4869 1613 4924 lu
1625 4866 1671 4922 bis
1683 4867 1733 4923 de·

71 4964 178 5038 quidem
197 4965 385 5038 Augustinus,
406 4964 477 5037 quid
498 4965 661 5037 conjectura
679 4981 833 5036 augurare·
884 4962 1003 5018 finiebat
1015 4960 1170 5017 Pulchrum
1185 4958 1214 5015 id
1229 4958 1383 5031 essequod
1397 4974 1450 5030 per
1463 4975 1493 5013 se
1507 4956 1612 5029 ipsum.
1627 4959 1733 5028 aptum

71 5054 184 5111 irmim
198 5054 310 5127 aperire
327 5071 335 5110 ι
350 5053 471 5125 subjecit
485 5057 581 5109 tamen
596 5054 757 5125 propejam
776 5052 830 5108 sibi
884 5055 982 5108 autem
1007 5050 1037 5106 id
1057 5049 1134 5122 quod
1160 5048 1195 5103 ad
1219 5046 1327 5121 aliquid
1350 5046 1599 5103 accommodatum
1622 5045 1734 5101 decorat

71 5158 235 5210 nussum
250 5147 342 5199 totum
361 5144 434 5199 illud
456 5141 651 5215 praedictionis
670 5158 761 5215 genus
775 5159 833 5198 me-
885 5141 978 5212 (leid,
997 5157 1026 5197 n.
1047 5141 1101 5210 st).
1122 5139 1193 5194 Nam
1215 5154 1282 5194 cum
1305 5153 1364 5193 nou
1386 5153 1516 5194 amemus
1535 5133 1654 5207 aliquid,
1676 5132 1732 5189 nisi

71 5248 122 5289 ne
135 5248 170 5289 ac
181 5232 269 5289 iuana
285 5232 452 5289 ludibrium.
469 5234 541 5288 'lum
561 5231 610 5288 illa
629 5231 755 5287 narravit
772 5234 831 5288 Au·
883 5230 1036 5302 pulchrum
1051 5244 1102 5284 sau
1120 5226 1272 5294 decorum;
1288 5227 1395 5300 quippe
1419 5242 1486 5282 cum
1505 5241 1550 5279 ras
1568 5238 1640 5296 quas
1653 5237 1733 5279 ama·

71 5338 94 5379 u
107 5322 204 5394 reipsa
213 5327 420 5393 patremsnum
429 5319 829 5392 hujusmodilibrisinbiasse,
884 5335 957 5385 mus,
974 5316 1029 5374 uisi
1044 5322 1119 5374 esset
1131 5317 1163 5372 iu
1187 5317 1229 5373 eis
1252 5315 1339 5372 dacus
1361 5320 1390 5371 et
1410 5314 1528 5387 species,
1543 5311 1622 5367 nullo
1646 5310 1733 5367 modo

71 5410 157 5468 ιίωιιι
180 5409 316 5466 habuisse
338 5425 439 5465 eorum
464 5425 523 5465 non
543 5408 641 5464 miuus
658 5408 829 5473 studiosum,
884 5424 935 5464 nos
949 5406 986 5463 ad
1003 5422 1033 5462 se
1047 5411 1219 5463 moverent:
1238 5404 1452 5463 demonstrabat
1468 5403 1499 5458 in
1517 5400 1588 5472 ipsis
1607 5399 1733 5473 corpori·

71 5515 116 5572 [rae
127 5500 195 5556 illos
213 5498 319 5556 barum
338 5497 510 5570 ineptiarum
526 5513 625 5553 amora
639 5498 783 5570 flagrasse,
798 5502 830 5553 ut
884 5497 938 5553 bns
951 5495 1030 5553 aliud
1050 5511 1111 5552 essa
1124 5495 1206 5568 quasi
1221 5499 1323 5562 totum,
1339 5498 1368 5549 et
1386 5492 1451 5549 ideo
1465 5489 1638 5558 Pulchrum
1653 5488 1732 5546 aliud
