3884 6112
102 232 151 284 etl

99 347 298 404 conliteorlibi
313 364 377 419 qum
392 349 450 402 vult
460 346 556 401 anima
580 363 653 414 mea,
668 349 741 402 Deus
757 364 848 413 mcns,
863 353 891 402 et
902 366 946 403 ac·

96 437 213 509 quiesco
229 435 260 490 in
274 435 495 507 reprehensione
511 436 651 490 malarum
663 436 772 490 riarum
802 453 946 506 mearum,

95 530 129 579 ut
149 524 266 595 diligam
286 524 376 578 bonas
391 524 449 578 rias
476 529 547 578 tuas.
566 525 628 578 Nou
647 525 771 579 clament
795 527 946 581 adeersum

98 631 143 668 me
154 613 315 668 venditores
327 613 521 683 grammaticus
535 613 578 667 vel
594 617 750 682 emptores:
767 615 869 685 quiesi
883 632 946 688 pro·

99 718 203 773 ponam
214 701 265 767 eis,
276 700 455 771 interrogans
470 705 566 754 utrum
582 716 680 755 vcrurn
691 700 728 754 sit
739 703 815 772 quod
830 704 948 757 AEueam

100 790 254 861 aliquando
262 787 672 859 Carthaginemvenisseeoeta
682 789 764 857 dicit3
776 789 948 846 indoctiores

98 895 127 932 se
144 877 251 933 nescire
272 876 496 946 respondebunt,
514 876 654 931 doctiores
676 882 770 932 autem
792 879 878 934 etium
896 897 947 934 ne-

98 966 206 1035 gabunt
222 981 319 1019 rerum
335 981 405 1020 esse.
420 968 457 1018 at
470 965 494 1018 si
508 981 635 1036 quaeram
650 967 754 1037 quilius
765 967 869 1021 litteris
881 967 948 1020 scri-

98 1054 183 1109 batur
195 1056 290 1108 clinem
304 1069 421 1119 nomeu,
435 1069 535 1107 omnes
550 1053 631 1114 milri,
646 1054 696 1125 qni
707 1054 767 1108 llaec
777 1056 947 1122 didicerunt,

98 1158 197 1196 rerum
217 1142 443 1212 respondebunt3
466 1143 623 1196 secuudrrm
638 1143 667 1197 id
682 1151 797 1214 pactum
811 1152 839 1198 et
860 1145 947 1215 placi-

97 1232 170 1297 tum,
186 1246 243 1300 quo
258 1230 333 1283 iuter
344 1246 373 1282 se
388 1229 518 1284 hominos
531 1230 586 1284 ista
600 1231 680 1302 sigua
690 1232 852 1287 llrrnarunt.
866 1235 947 1299 item,

97 1318 121 1371 si
136 1334 264 1389 qumram
276 1318 345 1388 quid
357 1318 460 1371 horum
471 1318 580 1388 majore
596 1319 660 1373 vitae
671 1320 756 1390 hujus
768 1321 949 1376 incommodo

97 1406 218 1477 quisque
234 1405 427 1472 obliviscatur,
443 1407 573 1474 legereet
583 1407 717 1472 scribere,
731 1425 766 1462 un
780 1411 947 1480 poeticailla

98 1494 254 1563 figmenta3
269 1492 333 1563 quis
355 1508 413 1546 nou
428 1493 521 1547 videat
535 1493 605 1564 quid
629 1510 817 1566 responsurus
832 1497 877 1562 sit,
895 1498 944 1570 qui

100 1597 159 1636 non
173 1584 216 1635 est
230 1581 344 1651 penitus
358 1580 464 1634 oblitus
479 1581 543 1636 sui‘l
559 1584 712 1638 Peccabam
722 1600 790 1656 ergo
804 1602 950 1656 puercum

99 1669 150 1723 illa
164 1669 260 1724 inania
274 1668 335 1723 istis
358 1668 521 1724 utilioribus
546 1686 645 1725 amore
668 1673 883 1743 praeponebam,
906 1674 949 1727 vel

99 1757 194 1828 potius
208 1758 262 1812 ista
285 1758 412 1824 oderam,
429 1759 479 1813 illa
493 1760 635 1814 amabam.
659 1761 790 1816 Jamrero
806 1777 897 1815 arnum
923 1764 951 1815 ct

100 1863 190 1900 unum
206 1847 274 1915 drro,
291 1848 346 1901 duo
371 1853 399 1901 et
413 1847 472 1902 duo
491 1853 624 1919 quatuor,
642 1849 740 1904 odiosa
764 1849 857 1903 enutio
878 1849 950 1903 mihi

99 1939 173 2002 eral3
189 1939 217 1989 el
230 1936 428 1991 dulcissimum
445 1939 640 2007 spectaculum
656 1936 788 1992 vanitatis
802 1954 894 2009 equus
916 1938 949 1992 li·

99 2037 189 2092 gneus
199 2023 438 2092 plenusurruatis,
451 2030 479 2079 et
488 2024 758 2095 Trojaeineendiom,
767 2030 852 2096 atque
861 2024 950 2096 ipsius

100 2110 202 2164 umbra
215 2111 327 2166 Creusoe
343 2112 465 2181 (AEneid.
481 2114 525 2181 ιι).

429 2201 542 2255 CAPUT
555 2202 623 2255 lilV.

349 2288 468 2343 Litteras
480 2304 582 2356 braccas
597 2289 701 2344 odeat.

135 2377 180 2430 23.
202 2376 258 2431 Cur
279 2391 347 2446 crgo
361 2393 485 2448 grecam
501 2377 586 2432 etiam
601 2376 818 2449 grammaticam
832 2377 950 2432 oderam

102 2464 170 2518 talio
200 2464 381 2519 cantantem?
409 2466 481 2520 Nam
505 2470 531 2520 et
556 2466 695 2520 Homerus
725 2464 834 2536 peritus
857 2470 951 2519 texere

101 2553 173 2607 tales
194 2552 320 2620 labellus,
341 2557 369 2607 et
392 2553 554 2609 dulcissime
577 2571 667 2608 vanus
692 2559 745 2623 est,
769 2554 888 2608 etmihi
910 2557 951 2608 ta·

104 2658 172 2695 men
195 2657 308 2695 emarus
323 2646 385 2697 erat
399 2659 498 2714 puero.
518 2643 608 2697 Credo
626 2642 715 2697 etiam
735 2641 834 2712 gracie
855 2643 952 2713 pueris

102 2729 237 2801 Virgilius
252 2729 291 2784 ita
305 2730 350 2795 sit,
364 2747 427 2785 cum
440 2747 506 2786 cum
522 2731 562 2785 sic
576 2731 683 2786 discere
695 2735 818 2802 coguntu
824 2747 846 2798 r,
858 2740 890 2785 ut
900 2747 952 2802 ego

101 2818 194 2873 illum.
235 2818 370 2874 Videlicet
404 2820 556 2874 dillicultas
588 2819 609 2887 ¹,
635 2820 753 2875 omniuo
793 2820 952 2875 ediscenda

102 2907 260 2978 peregrinae
275 2907 392 2979 linguas,
410 2909 490 2979 quasi
505 2908 570 2962 lelle
586 2909 753 2980 aspergebat
767 2925 873 2984 omnes,
887 2925 952 2963 sua·

102 2995 201 3050 ritates
219 3012 325 3067 grecas
339 2998 534 3053 fabulosarum
553 2997 761 3053 narrationum.
778 2998 861 3053 Nulla
875 2998 953 3052 enim

101 3085 187 3139 rerba
202 3085 251 3139 illa
274 3101 419 3154 noveram,
435 3091 464 3141 ct
477 3086 559 3141 saevis
574 3087 730 3141 terroribus
754 3103 786 3141 ae
804 3086 897 3158 poenis
922 3090 953 3142 nt

101 3188 214 3226 nossem
230 3172 389 3227 instabatur
414 3174 486 3228 milri
508 3174 702 3229 uehementer.
720 3175 791 3229 Num
815 3180 844 3229 et
863 3175 954 3229 latina

103 3260 257 3332 aliquando
272 3260 365 3314 infans
380 3262 479 3333 utique
494 3264 574 3317 nulla
585 3278 739 3329 noveram;
757 3267 891 3318 ettamen
906 3263 954 3318 nd·

102 3349 238 3403 remando
262 3349 349 3424 didici
363 3350 424 3404 siue
439 3351 499 3405 ullo
518 3355 597 3406 metu
622 3355 705 3423 atque
720 3351 858 3417 cruciatu,
879 3351 954 3406 inter

102 3438 188 3493 etiarn
204 3438 398 3494 blandimenta
413 3441 570 3508 nutricum,
594 3445 622 3494 et
633 3440 696 3510 joca
711 3439 909 3508 arridentium,
926 3445 954 3495 et

102 3526 420 3584 laetitiasalludentium.
437 3529 600 3584 llidicirero
611 3529 660 3584 illa
677 3529 851 3600 siuepoenali
866 3545 954 3584 onere

102 3616 278 3686 turgentium,
299 3634 365 3672 curu
381 3634 426 3673 me
444 3624 561 3691 urgeret
585 3636 633 3674 cor
654 3635 751 3674 meum
766 3619 801 3674 ad
815 3618 955 3689 parienda

102 3710 238 3776 concepta
259 3723 320 3771 sua,
337 3724 401 3779 qum
419 3724 478 3763 non
497 3724 611 3779 possem
625 3707 648 3777 ¹,
672 3709 728 3763 nisi
749 3708 845 3779 aliqua
867 3708 955 3762 verba

102 3792 274 3859 didicissem,
299 3811 356 3849 non
381 3811 396 3849 a
420 3796 597 3863 docentibus,
614 3797 662 3851 sed
678 3813 694 3850 a
709 3796 902 3867 loquentibus,
924 3796 954 3849 in

100 3896 225 3950 quorum
247 3886 345 3952 elego
365 3882 483 3937 auribus
504 3884 699 3954 parturiebam
728 3884 872 3955 quidquid
893 3900 955 3938 sen·

100 3968 216 4022 tiebam.
234 3969 303 4023 llinc
318 3970 385 4023 satis
400 3972 492 4025 eliscet
506 3972 644 4042 majorem
663 3972 769 4025 babere
784 3971 840 4027 rim
862 3973 897 4026 ad
909 3972 953 4026 di·

103 4057 205 4111 scenda
217 4057 271 4112 ista
286 4058 407 4113 liberam
425 4059 629 4122 curiositatem,
647 4077 734 4132 quom
757 4060 955 4115 meticulosam

102 4147 311 4201 necessitatem.
327 4147 382 4202 Sed
398 4147 474 4202 illius
490 4148 599 4202 llurum
615 4149 676 4203 hmo
686 4149 952 4220 restringitlegibus

103 4235 170 4302 tuis,
188 4236 273 4304 Deus,
290 4235 401 4307 legibus
422 4236 510 4291 tuisa
528 4238 732 4308 magistrorum
752 4238 850 4293 lerulis
864 4254 955 4309 nsque

104 4323 139 4377 ad
157 4324 327 4379 tentationes
340 4329 510 4397 martyrum,
528 4327 689 4381 valentibus
704 4327 814 4399 legibus
829 4326 885 4382 tuis
899 4327 955 4381 rui·

104 4428 181 4467 scere
208 4414 334 4469 salubres
355 4413 572 4479 amaritudines,
595 4421 759 4471 revocantes
778 4433 832 4471 nos
847 4416 883 4471 ad
897 4421 956 4471 toa

104 4500 285 4569 jucunditate
297 4503 442 4575 pestilera,
458 4505 527 4576 quia
539 4505 708 4559 recessimus
722 4521 739 4559 a
752 4508 780 4559 te
799 4501 819 4559 ⁸.

426 4612 540 4668 CAPUT
561 4613 616 4668 XV.

392 4703 514 4756 Precatio
529 4699 567 4755 od
580 4703 673 4756 Βιιιηι.

140 4784 184 4839 et.
202 4784 317 4852 Exaudi,
336 4789 466 4857 domine,
483 4789 715 4862 deprecationem
730 4804 835 4855 meam,
850 4803 886 4842 ue
905 4787 956 4843 de·

105 4871 182 4927 ficiat
196 4873 292 4927 anima
307 4891 371 4930 mea
391 4878 445 4933 sub
465 4878 615 4951 disciplina
637 4883 700 4946 tue;
718 4893 811 4949 neque
825 4876 956 4933 delicium

105 4962 134 5016 in
159 4962 320 5017 conlitendo
349 4965 398 5020 ubi
414 4967 613 5023 miserationes
638 4973 712 5036 tuas,
732 4967 837 5038 quibus
857 4964 957 5020 eruisti

108 5068 152 5106 me
168 5051 203 5107 ab
217 5053 350 5108 carnibus
365 5054 416 5108 riis
431 5056 501 5110 meis
514 5057 659 5129 pessimis;
676 5060 708 5111 ut
727 5056 871 5112 dulcescas
885 5053 957 5108 mibi

142 5185 149 5218 ¹
166 5179 205 5227 lta
229 5177 290 5227 Mes.
312 5179 525 5242 praestantiores:
542 5184 569 5228 at
581 5180 643 5230 Lor.
663 5183 688 5230 et
703 5179 776 5236 Aru„
796 5176 954 5242 districtior,

107 5240 264 5311 difficultas.
286 5267 316 5276 -
331 5239 496 5305 Difficulter.
513 5244 543 5292 ln'
578 5243 666 5292 cultas
677 5243 753 5306 juxta
767 5241 865 5291 Somm.
880 5242 955 5290 lllurt.

108 5322 169 5358 cum
185 5310 198 5355 5
215 5305 280 5354 cdd.
295 5304 326 5352 Et
340 5303 425 5353 llond.
440 5317 500 5353 cum
515 5306 528 5352 3
566 5306 609 5353 dd.
621 5305 654 5353 lll.

137 5370 216 5418 raras.
232 5368 333 5431 aliquot
342 5381 402 5416 cum
413 5366 476 5416 Aru.
488 5381 493 5414 :
507 5367 539 5415 Et
550 5367 616 5431 quia
627 5367 753 5417 nenessct
765 5368 824 5426 unt,
840 5365 884 5416 alii
892 5378 957 5414 non-

106 5433 173 5481 uulll
186 5446 191 5480 :
206 5435 233 5482 et
244 5443 303 5494 qna
315 5433 468 5480 manasset
480 5431 539 5479 ubl.

140 5497 150 5528 ³
173 5493 258 5542 Roud.
268 5507 327 5541 cnm
343 5492 402 5542 lCd
415 5493 431 5540 1.
443 5507 448 5539 :
464 5495 658 5541 lteremeromns
670 5504 686 5540 u
700 5491 768 5542 tell.

704 225 974 284 conressrnsuu
994 225 1021 282 a.
1043 190 1247 284 arrousr'rnr.
1805 230 1848 283 eu

1001 384 1088 439 super
1101 383 1200 423 omnes
1216 367 1395 423 seductiones
1409 382 1480 440 quas
1495 365 1654 438 sequebar;
1669 371 1698 423 et
1713 383 1809 424 ament
1827 375 1848 425 tc

1000 457 1172 512 validissime
1187 462 1216 511 et
1226 458 1372 529 amplexer
1384 472 1500 511 manum
1513 461 1596 511 tuam
1609 456 1677 511 tetis
1689 458 1847 527 praecordiis

1002 546 1083 612 meis,
1100 551 1219 601 eternas
1236 562 1281 600 rne
1296 546 1418 601 ubomui
1433 545 1596 600 tentatione
1608 561 1699 615 usque
1714 545 1848 602 inlinens.

1003 637 1070 690 Ecce
1085 636 1162 690 euim
1176 642 1217 701 tu,
1241 635 1369 705 liomine,
1391 651 1440 690 rex
1456 650 1535 688 meus
1548 638 1577 688 et
1601 634 1677 689 lleus
1690 649 1785 704 meus,
1805 635 1851 691 tibi

1002 722 1104 777 serviat
1119 722 1257 794 quidquid
1281 721 1351 776 utile
1368 737 1441 793 liner
1456 720 1560 786 didici;
1587 720 1640 775 tibi
1664 721 1769 776 serviat
1783 724 1850 794 qnod

1002 810 1112 883 loquor,
1129 815 1156 865 et
1171 811 1274 879 scribo,
1289 814 1318 864 et
1333 811 1408 882 lego,
1432 813 1460 863 et
1476 825 1612 864 numero:
1636 808 1777 880 quoniam
1792 826 1850 867 cum

1001 915 1075 953 rana
1091 898 1240 965 discerem,
1255 903 1285 953 tu
1300 897 1481 968 disciplinam
1497 896 1584 952 dahas
1601 896 1691 964 mihi3
1714 901 1743 951 et
1768 897 1797 951 iu
1815 898 1851 952 eis

1001 988 1081 1041 vanis
1097 992 1210 1057 peecata
1231 987 1451 1041 delectationum
1468 1001 1599 1040 mearum
1620 985 1757 1040 dimisisti
1772 985 1846 1042 mihi.

1004 1074 1094 1128 ilidiei
1108 1075 1186 1127 euim
1200 1074 1230 1128 in
1255 1074 1294 1128 cis
1310 1075 1400 1128 multa
1414 1073 1500 1128 verba
1520 1072 1613 1140 utilia,
1629 1073 1723 1127 sedet
1740 1088 1803 1144 qua
1824 1073 1850 1128 in

1004 1163 1087 1217 rebus
1111 1179 1168 1217 nou
1182 1162 1261 1215 vanis
1285 1161 1354 1217 disci
1368 1165 1500 1234 postuut:
1517 1165 1546 1215 et
1562 1176 1596 1216 ea
1609 1160 1669 1215 rita
1690 1164 1755 1216 tuta
1769 1165 1811 1215 cst
1824 1160 1850 1216 iu

1005 1266 1060 1321 qua
1074 1249 1158 1320 pueri
1173 1249 1362 1305 ambularent
1650 1250 1655 1259 ’

1328 1338 1441 1393 CAPUT
1469 1338 1537 1393 llVl.

1127 1428 1264 1497 improbat
1281 1427 1389 1482 modum
1401 1427 1735 1496 juventutiserreiieudae.

1038 1519 1083 1571 25.
1098 1516 1153 1571 Sed
1178 1532 1220 1570 ιω
1243 1516 1305 1581 tibi,
1327 1517 1435 1570 dulmen
1452 1516 1540 1570 moris
1566 1515 1705 1571 humanit
1730 1514 1798 1581 Quis
1812 1531 1850 1570 re-

1004 1604 1084 1658 sistet
1097 1604 1173 1659 tibi?
1187 1605 1328 1675 quamdiu
1339 1620 1397 1658 nou
1411 1602 1581 1658 siccaberis?
1593 1619 1749 1676 quousque
1763 1603 1850 1658 rolres

1005 1697 1067 1751 Evae
1085 1695 1156 1750 lilios
1171 1696 1201 1750 in
1220 1711 1299 1750 mare
1316 1710 1452 1766 magnum
1473 1697 1503 1748 et
1524 1694 1758 1760 formidolosum,
1782 1693 1850 1764 quod

1003 1786 1047 1838 rix
1070 1789 1220 1838 transeunt
1234 1784 1284 1855 qui
1300 1783 1410 1855 lignum
1432 1782 1670 1837 conscenderint?
1687 1783 1786 1836 Nonne
1803 1797 1848 1852 eqo

1003 1874 1033 1928 iu
1056 1878 1083 1928 te
1101 1872 1157 1943 legi
1179 1877 1208 1928 et
1232 1877 1378 1927 tonantem
1401 1873 1500 1926 torem
1524 1875 1553 1926 et
1567 1870 1800 1926 adulterantem?
1824 1871 1851 1924 lit

1004 1962 1103 2034 utique
1119 1978 1177 2015 nou
1191 1967 1287 2032 posset
1298 1963 1358 2016 haec
1372 1960 1444 2028 dno;
1456 1961 1609 2016 seductum
1625 1963 1680 2028 ost,
1696 1963 1728 2014 ut
1742 1959 1850 2014 haberet

1003 2049 1201 2104 alletoritatem
1216 2050 1251 2104 ad
1262 2049 1435 2105 imitandum
1450 2065 1551 2104 vorum
1565 2047 1755 2115 adulterium,
1780 2048 1849 2102 leno·

1004 2138 1118 2192 einaute
1129 2138 1198 2192 laiso
1210 2138 1347 2192 tonitruo.
1364 2137 1432 2203 Quis
1443 2142 1539 2193 autern
1555 2137 1761 2209 penulatorum
1772 2134 1850 2208 magi·

1004 2231 1128 2281 strorum
1138 2227 1217 2281 audit
1226 2242 1295 2280 aure
1305 2226 1411 2292 sobria,
1421 2241 1454 2280 ex
1467 2226 1571 2281 eodem
1581 2225 1701 2296 pulvere
1711 2224 1849 2280 homiuem

1004 2313 1176 2368 clamantem
1204 2319 1233 2368 et
1252 2314 1408 2369 dicentem:
1434 2314 1568 2382 Finqcbot
1591 2317 1647 2368 taec
1673 2315 1815 2381 Hom,
1832 2314 1851 2364 et

1006 2403 1124 2456 bumana
1139 2402 1176 2455 od
1190 2405 1256 2457 Dens
1271 2401 1468 2468 transfercbot3
1485 2401 1580 2456 diuino
1602 2401 1714 2456 mallem
1738 2400 1776 2454 ud
1792 2401 1852 2455 aas?

1007 2492 1122 2558 (Cicero,
1139 2491 1245 2545 Tuscul.
1271 2491 1307 2559 l.)
1329 2489 1383 2544 Sed
1403 2489 1497 2544 verius
1513 2489 1617 2543 dieitur
1639 2488 1720 2560 quod
1735 2488 1850 2559 lingebat

1005 2579 1067 2633 hmo
1085 2578 1201 2667 quidem
1216 2578 1280 2644 ille;
1296 2579 1345 2632 sed
1358 2578 1524 2633 hominibus
1534 2576 1687 2650 flagitiosis
1703 2576 1799 2632 diviua
1813 2576 1851 2631 tri·

1005 2667 1131 2735 truendo,
1144 2683 1180 2721 ne
1194 2666 1303 2737 flagitia
1312 2666 1601 2739 flagitiaputareutur
1612 2668 1634 2735 ¹,
1645 2670 1675 2720 et
1685 2670 1718 2720 ut
1731 2665 1848 2737 quisquis

1006 2772 1039 2811 ea
1055 2755 1175 2822 lecisset,
1191 2771 1249 2809 non
1268 2755 1400 2810 homiues
1419 2753 1556 2825 perditos,
1573 2753 1624 2809 sed
1643 2754 1775 2809 coelestes
1794 2753 1849 2809 deos

1005 2843 1152 2898 rideretur
1168 2843 1308 2900 imitatus.

1041 2933 1089 2987 td.
1109 2932 1141 2985 Et
1155 2935 1261 2998 tamen,
1280 2931 1417 3011 ollumeu
1437 2934 1603 2996 tartareum,
1617 2931 1768 3003 jactantur
1781 2930 1810 2985 iu
1828 2933 1848 2983 te

1007 3036 1058 3091 filii
1073 3036 1235 3108 homiuum,
1258 3054 1325 3093 cum
1346 3038 1523 3093 mercedibus
1549 3041 1579 3092 ut
1599 3037 1662 3092 haec
1682 3038 1808 3104 discant;
1827 3039 1849 3089 et

1008 3141 1169 3196 magnares
1185 3126 1290 3197 agitur,
1311 3142 1375 3181 curn
1393 3127 1446 3181 hoc
1461 3125 1557 3197 agitur
1567 3125 1684 3196 publice
1698 3125 1732 3180 iu
1747 3124 1815 3191 ioco,
1826 3122 1848 3177 iu

1007 3218 1162 3285 conspectu
1184 3216 1281 3286 legum
1297 3231 1385 3286 supra
1398 3214 1559 3270 mercedem
1579 3213 1686 3269 salaria
1701 3213 1847 3268 decernen-

1008 3302 1096 3368 tium;
1112 3306 1141 3357 et
1151 3320 1217 3358 saxa
1227 3308 1276 3357 tua
1291 3303 1451 3375 percutiset
1465 3318 1548 3357 sonas
1559 3301 1678 3357 dicens:
1696 3299 1848 3356 lliucverln

1008 3391 1166 3457 discuntur,
1190 3390 1256 3445 hinc
1273 3389 1431 3462 acquiritur
1451 3388 1618 3461 eloquentia
1642 3389 1731 3444 rebus
1747 3402 1849 3460 persua·

1008 3478 1108 3534 dandis
1131 3478 1337 3549 sententiisque
1352 3477 1527 3549 explicandis
1539 3477 1665 3532 maxime
1688 3473 1848 3532 necessaria

1008 3569 1051 3621 Ita
1069 3584 1135 3622 vero
1150 3584 1206 3623 nou
1222 3582 1455 3637 cognosceremus
1476 3565 1562 3620 verba
1577 3565 1649 3633 haee,
1669 3564 1795 3620 imbrem
1808 3577 1848 3617 an·

1008 3673 1101 3724 reum,
1116 3662 1143 3712 et
1156 3657 1309 3729 gremium,
1325 3660 1353 3709 et
1369 3656 1475 3722 lucum,
1493 3661 1520 3710 et
1535 3655 1644 3726 templa
1665 3655 1743 3721 coeli,
1759 3660 1787 3709 et
1806 3652 1851 3707 alia

1008 3744 1093 3799 rerba
1104 3762 1167 3818 quos
1177 3745 1207 3800 in
1221 3762 1255 3799 eo
1267 3745 1330 3799 loco
1340 3745 1454 3817 scripta,
1464 3750 1540 3808 snut,
1555 3744 1610 3798 uisi
1619 3744 1774 3799 Terentius
1783 3741 1850 3797 indu·

1008 3838 1084 3888 cerat
1094 3834 1648 3905 nequamadolescentempropouentem
1656 3827 1850 3887 sibiluremud

1008 3923 1172 3993 exemplum
1188 3922 1289 3994 stupri,
1300 3923 1370 3979 ditm
1384 3927 1492 3993 spectat
1506 3922 1633 3977 tabulam
1647 3921 1802 3993 qnamdam
1816 3917 1849 3989 pi

1009 4014 1083 4064 etam
1098 4010 1127 4065 in
1144 4010 1264 4081 pariete,
1281 4011 1329 4065 ubi
1352 4011 1446 4066 iuerat
1468 4010 1579 4082 pictura
1593 4010 1672 4065 haec:
1698 4012 1789 4065 quen
1809 4020 1850 4077 qut

1007 4103 1086 4167 pecto
1096 4102 1196 4155 Dalana
1205 4102 1309 4155 misine
1320 4103 1400 4154 eiurat
1414 4103 1444 4154 in
1454 4101 1585 4167 premium
1596 4098 1738 4167 quondum
1752 4097 1851 4152 euim

1009 4189 1231 4255 dorsumdurum
1239 4189 1344 4254 sactum
1355 4189 1483 4242 mulieri?
1496 4187 1529 4241 Et
1537 4185 1600 4241 vide
1610 4184 1849 4258 quemadmodum

1009 4291 1038 4328 se
1049 4275 1172 4330 concitat
1187 4276 1223 4331 ad
1233 4275 1393 4342 libidinem,
1410 4276 1491 4347 quasi
1505 4272 1614 4329 coelesti
1629 4273 1808 4344 magisterio:

1008 4361 1042 4410 llt
1058 4375 1135 4424 quem
1153 4360 1232 4411 derum
1251 4361 1373 4427 linquid?
1384 4360 1434 4418 Qui
1456 4360 1552 4424 templa
1573 4359 1634 4410 eoeli
1654 4373 1762 4410 summa
1775 4357 1852 4409 souitu

1009 4522 1062 4582 Epo
1076 4445 1262 4570 omicidia
1280 4535 1334 4571 uon
1345 4521 1475 4570 lacerem?
1490 4520 1544 4584 ligo
1561 4533 1624 4570 vero
1636 4520 1687 4570 leci
1704 4519 1774 4570 illud
1784 4519 1818 4569 tta
1827 4528 1854 4565 ae

1102 4600 1205 4651 lubens.

1318 4679 1357 4744 (tn
1375 4676 1517 4737 daumio,
1531 4681 1583 4729 ort.
1595 4676 1622 4735 3,
1637 4689 1710 4730 nen.
1736 4679 1771 4741 5.)

1044 4761 1106 4814 Non
1119 4760 1238 4815 omuino
1253 4776 1305 4832 per
1318 4760 1390 4815 hauc
1400 4759 1609 4832 turpitudinem
1623 4758 1712 4814 rerba
1721 4759 1776 4814 ista
1787 4771 1856 4812 eom·

1009 4848 1121 4904 modius
1135 4848 1301 4914 discuntur3
1318 4848 1367 4903 sed
1383 4865 1434 4920 par
1448 4849 1509 4903 haec
1525 4847 1611 4901 rerba
1632 4846 1786 4919 turpitudo
1804 4844 1854 4899 ista

1009 4937 1197 4993 confidentius
1208 4942 1400 5009 perpetratur.
1414 4938 1477 4992 Non
1486 4935 1692 5002 accusarerba,
1705 4935 1856 5008 quasiress

1009 5028 1098 5082 electa
1109 5032 1195 5099 atque
1209 5026 1351 5097 pretiosa;
1377 5026 1426 5081 sed
1439 5026 1538 5080 vinnm
1553 5023 1660 5079 erroris
1674 5025 1755 5097 quod
1771 5024 1802 5078 iu
1820 5019 1855 5075 eis

1010 5117 1091 5170 nobis
1103 5116 1309 5187 propinabatur
1323 5115 1359 5169 ab
1374 5115 1460 5169 ebriis
1475 5112 1657 5169 doctoribus:
1672 5119 1701 5168 et
1716 5109 1854 5169 nisibibe·

1010 5208 1116 5272 relnus,
1136 5203 1326 5270 credebamur,
1351 5219 1402 5258 uec
1426 5203 1569 5274 appellare
1588 5200 1719 5273 aliquem
1738 5200 1853 5274 iudicem

1010 5292 1138 5348 sobrium
1151 5292 1264 5348 licebat.
1281 5293 1313 5347 Et
1327 5296 1424 5347 tamen
1439 5308 1503 5361 ego,
1519 5292 1594 5346 Deus
1617 5306 1710 5359 meus,
1728 5290 1760 5346 iu
1783 5285 1853 5358 cujus

1011 5386 1168 5454 conspectu
1174 5382 1234 5453 jam
1249 5397 1348 5437 secura
1356 5386 1399 5436 est
1410 5379 1570 5436 recordatio
1582 5394 1658 5447 mea,
1670 5379 1793 5435 libenter
1801 5375 1852 5431 hac

1043 5491 1050 5522 ¹
1068 5488 1143 5552 Apud
1161 5489 1222 5538 Lor.
1234 5503 1240 5537 t
1252 5490 1291 5539 Ne
1301 5487 1410 5551 [inpilia
1420 5490 1593 5551 putarentur.
1608 5485 1666 5534 Non
1684 5484 1793 5547 integre.
