3884 6112
90 233 143 286 its

84 349 184 420 larius,
204 349 280 406 tradi
298 364 316 403 a
338 347 512 421 quibusdam
531 345 606 417 apud
627 344 777 416 Syracusas
790 357 863 397 nora
878 341 940 396 baec

86 443 231 514 dogmata,
257 441 337 494 Posse
361 451 416 492 csse
444 438 574 491 bominem
597 436 655 489 sine
676 436 795 503 peccato,
820 435 846 486 et
864 445 939 485 man·

88 532 157 596 data
170 531 220 585 Dei
232 529 314 594 facile
333 526 478 593 utslodire,
495 527 519 578 si
533 517 615 589 uelit:
631 525 764 591 infantem
778 536 831 575 non
846 520 940 590 bapti-

88 624 180 674 zatum
195 621 280 671 morte
299 619 465 680 praeoentum
486 629 538 667 non
551 626 630 682 posse
647 612 736 681 perire
749 611 855 678 merito,
871 623 938 678 quo·

88 710 164 763 triam
188 710 245 760 sine
265 708 375 774 peccato
396 703 528 756 noscitur.
551 701 667 754 Diuitem
684 701 835 752 manentem
848 698 878 751 in
893 697 940 751 di-

89 798 166 851 oitiis
190 796 258 858 suis,
279 807 390 861 requam
416 791 462 844 liri
484 803 536 842 non
549 802 626 856 posse
645 785 763 854 inpredi,
779 787 835 840 nisi
850 787 940 840 omnia

90 899 142 939 sna
169 882 340 946 uerrdiderit3
376 895 423 933 nec
452 877 580 948 prodesse
603 875 688 929 eidem
708 889 796 945 posse,
820 876 846 929 si
870 876 941 942 torte

89 988 123 1026 aa
149 973 218 1040 ipsis
250 969 357 1023 diuitiis
384 965 517 1020 mandata
539 966 645 1033 fecerit,
668 967 735 1030 111,
759 963 794 1018 11
815 962 860 1017 his
882 965 940 1018 Au-

91 1059 238 1131 gustinum
263 1055 420 1121 consuluit;
444 1069 596 1126 persuasus
614 1051 705 1123 ipsius
727 1052 828 1123 gratie,
844 1051 872 1106 id
889 1055 939 1118 est,

94 1162 227 1203 concessa
252 1145 278 1199 ei
301 1143 439 1199 divinitus
462 1142 497 1196 ad
521 1140 681 1196 docendum
700 1141 843 1206 facultate,
872 1156 940 1210 quae,

90 1237 140 1303 ait,
156 1235 279 1290 omnibus
298 1238 362 1287 nota
378 1237 425 1287 cst.
443 1231 513 1285 Hinc
531 1229 609 1284 enim
625 1245 737 1284 summa
752 1244 819 1284 11111
833 1230 941 1300 pollere
965 1299 969 1306 Ι

89 1323 267 1389 auctoritate,
294 1320 455 1393 siguificare
475 1318 588 1373 videtur
610 1318 672 1372 istis
692 1318 786 1373 verbis
811 1335 818 1373 :
842 1321 880 1373 De
899 1320 941 1374 bis

89 1414 214 1470 omnibns
225 1425 300 1478 rapo,
312 1410 422 1479 quantis
431 1409 506 1462 uoleo
516 1408 653 1477 precibus,
668 1408 844 1463 Sanctitatem
855 1411 940 1475 tuam,

90 1508 122 1558 ut
133 1501 232 1571 jubeas
252 1514 300 1553 uos
316 1499 438 1568 apertius
454 1498 566 1564 instrui,
583 1511 635 1565 quo
646 1498 797 1551 noverimus
811 1501 942 1566 quatenus

90 1591 191 1644 sentire
212 1587 355 1641 debeamus
381 1585 483 1655 (Epist.
510 1583 579 1653 156).
602 1584 791 1650 Quamobrem
808 1584 941 1657 Augusti·

93 1694 158 1746 1111,
181 1679 368 1746 posteaquam
392 1673 502 1728 affatim
517 1672 660 1744 explicuit,
677 1674 795 1745 quidde
817 1673 872 1728 illis
887 1675 941 1728 Pe·

92 1762 427 1836 lagianisquaestiouibus
438 1765 730 1833 censeretzlccepisti,
741 1763 944 1834 ait,quodmibi

92 1854 203 1911 uidetur
220 1872 226 1908 ε
240 1854 334 1908 melius
345 1858 483 1923 exponant
493 1855 547 1907 ista
556 1854 692 1915 meliorest
705 1869 757 1909 noa
768 1856 816 1908 isti
830 1869 943 1923 quornm

16 1975 19 1978 -
90 1945 152 2014 jorn
165 1943 231 1997 noui
242 1944 403 1996 seutentiam
414 1941 624 2012 reprobandam,
635 1941 683 1996 sed
693 1943 743 1996 olii
752 1945 800 2011 qui
812 1944 944 1997 1111111111

90 2034 214 2102 possunt.
238 2032 309 2087 llam
331 2033 357 2084 et
375 2045 422 2098 eqo
439 2031 567 2099 paratior
590 2045 649 2084 sum
669 2030 781 2096 discere,
798 2046 880 2099 quam
892 2031 944 2086 do-

93 2134 164 2185 cere3
183 2121 209 2172 et
231 2121 261 2172 tu
274 2132 403 2184 mapnum
417 2119 536 2185 11111111
551 2118 714 2188 beneficium,
733 2121 758 2173 si
770 2134 802 2173 ea
815 2135 874 2188 qna
888 2121 944 2174 illic

95 2207 232 2261 asonctis
253 2206 391 2273 tratribus
409 2206 540 2262 adversus
555 2209 669 2262 istorum
683 2208 842 2277 vaniloquia
862 2209 944 2264 disse·

96 2298 204 2362 cuntur,
216 2310 270 2350 non
283 2310 325 2350 me
338 2296 427 2362 samos
442 2297 568 2363 ipnorare
578 2295 677 2367 (Epist.
696 2299 756 2364 157,
770 2311 799 2351 n.
815 2298 873 2368 11).

419 2383 532 2439 CAPUT
551 2385 624 2439 Vlll.

101 2479 112 2531 1
140 2474 243 2530 Psalmi
262 2473 355 2544 plures
381 2477 439 2528 tum
464 2488 535 2528 auno
558 2474 661 2530 cbristi
680 2472 946 2542 quadrinpentesimo

135 2564 236 2618 decimo
262 2565 367 2632 quinto,
389 2566 445 2617 tum
463 2566 526 2616 ante
538 2564 666 2633 expositi.
681 2566 698 2617 i
714 2564 825 2619 Orosius
836 2563 947 2633 presby·

133 2656 174 2707 ter
187 2651 222 2707 ab
237 2656 358 2707 entrema
370 2653 507 2722 Hispania
519 2654 593 2706 uenit
605 2652 642 2706 ad
655 2652 849 2719 Aupnstinum.
866 2655 882 2707 3
897 2654 947 2706 Hic

131 2743 207 2797 illius
229 2743 422 2797 consultationi
434 2743 559 2808 tacturus
572 2743 640 2796 salis
655 2740 756 2797 librum
778 2745 872 2796 contra
885 2742 946 2796 Pri-

134 2830 312 2886 scillionistas
331 2834 356 2883 et
370 2831 536 2899 Oriqenistas
551 2831 705 2887 conscribit.
719 2833 736 2886 1
751 2831 874 2887 Orosinm
888 2845 947 2885 cum

135 2921 191 2975 suis
215 2919 321 2988 aliquot
343 2920 535 2989 scriptionibus
557 2922 644 2975 mittit
659 2919 696 2974 ad
710 2922 911 2988 Hieronymum,
931 2934 948 2972 a

134 3023 187 3077 quo
209 3008 314 3062 edoceri
331 3007 365 3061 de
376 3011 474 3062 animae
486 3010 636 3078 presertim
650 3009 755 3075 oripine
769 3009 852 3077 cupit.
868 3010 883 3062 5
907 3007 949 3061 Ti·

134 3097 251 3150 masium
265 3098 291 3148 et
308 3096 436 3150 iacobum
454 3101 560 3152 reuocat
574 3096 609 3150 ab
624 3111 713 3151 errore
724 3097 840 3164 Pelopit,
855 3099 948 3151 contra

137 3198 215 3253 quem
237 3183 395 3252 opusculum
416 3183 473 3237 edit
495 3183 528 3238 de
551 3185 658 3240 Natura
684 3188 709 3238 et
733 3184 840 3241 Gratia.
866 3187 881 3240 6
903 3185 949 3240 Ad

138 3273 253 3341 quesita
272 3270 397 3341 quadam
418 3272 526 3333 Euodii,
548 3286 631 3341 eoque
642 3274 791 3342 precipua,
808 3272 950 3343 respondet

135 3375 185 3431 per
199 3360 304 3429 aliquot
317 3359 453 3429 epistolas.
478 3363 493 3414 7
509 3360 621 3414 Libram
640 3360 673 3415 de
689 3362 854 3429 Perseclione
864 3361 948 3430 justi-

136 3450 306 3505 tiaebomines
321 3450 465 3519 componit.

140 3541 162 3593 l.
188 3538 220 3592 lu
239 3536 358 3610 epistola
373 3538 407 3593 ad
424 3535 561 3592 Evodium
576 3537 630 3592 hoc
646 3540 770 3592 11111111
785 3552 861 3591 auno
882 3552 950 3608 qua·

104 3627 329 3700 dringentesimo
353 3626 464 3682 decimo
478 3626 578 3698 quinto
598 3626 664 3681 data
679 3626 764 3681 variae
775 3629 949 3682 commenta-

103 3718 193 3772 tiones
207 3719 354 3782 uotautur,
368 3731 439 3787 quas
452 3715 640 3786 Augustinus,
652 3718 685 3769 ut
698 3715 759 3786 ipse
773 3716 869 3783 tradit,
884 3719 949 3771 aute

104 3805 221 3870 Pascha,
245 3820 277 3857 11
297 3803 358 3873 jam
380 3802 548 3858 imminente
563 3802 788 3874 Quadragesima
802 3804 949 3876 incoeptas,

105 3895 172 3946 tuuc
196 3891 334 3962 temporis
355 3889 390 3944 ad
408 3890 576 3945 umbilicum
597 3890 753 3946 adduxerat
768 3893 864 3962 (Epist.
889 3895 949 3959 1111,

103 3998 131 4036 n.
159 3981 185 4050 1)
208 3979 306 4033 labis
328 3981 423 4033 autem
439 3979 525 4033 libros
545 3979 626 4045 duos,
648 3964 910 4051 quartum'scilicet
924 3984 952 4035 et

104 4069 236 4141 quintum
251 4068 286 4123 de
297 4066 415 4124 Ciuitate
425 4066 486 4134 Dei,
501 4071 644 4122 memorat
659 4084 666 4123 :
682 4068 786 4140 quibus
800 4069 877 4124 addit
891 4085 948 4141 per·

106 4159 214 4231 amplas
234 4173 252 4212 a
273 4173 303 4211 se
323 4156 440 4212 dictatas
461 4156 639 4212 Psalmorum
660 4157 828 4229 sexagesimi
853 4158 950 4229 primi,

716 219 796 273 vua
815 217 842 272 S.
862 215 1052 298 auuusmru
1074 216 1240 272 episcopt

1800 217 1849 272 171

993 341 1089 414 risque
1113 340 1279 407 bominum,
1303 338 1444 395 utilitatis.
1467 339 1500 393 lit
1523 352 1623 409 reapse
1642 336 1772 393 maximo
1785 337 1849 394 11111

994 430 1076 502 operi
1088 434 1246 485 extremam
1263 427 1404 499 imposuit
1415 443 1544 495 manum,
1560 441 1593 482 ac
1606 427 1736 482 Psalmos
1751 441 1848 484 omues

994 520 1100 592 partim
1123 518 1266 588 dictando,
1289 516 1393 588 partim
1416 515 1611 571 concionando
1626 515 1790 577 edisseruit:
1810 521 1848 572 al·

995 625 1051 681 que
1066 608 1152 664 etiam
1168 613 1197 663 11
1211 609 1265 663 hoc
1280 609 1308 662 et
1324 607 1375 661 illo
1391 605 1475 661 modo
1490 604 1652 659 nonnullos.

1030 702 1057 753 2.
1073 699 1142 753 Post
1155 700 1330 752 memoratas
1349 695 1379 749 in
1395 699 1452 749 tres
1467 694 1532 748 illos
1550 694 1680 749 Psalmos
1705 708 1848 749 commen·

996 787 1131 856 tationes,
1155 785 1304 857 subjungit
1324 783 1502 856 augustiuus
1523 783 1644 838 librosa
1664 799 1694 838 se
1713 798 1765 856 per
1780 783 1848 839 Oro·

996 877 1071 931 sium
1096 876 1271 947 Hieronymo
1295 874 1408 940 missos,
1433 876 1494 928 tum
1516 871 1607 927 alium
1628 887 1745 944 qaoque
1759 870 1849 928 111111

997 964 1105 1031 Oresio,
1133 966 1233 1021 Contra
1249 963 1474 1018 Priscillianistaa
1495 966 1521 1016 et
1544 963 1727 1030 Oripmistas,
1752 960 1847 1016 inscri-
1874 980 1879 989 ·

995 1059 1078 1126 ptum
1089 1053 1187 1125 (ibid,
1197 1070 1225 1109 n.
1236 1054 1287 1121 13).
1301 1051 1417 1109 Orosius
1427 1057 1523 1106 autem
1535 1051 1677 1122 Hispanus
1688 1050 1846 1123 presbyter,

996 1142 1046 1215 qui
1061 1147 1090 1197 et
1103 1141 1206 1197 Paulus
1220 1141 1250 1197 iu
1265 1141 1311 1210 iis,
1326 1157 1391 1213 qum
1414 1156 1448 1196 ex
1463 1140 1525 1212 ejus
1545 1139 1683 1211 operibus
1699 1139 1794 1195 adhuc
1806 1156 1847 1194 su

996 1235 1126 1305 pereunt,
1142 1231 1288 1293 vocitatur,
1300 1231 1329 1285 in
1344 1234 1470 1285 extrema
1480 1228 1847 1301 Hispania‚scilicet(tceani

996 1321 1262 1391 littore‚natuserat
1273 1319 1398 1390 11111111
1408 1322 1496 1389 Epist.
1510 1317 1666 1390 161111).
1681 1318 1709 1372 ls
1718 1332 1784 1373 cum
1794 1333 1847 1372 non

997 1409 1198 1465 communione
1213 1413 1325 1463 tantum
1339 1408 1504 1469 catholicus,
1524 1422 1624 1462 verum
1640 1405 1729 1461 eliam
1744 1406 1847 1478 pietate

998 1516 1029 1555 ac
1050 1499 1118 1555 fidei
1141 1496 1305 1554 christianae
1325 1497 1419 1552 studio
1440 1512 1593 1551 succensus
1614 1499 1700 1563 esset,
1729 1495 1848 1567 patriam

997 1605 1079 1644 suam
1090 1593 1159 1643 tunc
1173 1604 1190 1642 a
1203 1587 1334 1643 Barbaria
1346 1585 1432 1657 diripi
1442 1586 1604 1657 vastarique
1615 1585 1714 1639 minus
1730 1583 1849 1654 gemuit,

998 1692 1085 1749 quam
1094 1676 1181 1732 fidem
1192 1693 1245 1748 per
1259 1675 1408 1746 Hispanias
1422 1673 1508 1729 variis
1522 1673 1667 1729 erroribus
1678 1672 1848 1744 oppugnari.

997 1765 1101 1822 Audita
1110 1765 1198 1837 igitur
1206 1764 1359 1836 Augustini
1370 1764 1455 1831 lama,
1472 1780 1505 1818 eo
1519 1763 1634 1818 ductore
1648 1762 1685 1817 de
1699 1760 1847 1834 capitibus,

998 1852 1103 1925 quibus
1125 1853 1293 1923 angebatur,
1319 1850 1459 1923 quidquid
1480 1850 1573 1916 vellet,
1589 1849 1700 1904 discere
1715 1865 1745 1905 se
1761 1862 1848 1922 posse,

998 1956 1111 1996 necnon
1133 1957 1184 1995 suo
1207 1956 1274 2010 erga
1297 1955 1391 1993 sacras
1410 1939 1519 1993 litteras
1539 1937 1632 1993 amori
1650 1937 1688 1991 ab
1703 1936 1754 1992 illo
1769 1938 1849 2008 plene

999 2030 1200 2100 cumulateque
1216 2028 1391 2083 satisfactum
1407 2027 1444 2083 iri
1459 2025 1640 2082 existimavit.
1651 2027 1712 2081 Hoc
1722 2041 1850 2081 unacor-

999 2119 1063 2175 silio
1079 2134 1156 2183 etam,
1173 2122 1205 2173 ut
1219 2117 1250 2172 in
1265 2117 1388 2172 Africam
1404 2132 1437 2172 ex
1451 2116 1560 2171 ultimis
1579 2114 1727 2187 Hispaniis
1741 2115 1849 2186 trajice

999 2212 1053 2276 ret,
1070 2208 1224 2263 adductum
1238 2206 1324 2261 tuisse
1338 2204 1417 2261 testis
1432 2210 1474 2260 est
1487 2205 1567 2261 omni
1582 2204 1750 2275 exceptione
1765 2203 1850 2275 major

999 2296 1177 2369 Augustinus
1195 2295 1296 2366 (Epist.
1309 2298 1408 2361 11111.
1423 2295 1476 2367 lb).
1490 2294 1609 2349 Videtur
1618 2292 1810 2349 nihilominus
1820 2291 1848 2346 ad

999 2386 1181 2458 propositum
1203 2384 1417 2457 exsequendum
1439 2383 1521 2438 citius
1547 2399 1634 2455 quam
1648 2382 1848 2447 destinaverat,

1001 2475 1193 2530 barbarorum
1207 2473 1376 2529 crudelitate
1391 2477 1512 2528 coactus.
1529 2472 1682 2528 Enimvero
1699 2471 1736 2527 de
1751 2486 1783 2526 se
1796 2468 1849 2542 ipse

1001 2563 1112 2633 asserit,
1128 2579 1157 2618 se
1174 2562 1202 2617 iu
1220 2563 1347 2618 tumultu
1365 2562 1501 2634 quodam,
1527 2559 1682 2616 infortunii
1704 2559 1849 2615 tormidine

1001 2653 1163 2725 perculsum
1174 2651 1319 2724 aufugisse
1334 2651 1511 2721 (Oros.,Hist.
1523 2650 1570 2705 lib.
1584 2653 1610 2719 5,
1622 2665 1684 2720 cap.
1697 2648 1742 2718 1);
1754 2648 1849 2704 Barba·

1002 2757 1102 2796 rorum
1124 2741 1169 2795 rix
1193 2740 1312 2795 evitasse
1333 2738 1465 2806 insidias;
1487 2743 1571 2811 alque
1593 2739 1681 2793 etiam
1706 2741 1848 2810 postquam

999 2830 1060 2900 jam
1075 2845 1154 2884 mare
1168 2828 1388 2895 conscendisset,
1404 2828 1478 2882 saxis
1488 2844 1520 2882 11
1529 2827 1593 2882 telis
1601 2826 1848 2899 petitum,demam

1001 2919 1164 2990 repentinae
1184 2918 1298 2973 uebulae
1319 2916 1468 2983 beneficio,
1488 2932 1551 2970 cum
1564 2916 1686 2988 jamjam
1702 2915 1848 2987 capiendos

1003 3008 1158 3076 videretur,
1181 3006 1303 3061 evasisse
1320 3022 1327 3061 :
1344 3023 1408 3077 quae
1422 3005 1549 3077 pericula
1563 3008 1643 3059 tauta
1657 3004 1748 3059 fuisse
1769 3002 1847 3068 addit,

1003 3101 1035 3152 ut
1047 3113 1079 3151 ea
1089 3096 1150 3150 sine
1161 3094 1293 3167 lacrymis
1301 3111 1388 3152 nemo
1398 3093 1452 3149 nisi
1463 3092 1658 3149 durusaudire
1667 3095 1757 3164 queat
1767 3091 1847 3161 libid..

1004 3186 1052 3241 lib.
1069 3188 1094 3249 3,
1111 3200 1171 3254 cap.
1183 3185 1239 3256 20).
1249 3183 1322 3239 llicit
1331 3187 1480 3255 praeterea,
1492 3198 1556 3238 cum
1568 3198 1583 3237 1
1593 3180 1723 3253 patriani
1735 3180 1848 3254 quadam

1004 3274 1113 3330 occulta
1137 3272 1254 3344 ejectus,
1279 3289 1311 3327 ac
1336 3273 1397 3328 sine
1418 3272 1575 3336 voluntate,
1598 3270 1660 3324 siue
1677 3269 1847 3331 necessitate,

1004 3363 1065 3418 sine
1088 3377 1227 3417 consensu
1248 3364 1322 3415 esset
1342 3376 1481 3432 egressus,
1505 3359 1535 3413 in
1555 3358 1682 3414 Africam
1701 3357 1849 3429 trajecisse,

1005 3467 1099 3523 neque
1119 3467 1148 3505 se
1172 3448 1385 3520 navigationem
1400 3464 1481 3503 suam
1498 3448 1665 3503 estendere
1686 3447 1770 3519 prius
1784 3461 1850 3501 1111·

1004 3539 1124 3611 perisse,
1137 3553 1224 3609 quam
1235 3536 1270 3592 ad
1281 3535 1506 3608 ejusprovinciae
1516 3536 1596 3590 littus
1607 3535 1783 3606 appelleret;
1798 3537 1850 3587 lum

1006 3629 1121 3684 demum
1148 3625 1332 3688 considerato,
1358 3640 1415 3696 qua
1439 3623 1551 3678 ratione
1575 3622 1850 3694 deportatuseodem

1006 3717 1117 3784 fuisset,
1129 3729 1229 3770 cursus
1243 3713 1285 3768 sui
1301 3713 1388 3769 linem
1403 3717 1431 3768 et
1446 3711 1598 3767 consilium
1620 3708 1850 3781 deprehendisse,

1007 3823 1039 3861 ac
1056 3808 1189 3861 revocato
1212 3802 1387 3874 collectoque
1410 3801 1508 3856 animo
1532 3798 1709 3871 cognovisse,
1725 3815 1761 3854 eo
1775 3815 1804 3852 se
1816 3796 1851 3852 di·

1006 3893 1113 3949 vinitas
1119 3894 1154 3949 ad
1161 3892 1353 3964 Augustiuum
1363 3890 1460 3961 dirigi,
1467 3888 1663 3960 utHispanicis
1674 3889 1762 3943 ruatis
1771 3900 1851 3941 reme·

1007 3983 1087 4039 dium
1097 3983 1127 4037 in
1140 3983 1203 4053 ipso
1218 3980 1359 4053 reperiret
1371 3980 1467 4050 (Apud
1481 3980 1611 4047 August,
1627 3978 1721 4034 Orosii
1731 3976 1852 4040 emeat..

1007 4089 1035 4127 u.
1055 4073 1093 4143 1).
1110 4071 1212 4143 Sicque
1227 4087 1243 4125 a
1259 4068 1406 4126 verisimili
1417 4084 1473 4123 nou
1485 4068 1631 4135 abhorret,
1642 4082 1787 4138 eum,qua
1800 4079 1853 4119 sese

1008 4154 1150 4233 praecipiti
1164 4158 1347 4214 testinatione
1362 4158 1396 4213 ad
1408 4173 1509 4212 navem
1521 4156 1661 4227 rapiebat,
1674 4156 1704 4210 in
1716 4153 1853 4228 quoddam

102 4245 306 4319 septuagesimi
320 4244 407 4317 primi
418 4248 446 4299 et
456 4245 659 4318 septuagesimi
669 4246 783 4318 septimi
798 4247 952 4319 expositio·
1008 4249 1166 4322 navigium.
1183 4249 1259 4321 quod
1272 4248 1328 4303 alio
1343 4248 1405 4303 reia
1419 4246 1533 4312 iaceret,
1550 4245 1713 4316 ingressum
1731 4258 1802 4310 esse,
1816 4245 1854 4296 at·

103 4353 162 4392 nes.
178 4337 307 4391 Psalmos
322 4335 393 4390 alios
408 4350 458 4389 seu
473 4334 583 4390 calamo
598 4351 648 4391 seu
663 4350 793 4391 sermone
805 4336 866 4408 jam
879 4336 953 4392 beue
1008 4341 1106 4392 tamen
1127 4339 1186 4393 Deo
1204 4353 1319 4391 cursum
1334 4335 1411 4391 illius
1425 4335 1604 4398 moderante,
1620 4333 1655 4388 ad
1671 4347 1753 4387 oram
1767 4328 1854 4403 appli-

103 4424 208 4479 multos
222 4424 397 4497 explicuerat
412 4439 419 4479 :
435 4439 504 4478 uam
516 4422 638 4478 vidimus
648 4424 827 4496 trigesimum
842 4430 953 4482 sextum
1008 4426 1098 4482 cuissa
1112 4425 1288 4482 Africanam.

104 4512 274 4585 Carthagine
297 4512 333 4567 ab
354 4528 388 4567 eo
411 4511 487 4567 inter
509 4511 735 4568 concionandum
758 4513 818 4585 jam
833 4514 899 4569 inde
919 4514 954 4569 ab
1044 4519 1071 4572 3.
1096 4516 1167 4570 Cum
1190 4514 1343 4587 Augustini
1360 4512 1536 4585 colloquium
1550 4510 1739 4566 vehementer
1752 4511 1857 4582 optaret

104 4616 180 4656 anuo
218 4600 500 4673 quadringentesimo
531 4601 615 4657 tertio
652 4602 835 4674 explanatum
867 4603 954 4659 luisse
1011 4604 1137 4671 Orosius,
1153 4607 1387 4675 exspectarelqua
1403 4600 1659 4674 opportunitatem,
1675 4604 1708 4655 11
1721 4597 1858 4671 capita,de

106 4688 218 4760 (Supra,
230 4689 278 4743 lib.
293 4692 319 4759 5,
330 4705 391 4760 cap.
403 4693 429 4758 8,
441 4707 469 4755 n,
478 4693 522 4763 tt);
535 4707 567 4746 ac
577 4691 607 4745 in
616 4698 775 4747 memorata
784 4692 956 4764 epistolado·
1010 4692 1114 4768 quibus
1137 4691 1245 4748 erudiri
1266 4709 1295 4747 se
1320 4691 1463 4764 cupiebat,
1476 4689 1571 4745 eidem
1586 4688 1616 4743 in
1628 4688 1762 4744 libellum
1775 4687 1859 4742 relata

105 4781 152 4833 cet
166 4777 351 4834 vehementer
374 4780 528 4853 exspectari
547 4780 729 4853 flagitarique
753 4782 787 4837 ab
810 4782 872 4854 ipso
891 4782 956 4839 reli·
1009 4784 1147 4851 traderet;
1163 4781 1283 4853 contigit
1297 4784 1329 4836 ut
1343 4781 1455 4850 eodem,
1477 4794 1533 4851 quo
1549 4777 1620 4850 ipse,
1635 4775 1780 4832 desiderio
1793 4791 1859 4849 pro-

107 4882 179 4941 quos
194 4867 331 4935 Psalmos,
357 4884 479 4940 quorum
503 4871 625 4925 necdum
641 4871 847 4942 expositionem
860 4888 954 4944 neque
1010 4871 1143 4927 curandae
1159 4870 1287 4926 omnium
1304 4870 1403 4925 salutis
1413 4867 1536 4940 permoti
1547 4867 1653 4921 Paulus
1665 4870 1753 4938 atque
1764 4866 1860 4920 Eutro-

107 4957 248 5029 scriptura
271 4971 365 5027 neque
379 4957 477 5013 habito
495 4959 531 5015 ad
545 4959 659 5030 plebem
682 4975 813 5016 sermone
828 4961 956 5016 ediderat
1010 4961 1076 5033 pius
1092 4959 1216 5030 episcopi
1237 4957 1490 5014 commonitorium
1505 4957 1540 5012 de
1554 4955 1729 5028 quibusdam
1743 4952 1862 5010 baeresi-

109 5049 206 5120 (lipisl.
224 5049 285 5117 119,
300 5063 328 5100 n.
346 5049 380 5114 l).
397 5048 494 5103 lunuit
507 5049 592 5104 etiam
606 5048 635 5104 id
650 5048 704 5105 sibi
718 5053 796 5118 tunc,
817 5049 956 5104 nimirum
1011 5051 1065 5106 bus
1080 5052 1177 5103 sancto
1193 5047 1307 5103 boetori
1322 5047 1467 5103 1111111111.
1484 5047 1573 5102 Porro
1587 5043 1728 5115 quoniam
1744 5041 1792 5097 isti
1806 5056 1863 5096 nou

107 5138 161 5193 sub
183 5136 250 5193 anui
275 5135 587 5208 aquadringentesimo
613 5138 707 5210 quinti
722 5137 824 5194 decimi
837 5138 955 5202 exitum,
1011 5154 1121 5205 omnes,
1138 5137 1187 5193 sed
1211 5141 1301 5192 certas
1322 5135 1462 5209 quasdam
1480 5135 1605 5190 haereses
1616 5131 1817 5204 prodiderant,
1831 5144 1865 5184 ea

107 5226 139 5281 in
154 5227 249 5283 animo
265 5225 363 5294 fuisse,
388 5225 505 5280 omniuo
527 5226 594 5282 huic
611 5229 702 5299 operi,
718 5227 860 5299 simulque
875 5226 956 5283 alteri
1010 5230 1130 5297 propter
1140 5224 1194 5281 sibi
1204 5222 1618 5290 necessariumduxitOrosius,
1630 5236 1733 5276 omnes
1744 5218 1862 5275 omnino

109 5314 145 5370 de
167 5314 286 5371 Ciuitate
307 5313 368 5382 bei,
391 5313 562 5369 absolvendo
585 5313 760 5383 incumbere,
786 5331 905 5388 eamque
920 5315 956 5369 ob
1011 5314 1179 5387 dogmatum
1204 5313 1404 5370 haereticorum
1424 5312 1540 5368 arbores
1559 5326 1624 5366 cum
1639 5309 1708 5382 ipsis
1722 5307 1869 5364 radicibus

111 5417 173 5458 rem
187 5404 321 5460 librosde
335 5403 473 5460 'trinitate
489 5402 581 5461 adbuc
594 5404 723 5472 differam
739 5422 804 5461 cum
818 5409 957 5477 praeterea
1011 5403 1149 5458 aeremia
1170 5403 1312 5475 colligere.
1335 5404 1411 5457 111111
1434 5400 1465 5456 in
1486 5416 1548 5456 rem
1566 5399 1615 5454 ille
1639 5398 1725 5454 beato
1745 5395 1867 5453 Praesuli

111 5492 140 5543 et
154 5492 272 5562 majoris
285 5497 379 5550 essent
393 5491 578 5560 difficultatis,
593 5494 622 5547 et
636 5493 766 5563 minoris,
781 5495 881 5550 saltem
900 5493 958 5565 ple-
1012 5491 1254 5548 consultatiouem
1280 5508 1330 5548 seu
1342 5488 1595 5546 commonitorium
1610 5486 1758 5560 epistolari
1771 5487 1876 5542 forma
