3884 6112
61 257 115 311 11117
787 256 893 315 LIBER
914 256 1109 318 SECUNDUS.
1766 274 1817 329 81111

59 375 212 447 persuasit,
228 374 331 431 veritas
349 378 456 431 manet.
472 375 590 448 Semper
613 376 702 447 igitur
715 377 830 434 animus
848 396 910 435 ma·
966 381 1023 436 rire
1037 383 1275 455 otiumnostrum,
1283 389 1410 443 ettotum
1421 387 1517 459 ipsum
1529 389 1660 446 animum
1667 407 1701 447 ax
1710 392 1818 451 incerte

58 468 120 532 uat,
131 480 185 520 nee
198 463 312 520 animus
327 470 458 521 mortuus
470 464 585 522 dieitur.
602 467 798 523 immortalem
822 467 910 540 igitur
966 470 1085 526 arbitrio
1098 473 1225 544 pendere
1239 474 1424 546 deligatum?

57 553 192 608 animum
216 553 295 607 solus
317 570 376 609 non
401 554 525 610 absurde
546 558 641 626 negat,
657 555 708 626 qui
729 556 913 628 superiorum
1117 561 1299 618 malla-xv.
1312 594 1347 604 -
1364 567 1463 621 Veriet
1476 567 1545 633 sola
1557 573 1671 625 notura.

57 641 171 714 aliquid
185 658 243 696 nou
258 646 334 698 recte
348 659 515 698 concessum
530 658 591 698 esse
606 643 757 699 convincit.
1001 647 1046 700 27.
1063 647 1116 702 Ubi
1130 650 1263 720 estquod
1290 651 1381 705 Deum
1395 656 1423 706 et
1437 653 1600 723 rogavimus
1614 658 1649 721 ⁸et
1669 671 1815 728 rogamus,

95 730 209 788 CAPUT
224 732 292 788 xlv,
303 759 336 773 -
352 733 499 787 decutitur
510 733 632 802 superior
643 734 826 803 syllogismus.
967 737 998 787 ut
1012 734 1096 790 nobis
1111 751 1169 791 non
1188 736 1312 807 divitias,
1333 755 1392 794 nou
1415 741 1544 812 eorporis
1561 743 1734 814 uoluptates,
1758 761 1818 801 non

94 821 140 875 23.
160 822 198 875 A.
209 822 273 875 tam
287 835 334 875 me
348 820 413 875 voto
427 820 457 875 in
472 820 579 893 gaudia
593 820 717 887 mittere,
739 822 790 877 sed
803 822 913 878 duabus
965 823 1120 893 populares
1133 829 1282 898 suggestus
1297 831 1382 898 atque
1397 828 1531 899 honores,
1552 831 1602 886 sed
1615 831 1742 888 animam
1761 851 1818 889 no-

56 908 241 981 aliquantum
262 924 381 964 revocor
394 909 495 964 causis.
519 910 591 964 Nam
609 909 737 980 primum
756 926 803 967 me
818 916 914 967 movet
965 913 1053 965 stram
1071 926 1159 983 seque
1174 912 1269 984 ipsum
1284 915 1489 986 quaerentibus,
1514 916 1570 973 iter
1584 919 1716 989 aperiat?
1737 920 1817 977 itane

56 997 138 1068 qnod
152 995 273 1051 circuitu
295 1000 376 1052 tanto
398 997 444 1052 usi
458 1013 567 1065 sumus,
583 997 679 1053 neseio
694 1014 782 1070 quam
796 999 912 1054 ratioei-
965 1013 1018 1052 nos
1031 997 1152 1065 deseret,
1170 1006 1247 1056 auta
1261 1002 1343 1057 uobis
1357 1003 1527 1060 deseretur?
1541 1007 1582 1062 Β.
1601 1007 1816 1064 alienissimum

54 1085 210 1139 undenum
220 1089 350 1140 catenam
360 1090 524 1156 sequentes,
535 1101 601 1141 cum
614 1091 673 1140 tam
684 1086 809 1142 breuiter
818 1092 912 1143 totum
966 1085 1082 1156 quidem
1096 1087 1130 1141 ab
1146 1087 1208 1159 ipso
1223 1093 1309 1144 estut
1323 1106 1370 1145 eos
1384 1091 1434 1162 qui
1454 1093 1523 1147 talia
1546 1093 1711 1150 desiderant
1736 1096 1815 1151 dese·

54 1173 93 1229 de
109 1188 167 1245 quo
181 1174 330 1244 agebatur,
357 1174 548 1229 demonstrari
566 1174 703 1245 potuerit,
719 1191 808 1246 quana
834 1192 911 1230 nune
966 1176 1011 1226 rat
1026 1189 1033 1227 :
1050 1174 1126 1230 unde
1142 1192 1157 1229 a
1173 1176 1255 1230 nobis
1268 1193 1382 1249 quoque
1397 1179 1522 1235 alienum
1532 1196 1594 1236 esse
1608 1182 1693 1239 debet
1706 1187 1738 1239 ut
1752 1187 1816 1239 tan·

54 1265 285 1321 demonstratum
304 1269 356 1321 est.
378 1267 481 1334 Quare,
503 1283 549 1322 me
562 1267 717 1323 sollicitum
737 1267 806 1323 iacit
832 1268 911 1338 quod
965 1264 1028 1315 tum
1043 1262 1145 1317 ducem
1160 1263 1333 1321 deseramus·
1348 1266 1451 1335 Qum,
1475 1269 1499 1323 εἰ
1522 1270 1624 1340 placei.
1650 1277 1816 1343 repetemus

54 1356 119 1408 tam
133 1354 184 1409 diu
198 1353 281 1424 quasi
300 1353 337 1408 ad
362 1353 559 1410 insidiandum
584 1354 780 1410 obambulavit
803 1355 907 1412 orado,
965 1347 1089 1404 breviter
1102 1350 1180 1406 rande
1195 1351 1244 1407 illa
1257 1352 1315 1407 duo
1330 1354 1459 1411 coniecta
1471 1355 1537 1423 sint,
1557 1361 1608 1413 aut
1622 1374 1735 1430 semper
1756 1358 1816 1415 riua-

56 1441 168 1497 Deinde
178 1458 237 1496 non
250 1442 334 1496 uideo
350 1442 494 1513 quomodo
504 1442 534 1497 iu
544 1443 642 1498 auimo
652 1459 766 1515 semper
780 1443 817 1499 sit
831 1444 913 1500 disei-
966 1452 1035 1492 flere
1050 1439 1211 1508 Veritatem,
1237 1445 1288 1495 aut
1311 1443 1462 1498 veritatem
1485 1459 1545 1498 esse
1560 1444 1569 1478 ¹
1586 1445 1749 1517 disputandi
1770 1465 1816 1503 ra-

55 1528 150 1600 plina,
164 1529 324 1601 praesertim
336 1529 514 1600 disputandi,
536 1546 601 1585 eum
625 1534 725 1586 attam
740 1530 826 1603 pauci
848 1532 912 1602 ejus
964 1524 1086 1580 tionem.
1107 1528 1173 1582 llaec
1188 1528 1265 1584 enim
1291 1529 1424 1585 vacillare
1451 1531 1559 1600 dixisti,
1582 1550 1639 1605 quo
1654 1534 1751 1591 minus
1765 1553 1818 1591 nos

54 1616 143 1689 gnari
157 1617 224 1685 sint,
238 1623 268 1673 et
290 1617 421 1689 quisquis
444 1634 507 1672 eam
529 1618 617 1681 novit,
634 1622 715 1674 tanto
738 1619 773 1674 ab
787 1619 909 1675 infantia
964 1614 1049 1669 laciat
1081 1616 1169 1671 totius
1192 1617 1234 1671 rei
1262 1634 1376 1674 summa
1408 1635 1532 1677 securos.
1556 1624 1600 1677 An
1624 1623 1719 1694 potius
1742 1624 1814 1681 illud

54 1710 189 1777 tempore
202 1706 288 1761 fuerit
300 1707 441 1762 indoctus.
465 1708 528 1762 Non
550 1707 629 1763 euim
648 1707 909 1779 possumusdicere
964 1720 1139 1778 queremus,
1168 1710 1314 1780 quomodo
1342 1727 1404 1766 esse
1429 1713 1521 1783 possit
1553 1712 1688 1785 imperito
1721 1715 1817 1770 auimo

25 1788 31 1798 ’
55 1798 109 1850 aut
122 1796 325 1866 imperitorum
341 1796 451 1851 animos
470 1813 529 1851 non
552 1813 613 1853 esse
634 1798 756 1864 animos,
780 1802 831 1853 aut
849 1815 910 1855 esse
964 1794 1124 1866 disciplina,
1140 1812 1227 1868 quem
1248 1814 1306 1854 non
1319 1815 1473 1870 possumus
1488 1816 1547 1856 non
1558 1802 1687 1857 animum
1697 1801 1817 1858 dicere?

54 1884 90 1940 in
104 1884 201 1939 animo
225 1900 288 1940 eam
309 1900 397 1957 quam
419 1885 548 1940 nesciant
569 1885 762 1957 disciplinam.
782 1886 862 1951 Quod
886 1886 911 1941 si
965 1882 1036 1937 Hinc
1050 1882 1128 1938 cuim
1142 1891 1301 1942 commotus
1321 1887 1467 1955 videbare,
1488 1893 1521 1944 ut
1533 1890 1568 1945 de
1583 1889 1640 1944 illis
1655 1906 1721 1962 quae
1743 1907 1815 1947 con·

54 1972 244 2029 vehementer
266 1974 422 2029 absurdum
439 1978 492 2042 est,
514 1977 602 2028 restat
615 1978 649 2029 ιιι
662 1978 711 2029 ant
725 1991 784 2030 nou
798 1990 911 2047 semper
965 1986 1099 2039 cesseras,
1115 1973 1246 2029 dubitare
1255 1991 1355 2030 rursus
1369 1992 1483 2046 necessa
1500 1977 1816 2035 inerit.A.1modiseu·

56 2061 91 2117 in
103 2061 200 2117 animo
217 2062 253 2117 sit
267 2062 380 2130 veritas,
394 2062 602 2134 auidisciplina
616 2063 777 2119 illaveritas
788 2080 847 2119 non
862 2064 909 2120 sit.
964 2058 1069 2114 tianius
1084 2060 1164 2131 prius
1178 2061 1236 2128 illa,
1254 2063 1358 2119 deinde
1372 2065 1426 2119 hoe
1441 2067 1524 2137 quale
1538 2066 1575 2120 sit
1588 2066 1758 2124 videbimus.
1775 2069 1817 2123 lla

94 2152 142 2207 211.
163 2153 196 2208 Β.
224 2151 309 2207 Vides
334 2167 421 2223 quam
448 2167 508 2206 non
532 2151 638 2207 frustra
662 2156 756 2208 tantos
776 2152 911 2208 circuitus
965 2147 1054 2214 enim,
1069 2154 1102 2204 ut
1115 2149 1228 2220 opinor,
1248 2152 1754 2211 nullacoutroversiaremanebitR.
1774 2157 1817 2212 lta

56 2240 151 2311 egerit
159 2244 259 2295 nostra
273 2239 464 2296 ratiocinatio.
480 2240 686 2305 Querebamus
700 2241 778 2297 enim
792 2240 912 2312 quidsit
965 2237 1026 2306 fiat,
1040 2238 1089 2294 sed
1104 2239 1200 2293 adesto
1224 2243 1301 2295 totus
1324 2245 1410 2313 atque
1436 2242 1627 2298 cautissimus.
1652 2242 1715 2298 Scio
1737 2244 1816 2299 euim

54 2329 173 2398 ventas,
189 2329 265 2399 quod
281 2345 317 2384 ne
330 2344 409 2384 nune
422 2328 541 2400 quidem
565 2328 596 2384 in
619 2329 673 2384 hac
693 2329 820 2400 quadam
838 2329 908 2384 silva
965 2324 1035 2397 quid
1049 2327 1101 2382 tibi
1111 2328 1226 2384 eveniat
1238 2329 1486 2398 attendenti,dum
1501 2331 1816 2402 nimispendesineon·

55 2432 168 2484 rerum,
193 2417 327 2473 omnibus
349 2433 424 2490 pene
447 2417 566 2472 callibus
586 2416 736 2484 oberratis,
758 2417 840 2473 video
856 2433 910 2473 uos
964 2415 1133 2485 elusionem,
1148 2421 1177 2472 et
1190 2421 1223 2473 ut
1234 2417 1294 2488 jam
1306 2418 1427 2490 jamque
1448 2419 1590 2475 inferatur
1603 2424 1759 2491 exspectas,
1783 2436 1816 2475 ea

55 2506 230 2578 investigare
243 2507 380 2578 potuisse.
405 2507 458 2562 Sed
482 2506 551 2578 quid
566 2506 708 2561 iacimus?
722 2508 765 2561 An
786 2506 911 2577 incaepta
964 2521 1029 2577 quae
1039 2504 1254 2577 interrogantur
1269 2506 1657 2579 nondiligenteroxamiuata
1668 2508 1813 2568 concedis.

56 2594 231 2662 omittimus,
258 2600 287 2651 et
314 2600 511 2667 exspectamus
538 2596 642 2667 ecquid
665 2594 749 2650 nobis
769 2595 910 2651 librorum
964 2596 1003 2649 A.
1017 2594 1121 2648 Verum
1136 2593 1255 2649 fortasse
1268 2594 1359 2663 dieis;
1373 2595 1423 2651 sed
1436 2596 1530 2651 enitar
1544 2601 1642 2653 contra
1657 2599 1711 2653 hoe
1725 2614 1816 2669 genus

56 2683 221 2740 alienorum
233 2684 376 2739 inmanes
390 2683 509 2751 incidat,
523 2684 600 2755 quod
616 2684 682 2739 huic
697 2683 850 2755 questioni
864 2700 909 2740 sa-
964 2681 1057 2736 morbi
1072 2686 1213 2753 qnantum
1236 2698 1355 2754 possum
1371 2699 1377 2738 :
1393 2684 1480 2739 modo
1498 2684 1561 2754 jam
1579 2690 1610 2740 tu
1624 2685 1720 2757 incipe
1735 2703 1815 2758 quae·

56 2772 201 2829 tisiaciett
216 2774 286 2828 itam
299 2772 442 2828 et'multos
455 2776 520 2828 ante
531 2776 657 2827 nostram
667 2776 783 2828 aetatem
790 2772 910 2844 scriptos
963 2785 1038 2836 rere,
1054 2786 1091 2825 ne
1110 2770 1264 2841 superfluis
1278 2771 1480 2829 immoremur.

56 2876 120 2916 esse
139 2862 262 2917 arbitror
284 2878 356 2933 quos
379 2877 438 2917 nou
460 2860 599 2932 legimns:
628 2865 657 2916 et
676 2876 763 2924 nunc,
785 2866 819 2916 nt
836 2861 910 2918 nihil
999 2861 1044 2914 28.
1058 2859 1097 2915 R.
1127 2860 1164 2913 Er
1186 2875 1231 2926 eo,
1257 2864 1397 2930 quantum
1424 2859 1556 2928 memini,
1580 2861 1730 2918 ueritatem
1756 2879 1815 2919 non

55 2950 136 3023 quod
149 2950 293 3006 nescimus
316 2950 480 3022 opinemur,
496 2949 682 3005 manifestum
707 2949 857 3017 habemus,
882 2954 911 3005 et
963 2962 1048 3019 posse
1062 2947 1181 3002 interire
1196 2947 1399 3019 conclusimus,
1415 2948 1492 3020 quod
1515 2964 1574 3004 non
1588 2950 1680 3006 solum
1702 2950 1815 3007 sitotus

55 3038 186 3094 carmine
201 3039 298 3094 dehac
312 3055 343 3094 re
359 3039 454 3105 scribi,
467 3043 496 3093 et
508 3039 603 3093 soluta
621 3038 765 3105 oratione3
781 3043 811 3093 et
824 3038 860 3093 ab
874 3037 910 3093 iis
963 3034 1089 3089 mundus
1102 3033 1233 3100 intereat,
1250 3039 1301 3091 sed
1311 3035 1397 3091 edam
1411 3036 1507 3107 siipsa
1518 3037 1632 3106 ueritas,
1647 3052 1748 3094 rerum
1759 3039 1816 3095 erit

56 3127 128 3182 viris
137 3143 261 3199 quorum
277 3143 330 3183 nec
340 3127 444 3198 scripta
453 3128 540 3182 latere
553 3142 605 3181 nos
619 3131 751 3198 possunt,
766 3130 795 3182 et
809 3143 910 3182 eorum
964 3127 992 3179 et
1006 3123 1145 3179 mundum
1159 3127 1188 3179 et
1202 3125 1350 3180 veritatem
1361 3125 1505 3181 interisse.
1520 3126 1597 3182 Nihil
1608 3131 1704 3182 autem
1714 3144 1814 3184 verum

55 3214 178 3286 ingenia
190 3215 258 3270 talia
279 3215 422 3279 novimus,
438 3219 471 3270 ut
485 3231 537 3270 nos
550 3214 580 3269 in
595 3230 697 3269 eorum
712 3196 818 3269 litteris
831 3215 909 3285 quod
964 3212 1024 3268 sine
1039 3213 1158 3269 veritate
1175 3230 1182 3268 ι
1198 3214 1279 3268 nullo
1293 3213 1380 3269 modo
1406 3213 1495 3285 igitur
1517 3215 1616 3271 interit
1638 3216 1751 3273 veritas.
1773 3220 1814 3272 A.

55 3303 203 3371 volumus,
230 3303 398 3359 inventuros
420 3304 573 3375 desperare
586 3319 645 3358 non
661 3303 817 3375 possimus:
833 3319 908 3375 praa·
963 3305 1093 3373 Agnosco
1107 3301 1172 3370 ista,
1189 3307 1217 3358 et
1228 3303 1354 3358 multum
1367 3303 1458 3358 miror
1472 3303 1496 3359 si
1511 3305 1582 3359 falsa
1595 3311 1670 3361 sunt.
1687 3306 1725 3362 Β.
1739 3308 1814 3378 Ergo

55 3391 160 3447 sertim
183 3408 249 3447 eum
274 3391 321 3447 hic
336 3396 402 3447 ante
416 3392 514 3446 oculos
529 3395 643 3447 nostros
668 3391 704 3446 sit
718 3391 777 3458 ille,
804 3391 836 3446 in
851 3407 908 3463 qno
961 3390 1033 3447 illud
1048 3392 1170 3447 alterum
1185 3391 1340 3447 videamus.
1351 3394 1389 3448 A.
1407 3391 1474 3447 Siue
1489 3408 1536 3448 me
1549 3394 1702 3464 paulutum
1716 3395 1812 3450 cousi-

55 3481 153 3553 ipsam
169 3481 364 3553 eloquentiam
379 3497 467 3553 quam
481 3485 626 3536 mortuam
642 3480 819 3546 dolebamus,
840 3496 910 3552 per·
962 3479 1072 3546 derare,
1090 3483 1188 3549 orote,
1199 3495 1235 3535 ne
1250 3479 1306 3534 huc
1316 3480 1421 3535 iterum
1434 3481 1556 3552 turpiter
1569 3481 1696 3537 redeam.
1713 3482 1751 3537 R.
1764 3483 1814 3537 lir-

54 3571 164 3626 t‘eetam
178 3571 311 3626 reuixisse
324 3571 510 3642 cognovimus
519 3569 566 3641 (a).
579 3570 667 3625 Illene
678 3586 731 3623 nos
744 3569 828 3636 sinet,
842 3585 909 3624 cum
963 3583 1038 3639 gone
1053 3567 1184 3622 interisse
1198 3567 1348 3622 veritatem
1363 3583 1462 3622 verum
1477 3583 1536 3623 non
1549 3568 1626 3624 erit?
1640 3568 1669 3623 Si
1684 3585 1743 3625 non
1761 3570 1816 3625 erit

54 3659 173 3730 seriptis
194 3659 253 3714 suis
267 3659 380 3715 vivendi
395 3659 515 3714 modum
529 3657 667 3720 docuerit,
692 3657 807 3713 vivendi
821 3657 909 3728 iguo·
962 3671 1074 3723 verum,
1090 3671 1146 3710 non
1161 3671 1229 3727 ergo
1244 3655 1353 3711 interit.
1376 3655 1406 3711 Si
1433 3672 1533 3711 verum
1552 3657 1615 3726 erit,
1645 3658 1722 3714 unde
1749 3664 1816 3729 post

54 3762 123 3803 rare
139 3748 291 3804 naturam?
305 3750 343 3803 A.
365 3749 427 3803 Nou
449 3747 572 3803 arbitror
592 3746 725 3819 equidem
740 3749 769 3801 et
783 3748 909 3802 multum
963 3760 1094 3800 occasum
1107 3744 1234 3800 veritatis
1250 3760 1350 3799 verum
1365 3743 1430 3811 erit,
1445 3760 1510 3800 cum
1530 3745 1592 3817 jem
1614 3747 1719 3802 veritas
1736 3748 1815 3803 nulla

55 3836 128 3892 inde
148 3852 241 3908 spero,
263 3836 311 3891 sed
337 3853 429 3892 unum
447 3837 532 3892 doleo
547 3836 623 3908 quod
648 3837 691 3891 vel
706 3851 775 3908 erga
798 3851 838 3903 se,
863 3836 909 3891 rel
963 3833 1025 3889 estt
1035 3837 1076 3890 A.
1091 3833 1166 3889 Nibil
1181 3832 1273 3889 habeo
1288 3832 1434 3905 quidplus
1446 3833 1571 3906 cogitem
1585 3839 1672 3908 atque
1686 3837 1817 3892 conside-

54 3940 129 3996 erga
144 3925 314 3996 sapientiam
329 3925 456 3981 studium
468 3931 600 3981 nostrum
615 3941 672 3980 non
681 3925 708 3980 ei
721 3930 754 3980 ut
764 3924 908 3994 volumus,
964 3939 1044 3990 rem3
1064 3938 1152 3995 perge
1170 3922 1206 3977 ad
1222 3921 1310 3979 aliud.
1331 3922 1412 3978 Certe
1433 3922 1581 3990 iaciemus,
1594 3928 1734 3997 quantum
1744 3942 1815 3998 pos·

56 4014 188 4068 valemus
202 4013 325 4085 aperire.
347 4015 418 4069 Nam
428 4014 556 4086 proiecto
571 4006 621 4069 ille
637 4014 822 4069 misereretur
831 4013 909 4068 sitim
965 4027 1075 4082 sunaus,
1089 4016 1122 4067 ut
1133 4011 1208 4067 docti
1227 4015 1313 4083 atqua
1334 4011 1490 4082 prudentes
1504 4013 1559 4068 viri
1589 4015 1686 4086 legant
1699 4014 1771 4085 heac,
1788 4019 1817 4071 et

55 4104 197 4161 nostram.
214 4105 242 4157 et
254 4102 412 4158 exundaret
436 4102 526 4159 multo
554 4102 639 4158 eitius
652 4118 740 4175 quam
756 4116 842 4157 nune.
858 4101 909 4158 Se·
964 4103 1101 4167 nostram,
1117 4100 1141 4155 si
1156 4116 1213 4172 qua
1227 4105 1280 4167 est,
1295 4100 1442 4172 corrigant
1454 4102 1646 4158 temeritatem
1664 4117 1754 4158 :nam
1769 4118 1816 4158 ma

54 4205 146 4246 eurus
168 4189 246 4246 enim
258 4193 311 4258 est,
331 4192 408 4263 qnod
427 4191 480 4245 sibi
491 4191 553 4260 jam
567 4193 660 4245 toturn
684 4190 721 4245 de
735 4189 839 4245 anima
853 4189 909 4245 im·
963 4205 1016 4244 nec
1029 4189 1124 4256 modo,
1138 4205 1192 4244 nec
1219 4189 1374 4261 aliquando
1400 4189 1524 4246 arbitror
1552 4190 1621 4261 quid
1643 4195 1745 4245 contra
1760 4190 1815 4246 hoc

54 4281 232 4336 mortalitate
256 4281 408 4353 persuasit,
425 4297 478 4336 nec
492 4280 545 4335 seit
567 4279 679 4352 aliquos
695 4295 756 4335 esse
780 4279 907 4346 tortasse,
963 4277 1075 4333 dicatur
1087 4293 1171 4348 posse
1184 4276 1325 4332 invenire.
1506 4280 1508 4284 '

55 4369 112 4441 qui
123 4370 210 4442 hujus
219 4369 408 4441 ignorationis
423 4368 570 4425 miseriam
580 4368 648 4423 satis
662 4369 868 4440 cognoverunt,
882 4372 911 4423 et
999 4368 1045 4421 29.
1060 4366 1098 4420 Β.
1116 4364 1329 4438 Numquidnam
1343 4382 1412 4438 ergo
1436 4366 1541 4423 dieitur
1559 4366 1672 4435 ventas,
1688 4366 1816 4441 nisique

54 4457 165 4530 quibus
179 4458 340 4530 praesertim
362 4458 534 4528 rogantibus
557 4473 616 4511 non
630 4457 782 4512 subvenire
796 4456 910 4512 crudele
965 4469 1066 4508 verum
1081 4458 1125 4508 est
1139 4453 1280 4525 quidquid
1296 4470 1396 4509 verum
1410 4456 1475 4509 est?
1495 4454 1531 4507 A.
1548 4453 1631 4507 Nullo
1652 4455 1753 4510 modo.
1770 4456 1811 4512 Β.

55 4546 107 4601 sit.
122 4546 173 4601 ille
187 4551 284 4602 autem
310 4547 384 4602 alius
410 4546 490 4601 novit
511 4546 628 4617 qnidam
646 4562 697 4618 pro
716 4544 910 4600 familiaritate
964 4541 1179 4613 Numquidnam
1194 4546 1269 4598 recte
1294 4543 1398 4599 dieitur
1410 4557 1520 4607 verum,
1535 4541 1591 4595 uisi
1606 4544 1683 4614 quod
1698 4559 1758 4599 non
1773 4548 1816 4600 est

54 4635 191 4691 ardorem
218 4639 364 4701 nostrum;
386 4635 435 4690 sed
462 4635 501 4689 ita
519 4634 605 4706 longe
620 4633 710 4701 abest,
726 4637 755 4688 et
768 4632 809 4688 ita
833 4648 911 4688 nune
964 4630 1091 4686 falsum?
1105 4632 1147 4686 A.
1167 4631 1239 4687 ltine
1252 4648 1320 4687 vero
1334 4631 1465 4688 dubitare
1475 4630 1676 4688 dementiaest.
1687 4633 1726 4690 Β.
1740 4634 1815 4691 Νιιιιι

54 4723 207 4779 constituti
221 4739 332 4790 sumus,
341 4727 373 4778 nt
385 4723 431 4777 vir
440 4723 476 4777 ad
487 4739 554 4778 eum
568 4722 612 4778 vel
624 4722 751 4794 epistolae
761 4722 909 4777 mittendae
963 4719 1067 4774 falsum
1078 4724 1191 4776 nonest
1202 4721 1280 4792 quod
1292 4720 1327 4775 ad
1337 4718 1557 4775 similitudinem
1572 4720 1692 4794 alicujus
1707 4737 1816 4779 accom-

55 4813 179 4869 facultas
193 4813 228 4867 sit
238 4814 287 4883 (b).
302 4813 391 4878 Quam
405 4812 489 4867 credo
499 4813 560 4882 jam
574 4811 633 4866 otio
648 4811 836 4882 Transalpino
844 4827 909 4881 per.
965 4808 1110 4864 modatum
1127 4814 1179 4878 est,
1194 4824 1287 4881 neque
1303 4808 1332 4863 id
1346 4812 1442 4863 minen
1462 4813 1506 4864 est
1520 4810 1603 4881 qu'us
1618 4810 1711 4867 simila
1725 4827 1814 4882 appa-

55 4900 160 4957 iecisse
172 4917 286 4956 carmen
300 4917 357 4972 quo
378 4901 478 4956 mortis
492 4906 585 4956 metus
599 4904 766 4957 exeantatus
780 4900 908 4970 effugiat,
964 4898 1034 4952 ret?
1048 4899 1087 4952 A.
1099 4895 1382 4967 Nihilquidemaliud
1395 4895 1477 4953 video
1484 4898 1560 4970 quod
1566 4898 1703 4955 libentius
1711 4898 1814 4954 falsum

55 4989 229 5061 etantiqua
252 4990 343 5060 glacie
366 4990 486 5045 duratus
507 4988 612 5044 animae
636 4993 737 5060 stupor
759 4987 909 5058 frigusque
963 5002 1071 5041 rocem.
1086 4986 1140 5041 Sed
1152 4989 1249 5040 tamen
1271 4984 1344 5040 solet
1364 4984 1468 5048 laisum
1491 4987 1558 5058 diei,
1584 4987 1670 5044 etiam
1693 4987 1771 5058 quod
1797 5003 1814 5042 a

53 5080 192 5153 pellatur.
217 5079 272 5135 Sed
293 5078 409 5134 interim
424 5078 494 5133 dum
518 5078 571 5133 ista
586 5077 771 5149 proveniunt,
791 5092 856 5147 quae
879 5077 909 5130 in
963 5073 1223 5129 verisimilitudine
1238 5073 1438 5144 longatabest.
1453 5075 1491 5131 Β.
1507 5075 1577 5139 Quis
1587 5080 1674 5148 negat
1685 5093 1692 5143 ;
1704 5075 1754 5130 sed
1767 5078 1815 5130 ta·

55 5172 157 5225 nemra
169 5173 311 5240 potestate
325 5184 383 5223 non
398 5169 474 5234 sunt,
485 5183 581 5222 noune
590 5165 790 5237 turpissimum
803 5169 846 5219 est
859 5181 909 5238 pe·
964 5179 1031 5218 men
1046 5162 1121 5234 quod
1137 5161 1241 5217 habeat
1254 5162 1402 5218 adrerum
1417 5165 1587 5232 nonnullam
1609 5164 1812 5220 imitationem.

90 5280 127 5344 (α)
144 5279 307 5338 Ambrosius,
318 5283 349 5330 nt
363 5279 477 5339 videtur,
489 5280 533 5344 qui
544 5279 624 5329 libros
633 5279 666 5327 de
678 5277 776 5327 Olflciis
790 5277 907 5350 scripsit:
963 5254 1001 5307 Α·
1023 5251 1170 5350 Qu⁰ffl⁰d0
1181 5250 1195 5305 ’ἶ
1205 5251 1269 5306 N⁰11
1279 5251 1357 5307 enlm
1368 5269 1434 5308 cum
1445 5253 1560 5320 dicitur,
1572 5251 1681 5350 junctis
1697 5250 1813 5317 alitibus

55 5348 85 5393 et
96 5344 140 5393 cui
154 5345 187 5394 ad
209 5343 371 5393 audiendum
386 5343 564 5405 augustinum
581 5355 636 5391 non
652 5341 769 5402 recubet,
782 5353 816 5390 es
834 5340 879 5390 bb.
895 5343 910 5389 o
964 5340 1105 5411 anguibus
1119 5339 1247 5394 Medeam
1256 5341 1372 5405 volasse,
1386 5343 1445 5397 ulla
1458 5359 1490 5397 ex
1501 5345 1580 5412 parte
1594 5344 1814 5396 resisteremus

56 5406 146 5465 Μ’
161 5421 218 5470 ⁰⁸11·
234 5408 258 5466 ²¹
269 5420 296 5454 ¹¹·
308 5407 336 5465 ³3
351 5409 444 5468 ΜΡ·
457 5408 495 5463 ¹¹⁹
506 5419 535 5453 ¹¹·
554 5406 593 5454 ¹⁸·
963 5427 1113 5497 imitatur;
1128 5427 1236 5502 quippe
1250 5445 1315 5503 quae
1329 5431 1410 5487 nulla
1424 5430 1470 5499 sit,
1497 5445 1550 5485 nee
1572 5426 1679 5483 imitari
1704 5427 1813 5503 aliquid

90 5468 127 5533 (ιι)
144 5469 255 5519 Fortean
274 5467 405 5517 Zeuobius
419 5467 534 5530 poetices
545 5466 655 5530 peritus.
680 5463 713 5514 de
726 5462 802 5528 eujus
814 5477 909 5529 repen·

55 5531 116 5581 tina
128 5530 291 5594 proiectione
306 5529 352 5579 lib.
364 5531 374 5578 l
394 5528 427 5580 de
442 5528 548 5589 Ordine,
563 5541 621 5592 esp.
635 5531 659 5578 l.
673 5540 701 5577 n.
712 5528 753 5577 2⁰.
997 5527 1005 5561 ¹
1022 5524 1157 5576 lnduobus
1182 5527 1254 5591 lisa,
1268 5531 1317 5581 out
1332 5529 1481 5581 veritatem
1493 5537 1549 5578 nott
1561 5536 1625 5578 ears.
