3884 6112
68 223 136 276 ltls

67 345 147 409 tiam,
164 347 195 396 ut
209 343 262 397 hoc
274 343 368 413 ipsum
383 359 399 396 a
413 341 538 397 foeditate
552 341 642 414 porci,
659 358 710 412 per
725 357 811 413 quem
828 341 918 396 ioedus

65 415 203 480 eihcitur;
220 418 269 468 aut
283 429 334 484 per
349 413 491 480 effectum,
509 418 539 467 ut
553 417 665 485 puteus,
680 414 758 484 quod
778 414 839 484 ejus
854 412 918 467 elie·

66 491 127 539 ctus
142 484 252 554 potatio
268 491 321 553 θεῖ,
337 486 462 539 creditur
475 485 641 551 dictus3aut
653 500 705 555 per
719 485 748 538 id
762 484 838 555 quod
854 499 919 538 con·

64 557 148 622 tinet,
171 560 201 608 ut
220 556 333 623 urbem,
359 556 394 609 ab
418 557 485 610 orbe
509 557 682 627 appellatam
706 555 816 618 volunt,
841 555 918 625 quod

65 628 211 697 auspicato
229 628 296 680 loco
316 626 490 681 circumduci
506 634 599 680 aratro
612 626 712 697 {soletz
737 628 817 695 cujus
831 626 874 679 rei
890 630 919 679 et

65 698 201 768 Virgilius
215 698 357 759 meminit,
372 698 420 750 ubi
443 699 544 751 AEueas
561 698 662 751 urbem
678 697 809 767 designat
824 702 917 751 aratro

65 769 179 841 (AEneid.
195 770 241 823 tto.
259 773 285 833 ὅ,
301 786 327 822 v.
343 772 424 823 test:
441 776 489 822 aut
501 784 553 839 per
565 767 594 821 id
609 768 686 838 quod
701 768 873 834 continetur,
887 772 918 822 ut

64 842 89 895 si
103 842 169 911 quis
191 841 327 894 horreum
343 844 452 893 mutata
470 840 487 893 d
503 840 597 894 littera
619 838 744 892 affirmet
758 839 793 893 ab
810 839 916 892 hordeo

66 912 268 966 nominatum:
293 918 341 965 aut
365 927 416 991 per
438 910 615 976 abusionem,
637 917 668 964 υῖ
690 926 754 963 cum
777 909 918 964 hordeum

65 982 197 1046 dicimus,
214 988 242 1035 et
255 982 295 1036 ibi
315 981 441 1035 triticum
457 982 604 1047 conditur;
621 982 664 1035 vel
680 997 697 1034 a
712 986 791 1051 parte
814 985 916 1042 tolum,

66 1059 98 1108 υῖ
114 1053 257 1107 mucronis
272 1054 399 1118 nomine,
415 1069 479 1123 quae
495 1069 608 1106 summa
622 1068 687 1122 pars
702 1057 745 1106 est
759 1051 856 1120 gladii,
872 1056 918 1105 to-

65 1128 127 1179 tum
142 1124 269 1195 gladium
283 1130 399 1190 vocant,
412 1124 456 1178 vel
471 1130 557 1177 aloto
572 1139 646 1194 pars,
662 1127 693 1176 υῖ
708 1123 827 1191 capillus
839 1123 918 1192 quasi

65 1195 166 1267 capitis
187 1196 273 1265 pilus.
292 1195 365 1258 Quid
390 1195 464 1248 ultra
485 1194 645 1264 provehar?
669 1193 814 1263 Quidquid
841 1193 918 1246 aliud

65 1267 251 1320 annumerari
270 1271 374 1337 potest,
390 1270 439 1318 aut
458 1264 645 1318 similitudine
667 1280 764 1318 rernm
784 1269 812 1318 et
830 1280 918 1317 sono-

66 1354 141 1403 rum,
157 1341 207 1391 aut
227 1337 413 1390 similitudine
429 1352 526 1391 rerum
545 1336 683 1407 ipsarum,
699 1336 916 1402 autumnitate,

66 1414 115 1462 aut
130 1407 282 1476 contrario,
297 1407 436 1461 contineri
451 1407 558 1461 videbis
571 1405 713 1476 originem
727 1406 817 1475 verbi,
830 1421 918 1475 quum

66 1478 201 1550 prosequi
215 1496 273 1532 uon
288 1478 406 1548 quidem
422 1479 497 1532 ultra
512 1477 574 1530 soni
587 1476 806 1530 similitudinem
822 1492 919 1545 possu-

65 1566 145 1616 mus,
161 1549 209 1603 sed
225 1552 279 1603 hoc
294 1566 350 1602 non
367 1562 478 1619 semper
493 1547 594 1619 utique
610 1564 770 1619 possumus.
785 1550 918 1601 innume·

65 1622 168 1675 rabilia
183 1620 258 1674 enim
274 1625 341 1674 suut
357 1620 452 1684 verba,
463 1636 586 1690 quorum
601 1618 673 1672 ratio
689 1618 768 1672 reddi
782 1633 841 1672 uon
857 1634 918 1688 pos·

65 1691 123 1745 sit:
140 1697 187 1744 aut
204 1696 325 1757 nonest,
344 1696 376 1745 ut
393 1708 445 1760 ego
460 1691 598 1756 arbitr0r3
615 1696 664 1743 aut
680 1689 757 1754 latet,
785 1695 817 1743 υῖ
831 1687 919 1742 Stoici

65 1761 337 1816 contendentibus
353 1767 449 1814 tamen
468 1761 630 1830 paululum,
653 1758 797 1830 quomodo
818 1775 917 1829 perve-

65 1833 121 1887 niri
138 1839 241 1904 putant
256 1831 291 1885 ad
307 1832 355 1885 illa
370 1833 522 1885 verborum
533 1831 686 1898 cunabula,
698 1830 740 1883 vel
752 1830 788 1883 ad
799 1830 917 1899 stirpem

65 1905 160 1975 potius
176 1909 261 1972 atque
276 1903 347 1955 adeo
363 1908 532 1962 sementum,
550 1903 623 1954 ultra
639 1903 713 1971 quud
730 1899 820 1970 quaeri
835 1901 918 1971 erigi·

65 1991 133 2028 nem
151 1978 257 2041 vetant,
272 1988 323 2027 nec
340 1972 364 2025 si
383 1973 446 2043 quis
461 1973 538 2037 velit,
555 1978 648 2042 potest
665 1971 822 2042 quidquam
837 1972 917 2025 inve-

64 2044 137 2098 nire.
152 2044 240 2097 Nemo
253 2043 373 2113 ambigit
387 2043 518 2112 syllabas,
530 2044 559 2095 iu
574 2042 678 2112 quibus
690 2057 706 2092 v
718 2043 813 2096 littera
824 2043 917 2096 locum

65 2115 175 2169 obtinet
189 2115 379 2179 consonantis,
397 2119 427 2167 υῖ
441 2118 507 2166 ευυῖ
521 2113 551 2167 ῖυ
568 2113 611 2166 his
629 2112 732 2177 verbis,
750 2118 857 2178 venter,
874 2130 919 2166 vn·

65 2185 117 2249 ier,
135 2187 241 2251 selum,
258 2185 366 2248 viuum,
383 2186 484 2250 vomis,
501 2185 614 2249 vulnus,
636 2199 762 2237 crassum
784 2188 813 2236 et
836 2183 918 2254 quasi

66 2256 189 2310 validum
206 2272 307 2309 sonum
323 2257 416 2309 edere.
431 2255 511 2320 Quod
527 2255 667 2325 approbat
680 2254 766 2308 etiam
782 2254 918 2324 loquendi

65 2327 254 2390 consuetudo,
270 2343 335 2380 cum
350 2326 522 2397 quibusdam
537 2326 629 2380 verbis
644 2342 690 2378 eas
711 2326 915 2391 subtrahimus,

65 2414 101 2453 ne
113 2404 233 2452 onerent
244 2414 352 2451 aurem.
365 2398 435 2451 Nam
447 2397 513 2451 inde
524 2403 566 2450 est
577 2396 653 2467 quod
667 2397 769 2450 amasti
784 2397 917 2450 libentius

65 2469 186 2525 dicimus
208 2485 296 2539 quam
320 2468 460 2532 amavisti,
483 2472 509 2522 et
532 2467 615 2533 abiit3
637 2483 694 2520 non
721 2466 823 2532 abivit;
839 2472 867 2520 et
888 2466 918 2521 in

64 2541 141 2594 huuc
157 2543 275 2594 modum
290 2538 521 2593 innumerabilia.
540 2539 612 2607 Ergo
624 2554 690 2591 cum
705 2537 836 2604 dicimus,
849 2537 914 2601 vim,

66 2626 154 2667 sonus
171 2611 259 2676 verbi,
272 2615 304 2665 ul
319 2610 426 2664 dictum
439 2616 490 2675 θεῖ,
502 2610 584 2733 qtrasi
598 2608 706 2662 validus
722 2608 855 2678 congruit
865 2608 917 2676 rei,

66 2698 130 2753 quae
152 2682 338 2752 significatur.
355 2683 417 2736 tam
442 2696 474 2735 ex
499 2681 508 2733 i
523 2683 548 2733 la
564 2679 707 2733 vicinitate
723 2695 774 2749 per
793 2679 822 2732 id
840 2679 918 2749 quod

65 2753 203 2816 eiiiciunt,
225 2754 278 2806 hoc
300 2759 342 2806 θεῖ
365 2752 433 2822 quia
451 2750 586 2805 violentia
609 2755 685 2815 ευυῖ,
709 2751 783 2803 dicta
804 2749 918 2803 vincula

65 2829 184 2894 possunt
198 2823 297 2887 videri,
314 2829 341 2877 et
362 2827 458 2877 vimen
473 2838 530 2893 quo
547 2820 656 2892 aliquid
680 2819 830 2874 vinciatur.
849 2819 917 2874 lude

65 2895 147 2963 vites,
177 2896 252 2966 quod
279 2893 460 2947 adminiculis
484 2893 587 2964 quibus
615 2890 777 2944 vinciantur
799 2891 918 2944 nexibus

64 2966 200 3036 pendent.
216 2966 286 3019 Hinc
297 2965 383 3020 etiam
397 2967 513 3034 propter
524 2961 754 3025 similitudinem,
768 2961 918 3016 incurvum

64 3053 161 3090 senem
187 3037 292 3090 victum
308 3036 457 3089 Terentius
481 3033 641 3104 appellavit.
664 3033 735 3087 iiiuc
754 3038 839 3099 terra,
855 3049 919 3103 qum

85 3108 185 3161 edibus
200 3106 398 3162 itinerantium
415 3105 541 3159 ssexuosa
554 3109 582 3159 et
595 3103 662 3157 trita
677 3110 729 3171 θεῖ,
744 3104 789 3157 via
803 3104 916 3160 dicitur.

63 3124 92 3233 Ei
107 3185 202 3232 autem
218 3177 273 3245 via,
290 3194 355 3258 quaa
370 3178 396 3230 vi
411 3177 519 3248 pedum
534 3175 599 3230 trita
619 3179 669 3236 θεῖ,
686 3175 812 3229 creditur
831 3176 916 3242 dicta,

64 3250 138 3304 redit
152 3249 233 3321 origo
249 3249 284 3303 ad
299 3249 379 3302 illam
394 3248 578 3302 vicinitatem.
592 3246 644 3301 Sed
658 3246 795 3300 iaciamus
810 3263 826 3300 a
841 3247 918 3300 simi·

63 3320 185 3375 titudine
201 3320 265 3373 vitis
280 3321 324 3374 vel
338 3319 462 3387 viminis,
475 3320 529 3373 hoc
539 3322 608 3372 esta
623 3317 696 3372 flexu
714 3333 774 3372 esse
790 3317 916 3372 dictam:

64 3391 169 3463 quaerit
189 3408 256 3462 ergo
281 3407 326 3444 me
343 3390 497 3461 quispiam,
515 3405 604 3461 quare
626 3389 671 3443 via
687 3389 761 3443 dicta
785 3394 850 3443 est:
873 3405 919 3442 re·

64 3465 202 3533 spondeo,
220 3480 236 3516 a
250 3463 337 3525 llexu,
351 3463 420 3532 quia
432 3463 538 3515 llexum
555 3461 631 3514 velut
644 3461 795 3514 incurvum
811 3460 918 3515 victum

64 3540 175 3589 veteres
188 3533 336 3588 dixerunt:
351 3534 427 3587 unde
438 3533 525 3586 victos
535 3532 613 3602 quod
627 3531 729 3585 cantho
743 3530 916 3597 ambiantur,

63 3610 192 3659 rotarum
221 3605 300 3675 ligna
327 3609 439 3658 vocant.
466 3602 650 3673 Persequitur
673 3617 813 3671 quaerere,
841 3601 917 3655 unde

64 3675 170 3731 victum
194 3674 301 3730 flexum
316 3674 427 3729 dicatur
443 3679 492 3728 :et
508 3673 554 3727 hic
567 3673 735 3743 respondeo,
752 3688 768 3725 a
783 3670 917 3725 similitu·

65 3746 132 3801 diue
148 3747 223 3801 vitis.
239 3748 329 3801 Instat
343 3750 428 3817 atque
443 3743 530 3814 exigit
545 3743 620 3797 uude
644 3741 718 3795 istud
735 3742 771 3796 sit
785 3742 849 3796 vitis
864 3758 917 3795 no-

64 3832 154 3871 meu:
172 3818 234 3872 dico
251 3817 318 3888 quia
333 3816 421 3870 vincit
436 3831 468 3869 ea
484 3831 548 3886 quae
560 3812 820 3885 comprehenderit.
838 3811 918 3867 Scru-

64 3891 141 3942 tatur
155 3888 250 3959 ipsum
264 3889 386 3954 vincere,
402 3887 478 3941 uude
494 3886 601 3940 dictum
617 3889 673 3939 sit:
694 3883 832 3950 dicemus,
848 3882 916 3940 avi.

65 3959 112 4033 Vis
136 3977 224 4030 quare
250 3959 288 4013 sic
312 3959 482 4030 appellatur,
505 3958 653 4028 requiret:
677 3954 808 4009 redditur
832 3953 917 4022 ratio,

63 4030 257 4102 quiarobusto
272 4034 300 4084 et
310 4031 403 4083 valido
416 4045 486 4082 sono
497 4031 616 4082 verbum
631 4027 683 4090 rei,
695 4042 759 4097 quae
775 4025 918 4096 significa·
940 4082 946 4089 ,

64 4106 122 4168 tur,
139 4101 280 4171 congruit.
299 4101 375 4154 Ultra
398 4097 475 4170 quod
495 4099 623 4169 requirat
641 4112 700 4150 non
724 4097 821 4150 habet.
844 4097 919 4161 Quot

63 4172 159 4229 modis
174 4178 270 4227 aulem
284 4172 366 4241 origo
388 4170 542 4223 verborum
558 4170 738 4236 corruptione
757 4183 858 4221 vocum
874 4183 919 4221 va·

62 4245 163 4312 rietur,
179 4245 309 4326 ineptum
326 4245 368 4296 θεῖ
381 4239 518 4311 prosequi
534 4255 541 4293 z
558 4254 626 4293 nam
642 4242 670 4290 et
685 4238 815 4307 longum,
828 4243 856 4292 θῖ
866 4239 919 4293 mi·

64 4332 118 4370 uus
133 4332 218 4388 quam
233 4315 282 4369 illa
300 4329 365 4384 quae
379 4312 453 4366 dicta
468 4315 541 4370 sunt,
559 4307 750 4363 necessarium
765 4312 816 4363 est.

271 4385 384 4439 CAPUT
404 4382 462 4437 Vll.
483 4413 517 4420 —
536 4383 572 4435 Dc
585 4382 613 4434 ui
626 4379 710 4434 uerbi.

101 4459 123 4511 N
128 4472 182 4511 unc
195 4455 252 4510 vim
268 4456 430 4520 verborum,
447 4456 588 4523 qnantum
603 4467 647 4504 res
662 4449 779 4521 patitur,
795 4448 918 4504 breviter

64 4528 287 4582 consideremus.
311 4527 358 4580 Vis
383 4526 462 4579 verbi
482 4528 532 4586 est,
550 4538 607 4594 qua
625 4521 807 4592 cognoscitur
830 4536 920 4592 quan·

64 4601 128 4652 tum
141 4598 249 4652 valeat:
263 4598 442 4651 calciantem
457 4600 579 4657 tantum,
595 4599 736 4664 quantum
753 4592 917 4646 audientem

64 4684 179 4722 movere
191 4672 292 4738 potest.
306 4670 394 4722 Porro
409 4671 504 4720 movet
516 4664 689 4729 audientem,
700 4667 749 4716 aut
761 4663 918 4716 secundum

66 4754 106 4804 se,
124 4745 173 4792 aut
196 4739 352 4792 secundum
373 4737 402 4790 id
417 4736 494 4807 quod
513 4734 663 4806 siguificat,
680 4739 729 4788 aut
745 4749 777 4788 ex
795 4739 917 4804 utroque

65 4809 266 4864 communiter.
282 4809 334 4863 Sed
349 4824 415 4861 eum
430 4807 585 4860 secundum
601 4821 630 4858 εθ
644 4808 749 4869 movet,
761 4808 811 4857 aut
826 4803 861 4857 ad
876 4820 919 4857 so-

65 4881 127 4934 lum
142 4895 257 4933 sensum
273 4879 407 4950 pertinet,
417 4883 466 4931 aut
480 4876 516 4931 ad
530 4880 691 4943 artemam
705 4875 739 4929 nd
750 4881 916 4955 utrumque.

65 4951 170 5005 Sensus
185 4957 281 5003 autem
295 4955 344 5004 aut
359 4955 462 5003 natura
478 4956 616 5013 movetur,
639 4952 689 5001 aut
702 4947 916 5000 consuetudine.

66 5022 173 5076 Natura
187 5027 318 5075 movetur
332 5020 361 5074 in
378 5036 422 5086 θο,
439 5019 518 5091 quod
537 5018 691 5072 offenditur
705 5018 729 5070 si
744 5017 808 5089 quis
824 5016 919 5071 nomi·

65 5097 115 5147 net
133 5099 318 5146 Artaxerxem
340 5107 448 5161 regem,
464 5091 506 5145 vel
523 5089 665 5143 mulcetur
680 5104 745 5142 cum
769 5087 848 5143 audit
865 5088 920 5142 Eu·

64 5164 187 5235 ryalum.
204 5163 272 5228 Quis
287 5163 363 5216 enim
379 5162 491 5216 etiamsi
506 5160 579 5214 nibil
596 5161 694 5231 utique
715 5160 749 5213 de
766 5158 810 5212 his
824 5159 918 5212 homi·

65 5235 150 5290 nibus
167 5235 299 5301 audierit,
316 5250 437 5305 quorum
454 5233 508 5286 isto
527 5235 594 5285 sunt
609 5230 735 5294 nomina,
750 5245 809 5283 uon
823 5234 919 5284 tamen

63 5307 160 5362 inille
180 5306 362 5377 asperitatem
387 5304 552 5368 maximam,
570 5307 597 5356 et
611 5302 640 5356 in
662 5304 715 5355 hoc
736 5300 845 5371 judicet
860 5316 919 5354 esse

63 5378 212 5433 leuitatem
223 5382 236 5429 ‘l
250 5376 462 5432 consuetudine
481 5379 613 5428 movetur
627 5388 735 5437 sensus,
752 5388 816 5425 cum
834 5371 921 5426 offen·

63 5450 143 5505 ditur
153 5466 217 5504 cum
232 5448 312 5502 audit
323 5447 459 5518 quiddam
473 5463 479 5501 :
492 5462 558 5500 nam
570 5445 616 5500 hic
629 5445 664 5498 ad
677 5442 846 5496 suavitatem
858 5441 920 5496 seni

63 5524 109 5576 vel
125 5521 327 5576 insuavitatem
342 5518 414 5573 nihil
430 5519 569 5584 interest;
584 5516 633 5570 sed
649 5521 744 5569 lamen
760 5513 856 5567 valent
869 5530 920 5567 au·

65 5592 142 5648 rium
157 5592 317 5663 penetralia
329 5593 559 5657 mormannum
577 5602 628 5659 per
639 5602 668 5640 se
683 5589 862 5640 transeuntes
878 5600 921 5638 so·

66 5678 119 5717 υοε
141 5663 222 5734 quasi
245 5661 372 5735 hospites
388 5666 480 5726 notos,
497 5675 533 5715 au
548 5658 663 5740 ignotos
685 5656 835 5739 recipiant.
852 5659 920 5711 Arte

65 5736 165 5790 autem
178 5740 311 5793 movetur
325 5733 523 5802 anditor,cum
537 5731 686 5789 euunnato
701 5728 756 5785 srbr
770 5726 868 5798 verbo,
877 5730 920 5785 at·

848 214 1043 274 seranum.

1753 226 1822 283 lm

973 340 1138 411 tenditque
1153 340 1190 395 sit
1204 357 1269 412 pars
1284 341 1431 408 orationis,
1447 343 1490 396 vel
1506 343 1612 416 siquid
1629 346 1707 402 uliud
1723 347 1754 403 iri
1776 350 1821 406 his

973 411 1141 483 disciplinis,
1156 428 1220 483 quse
1235 412 1269 466 de
1282 413 1372 467 verbis
1387 414 1549 482 traduntur,
1564 417 1682 487 accepit.
1698 422 1733 474 At
1753 436 1820 475 vero

972 499 1005 537 ex
1021 489 1153 554 utroque,
1168 483 1251 537 idest
1266 489 1388 537 θῖεθυευ
1403 490 1431 537 θῖ
1442 493 1502 540 arte
1516 489 1550 540 de
1566 488 1650 542 verbo
1663 491 1819 560 judicatur,

972 570 1038 608 cum
1049 554 1087 621 id,
1105 555 1180 624 quod
1192 570 1275 607 aures
1290 556 1457 622 metiuntur,
1471 558 1544 611 ratio
1560 564 1651 627 notat,
1672 567 1700 614 θῖ
1715 578 1821 617 nomen

972 624 1013 679 ita
1026 627 1144 695 ponitur
1156 641 1162 691 ;
1180 630 1210 679 υῖ
1225 625 1339 690 dicitur,
1350 626 1474 696 optimus
1485 644 1490 680 :
1503 644 1567 682 mox
1577 636 1608 683 υῖ
1622 647 1721 685 aurem
1736 636 1821 704 longa

972 711 1030 750 una
1040 696 1146 768 syllaba
1158 701 1186 750 et
1200 696 1264 751 duae
1280 696 1377 750 breves
1390 698 1604 768 hujusnominis
1617 709 1820 772 percusserint,

973 767 1085 820 animus
1098 783 1130 821 ex
1146 773 1205 821 arte
1220 769 1315 821 statim
1327 768 1429 838 pedem
1443 770 1587 841 dactylum
1601 774 1736 842 agnoscit.
1753 774 1823 830 Sen-

973 854 1036 891 sum
1047 854 1114 892 vero
1127 855 1183 892 non
1199 842 1356 892 secundum
1371 856 1409 905 se,
1426 840 1474 894 sed
1489 843 1644 896 seeundum
1655 844 1682 897 id
1698 845 1774 915 quod
1787 846 1823 899 si-

973 909 1089 978 gniticat
1103 910 1222 963 verbum
1239 917 1344 978 movet,
1359 913 1474 980 quaudo
1496 929 1548 982 per
1572 915 1691 968 verbum
1708 920 1822 988 accepto

972 980 1063 1050 signo,
1081 981 1193 1034 animus
1206 981 1277 1034 nihil
1298 981 1373 1034 aliud
1391 998 1476 1052 qnam
1492 984 1582 1053 ipsam
1598 1001 1659 1039 rem
1681 985 1822 1052 intuetur,

972 1053 1053 1122 cujus
1068 1051 1138 1105 illud
1149 1053 1264 1123 signum
1282 1057 1324 1106 est
1339 1054 1416 1122 quod
1432 1056 1540 1124 accepit
1554 1071 1560 1108 :
1573 1061 1604 1109 nt
1625 1072 1701 1122 cum,
1721 1059 1823 1128 hugu-

972 1122 1046 1176 stino
1061 1123 1221 1188 nominato,
1236 1123 1306 1176 nihii
1322 1124 1398 1178 aliud
1414 1141 1500 1195 qnam
1517 1142 1569 1197 ego
1584 1127 1644 1196 ipse
1659 1128 1770 1199 cogitur
1785 1129 1821 1182 ab

972 1190 1045 1262 ipso,
1060 1194 1106 1248 cui
1122 1200 1204 1247 notus
1217 1210 1280 1248 sum
1293 1193 1351 1265 (u):
1367 1200 1416 1248 aut
1431 1197 1550 1266 quilibet
1565 1199 1714 1252 bominum
1731 1198 1821 1253 menti

973 1264 1106 1330 occurrit,
1132 1265 1152 1318 si
1170 1264 1242 1318 forte
1257 1265 1310 1318 huc
1326 1282 1441 1332 nomen,
1462 1267 1504 1321 vel
1520 1268 1569 1338 qui
1585 1285 1629 1323 me
1645 1269 1758 1339 ignorat
1772 1285 1822 1324 au-

973 1334 1067 1401 dierit,
1084 1336 1125 1388 vel
1142 1336 1192 1405 qni
1208 1335 1295 1389 alium
1312 1337 1400 1400 novit,
1422 1338 1471 1407 qui
1495 1341 1671 1408 Augustinus
1696 1345 1821 1395 vocetur.

973 1406 1045 1459 Cum
1060 1412 1155 1459 aulem
1172 1407 1256 1459 simul
1273 1412 1301 1459 et
1311 1407 1467 1461 secuudum
1483 1424 1512 1461 se
1526 1411 1643 1464 verbum
1660 1416 1756 1465 movet
1770 1427 1822 1466 au·

972 1476 1108 1541 dientem,
1133 1481 1162 1530 et
1187 1477 1343 1531 secuudum
1354 1478 1382 1531 id
1396 1478 1636 1548 quodsiguiticat3
1647 1487 1749 1536 tuucat
1760 1482 1823 1553 ipsa

973 1548 1144 1613 enuntiatio,
1161 1552 1188 1601 θῖ
1202 1548 1230 1602 id
1247 1549 1324 1629 quud
1344 1550 1379 1602 ab
1399 1565 1433 1602 eo
1459 1552 1634 1615 enuntiatur,
1660 1553 1745 1606 simul
1771 1554 1822 1607 ad-

973 1617 1101 1672 vertitur.
1125 1619 1202 1673 Unde
1216 1635 1293 1672 earm
1314 1619 1346 1672 iit
1361 1619 1437 1690 quod
1456 1636 1514 1675 non
1537 1622 1691 1677 offenditur
1710 1623 1824 1678 aurium

973 1691 1173 1754 castitas,cum
1202 1691 1291 1751 audit,
1309 1691 1402 1754 Manu,
1429 1697 1537 1760 ventre,
1561 1709 1646 1762 pene,
1674 1694 1748 1747 bona
1772 1711 1823 1766 pa·

972 1760 1028 1813 tria
1043 1760 1229 1826 laceraverat;
1248 1759 1440 1814 offenderetur
1454 1768 1549 1815 autem
1566 1764 1589 1816 si
1612 1763 1741 1818 obscaena
1757 1781 1824 1835 pars

973 1829 1101 1899 corporis
1121 1829 1235 1884 sordido
1257 1847 1289 1884 ac
1304 1831 1415 1901 vulgari
1436 1832 1552 1887 nomine
1564 1835 1779 1904 appellaretur?
1794 1836 1824 1892 in

972 1899 1025 1954 hoc
1041 1906 1135 1953 antem
1152 1917 1267 1955 sensum
1287 1901 1474 1972 animumque
1489 1904 1640 1975 utriusque
1657 1906 1823 1964 deformitas

973 1969 1141 2034 offenderet,
1157 1971 1211 2025 nisi
1227 1972 1276 2025 illa
1289 1973 1436 2042 turpitudo
1460 1975 1500 2027 rei
1515 1991 1579 2045 quen
1594 1976 1754 2046 significata
1768 1982 1822 2048 θεῖ,

973 2042 1074 2095 decore
1085 2042 1163 2095 verbi
1179 2042 1366 2112 significantis
1381 2043 1551 2114 operiretur,
1567 2063 1632 2100 cum
1659 2064 1704 2101 res
1722 2050 1822 2103 eadem
1879 2055 1882 2058 '

972 2112 1019 2169 sit.
1049 2113 1131 2182 cujus
1146 2118 1301 2184 utrumque
1316 2114 1485 2169 vocabulum
1500 2123 1541 2170 θεῖ
1557 2133 1563 2170 z
1587 2118 1675 2172 veluti
1697 2134 1753 2175 non
1768 2121 1824 2175 alia

972 2183 1118 2247 meretrix,
1135 2185 1184 2238 sed
1199 2185 1282 2238 aliter
1292 2191 1387 2239 tamen
1402 2185 1514 2240 videtur
1525 2204 1559 2242 eo
1575 2191 1663 2255 cultu,
1681 2205 1737 2261 quo
1758 2195 1823 2246 nuta

969 2254 1097 2325 judicem
1108 2259 1181 2308 stare
1195 2257 1308 2324 assolet,
1324 2256 1408 2311 aliter
1421 2273 1453 2311 eo
1469 2274 1526 2328 quo
1542 2260 1569 2312 in
1584 2260 1724 2315 luxuriosi
1739 2262 1823 2317 cubi·

972 2326 1036 2379 culo
1058 2326 1174 2395 jaceret.
1192 2326 1262 2380 Cum
1277 2328 1365 2396 igitur
1386 2333 1496 2383 tantam
1524 2329 1582 2383 vim
1597 2335 1714 2401 tamque
1729 2333 1825 2387 mulli·

972 2397 1076 2467 plicam
1095 2402 1232 2466 appareat
1251 2414 1312 2452 θεεθ
1339 2399 1503 2464 verborum,
1519 2416 1605 2471 quam
1634 2402 1757 2457 breviter
1771 2420 1823 2474 pro

973 2472 1102 2536 tempore
1113 2468 1336 2540 summatimque
1351 2469 1498 2541 attigimus
1511 2491 1518 2536 ;
1535 2472 1637 2542 duplex
1650 2473 1696 2528 hic
1710 2490 1744 2527 ex
1756 2491 1824 2529 con·

972 2538 1146 2591 sideratioue
1161 2556 1261 2592 seusus
1277 2540 1404 2593 nascitur
1420 2558 1426 2595 :
1441 2543 1546 2611 partim
1555 2550 1675 2614 propter
1687 2545 1825 2614 explican-

973 2608 1216 2675 damnitatem,
1232 2612 1337 2681 partim
1353 2617 1470 2681 prepter
1484 2614 1653 2668 servandum
1680 2615 1824 2684 decorem,

973 2694 1095 2749 quorum
1110 2680 1237 2748 primum
1253 2680 1286 2734 ad
1302 2681 1491 2748 dialecticum,
1508 2686 1664 2738 secundum
1677 2685 1713 2739 ad
1728 2692 1823 2740 orato-

973 2765 1034 2803 rem
1050 2752 1173 2804 maxime
1190 2751 1323 2821 pertinet.
1341 2753 1473 2815 Quamvis
1488 2754 1565 2807 enim
1582 2771 1634 2809 nec
1654 2756 1824 2826 disputatio·

973 2836 1039 2873 uem
1056 2821 1154 2874 deceat
1168 2821 1305 2892 ineptam,
1318 2838 1370 2875 nec
1382 2822 1577 2894 eloquentiam
1605 2832 1735 2896 oporteat
1762 2842 1824 2882 esse

973 2896 1160 2957 mendacem,
1176 2896 1271 2946 tamen
1295 2893 1364 2946 etin
1381 2893 1430 2947 illa
1453 2910 1528 2964 saepa
1553 2901 1638 2965 atque
1665 2897 1735 2952 aden
1749 2914 1824 2969 pene

949 2976 957 2997 ¹
973 2977 1086 3032 semper
1101 2963 1235 3016 audiendi
1253 2962 1368 3016 delicias
1384 2965 1512 3019 discendi
1526 2966 1630 3037 cupido
1656 2970 1823 3036 coutemnit,

973 3033 1105 3088 etinhac
1121 3033 1283 3104 imperitior
1304 3034 1458 3090 multitudo
1484 3038 1562 3106 quod
1586 3045 1686 3092 ornate
1709 3039 1822 3106 dicitur,

973 3104 1059 3159 etiam
1081 3120 1146 3158 vere
1164 3104 1219 3158 dici
1233 3104 1395 3159 arbitratur.
1414 3109 1486 3177 Ergo
1506 3124 1571 3162 cum
1597 3117 1733 3179 appareat
1756 3111 1825 3182 quid

973 3175 1010 3230 sit
1023 3175 1248 3247 uniuscujusque
1263 3177 1424 3246 proprium,
1440 3179 1623 3235 manifestum
1636 3187 1677 3234 est
1690 3185 1717 3236 et
1726 3181 1824 3253 dispu-

973 3250 1105 3312 tatorem,
1122 3248 1145 3300 si
1160 3263 1217 3317 qua
1232 3247 1258 3301 ei
1274 3248 1434 3302 delectandi
1449 3264 1516 3303 cura
1529 3255 1580 3318 θεῖ,
1596 3252 1737 3307 rhetorico
1749 3254 1824 3307 colo·
1883 3269 1884 3273 ’

972 3333 1003 3371 re
1017 3319 1228 3388 aspergendum
1241 3335 1248 3385 ;
1261 3324 1288 3373 θῖ
1298 3324 1452 3384 oratorem,
1466 3321 1643 3376 siveritatem
1654 3325 1825 3395 persuadere

972 3389 1043 3454 vult,
1058 3388 1211 3443 dialecticis
1225 3390 1307 3460 quasi
1324 3391 1417 3445 nervis
1431 3399 1518 3464 atque
1534 3394 1646 3448 ossibus
1661 3411 1721 3449 θεεθ
1737 3396 1824 3450 rebo-

973 3461 1106 3539 randum,
1123 3476 1188 3531 quae
1200 3461 1262 3531 ipsa
1276 3466 1378 3516 natura
1393 3463 1558 3533 corporibus
1579 3464 1694 3531 nostris,
1711 3482 1763 3519 nec
1776 3466 1826 3520 fir-

972 3531 1066 3610 mitati
1079 3531 1183 3585 virium
1199 3532 1365 3586 subtrahere
1381 3533 1485 3603 potuit,
1502 3550 1553 3588 nec
1573 3536 1722 3590 oculorum
1736 3536 1825 3592 offen·

972 3601 1045 3680 sinui
1061 3607 1157 3673 patere
1175 3602 1313 3673 permisit.
1332 3605 1429 3674 Itaque
1447 3621 1523 3659 nuuc
1560 3614 1656 3677 ropter
1675 3607 1826 3663 veritatem

972 3671 1195 3754 dijudicandam,
1216 3673 1291 3744 quod
1314 3674 1461 3728 dialectica
1474 3677 1634 3747 proirtatur,
1652 3694 1684 3732 ex
1700 3678 1753 3733 hac
1765 3694 1827 3734 ver·

970 3741 1075 3823 borum
1088 3744 1126 3808 vi,
1143 3760 1225 3814 cujus
1240 3745 1372 3815 quaedam
1387 3762 1497 3801 semma
1510 3748 1677 3821 sparsimus,
1693 3765 1758 3823 quas
1771 3749 1825 3805 im·

971 3813 1137 3883 pedimenta
1154 3821 1307 3870 nascantur
1322 3816 1480 3873 videamus.

973 3910 1086 3965 CAPUT
1119 3911 1187 3966 vltt.
1212 3942 1247 3951 —
1263 3912 1410 3969 Obscurum
1436 3917 1826 3989 etcmblpuum.1lifferentiae

1061 3982 1169 4038 obscuri
1184 3987 1209 4038 ct
1218 3986 1349 4052 urnbipui.
1364 3987 1432 4040 Tria
1442 4003 1540 4054 pennu
1552 3989 1734 4045 obscurorum.

1009 4069 1050 4123 Im
1073 4069 1132 4124 edit
1146 4071 1307 4124 auditorem
1318 4070 1352 4124 ad
1362 4073 1668 4130 veritatemvidendam
1680 4077 1709 4130 iu
1719 4079 1823 4146 verbis,

972 4145 1024 4220 aut
1038 4086 1194 4195 oiiscuritas
1211 4146 1259 4193 aut
1273 4141 1457 4210 ambiguitas.
1472 4145 1549 4197 luter
1563 4147 1717 4200 obscurum
1729 4152 1826 4203 etam·

973 4211 1093 4279 iuguum
1107 4210 1160 4263 hoc
1175 4210 1302 4275 interest,
1313 4213 1390 4282 quod
1405 4214 1435 4266 iu
1452 4213 1587 4283 ambiguo
1599 4217 1682 4286 plura
1692 4233 1722 4271 εθ
1733 4223 1825 4274 οεῖθυ·

973 4281 1056 4361 dunt,
1069 4297 1191 4350 qnorum
1205 4282 1274 4350 quid
1288 4283 1384 4351 potius
1398 4284 1595 4354 accipiendum
1616 4287 1651 4340 sit
1663 4288 1822 4358 ignoratum

972 4367 1002 4405 ru
1018 4351 1137 4405 obscuro
1152 4357 1248 4406 autem
1263 4353 1346 4417 nihil,
1364 4361 1413 4408 aut
1429 4371 1531 4424 parum
1547 4357 1623 4424 quod
1648 4361 1822 4428 attendatur,

972 4427 1100 4491 apparet.
1122 4422 1175 4476 Sed
1192 4424 1242 4477 ubi
1254 4439 1357 4493 parum
1371 4431 1414 4478 est
1434 4427 1509 4495 quod
1525 4432 1653 4496 apparet,
1669 4430 1824 4486 obscurum

972 4499 1015 4546 θεῖ
1028 4492 1164 4562 ambiguo
1177 4493 1286 4549 simile:
1304 4495 1391 4549 veluti
1408 4496 1431 4548 si
1446 4496 1511 4565 quis
1528 4497 1691 4566 ingrediens
1704 4500 1769 4566 iter,
1779 4518 1824 4557 ex·

972 4563 1096 4633 cipiatur
1109 4565 1204 4634 aliquo
1219 4566 1304 4629 bivio,
1321 4567 1364 4619 vel
1382 4566 1476 4630 trivio,
1501 4568 1657 4635 ueletiam,
1676 4576 1707 4625 υῖ
1720 4571 1760 4626 ῖῖθ
1780 4574 1824 4628 di·

972 4650 1045 4700 cam,
1062 4635 1192 4689 multivia
1208 4637 1280 4700 loco,
1296 4637 1344 4690 sed
1357 4636 1496 4691 densitate
1508 4639 1620 4693 nebula
1632 4642 1702 4696 nibil
1712 4644 1824 4700 viarum

973 4708 1047 4776 quod
1060 4712 1112 4774 est,
1122 4708 1247 4761 eluceat:
1264 4721 1333 4777 ergo
1349 4724 1365 4761 a
1381 4709 1528 4779 pergendo
1544 4711 1623 4780 prius
1650 4714 1826 4771 obscuritate

972 4779 1095 4831 tenetur.
1111 4779 1147 4831 At
1168 4777 1216 4830 ubi
1231 4777 1412 4847 aliquantum
1441 4796 1583 4835 rarescere
1605 4785 1719 4840 nebulae
1734 4803 1825 4859 cospe-

973 4847 1041 4913 rint,
1057 4848 1170 4902 videtur
1185 4848 1304 4919 aliquid,
1350 4850 1406 4903 und
1435 4856 1533 4904 utrum
1556 4852 1600 4907 via
1616 4855 1661 4923 sit,
1676 4873 1712 4911 au
1740 4864 1824 4912 terrm

973 4918 1107 4988 proprius
1120 4924 1148 4972 et
1172 4918 1292 4973 nitidior
1307 4866 1386 4974 ctiior
1407 4921 1547 4977 incertum
1564 4931 1621 4980 est:
1651 4928 1704 4981 hoc
1718 4934 1761 4981 est
1773 4929 1824 4983 ob·

973 5005 1087 5069 scuram
1101 4989 1356 5071 ambiguolsimile.
1376 4992 1570 5049 ililucescenta
1594 4998 1666 5051 coelo
1683 5004 1825 5068 quantum

973 5062 1145 5114 oculissatts
1168 5067 1213 5125 ειῖ,
1235 5077 1295 5131 Jarn
1317 5062 1448 5117 omnium
1463 5066 1575 5121 viarum
1599 5069 1732 5122 deductio
1748 5070 1825 5125 clara

974 5136 1017 5184 θεῖ
1030 5147 1036 5193 ;
1047 5131 1096 5211 sed
1108 5147 1165 5201 qua
1179 5131 1214 5185 sit
1225 5133 1412 5201 pergendum,
1429 5151 1487 5188 non
1504 5138 1685 5203 obscuritate,
1699 5139 1746 5194 sed
1762 5157 1824 5195 am·

974 5201 1113 5271 bigmlale
1129 5202 1286 5257 dubitatur.
1296 5204 1632 5262 itemsuntohscurorum
1640 5225 1745 5279 genera
1753 5211 1822 5267 tria:

974 5288 1064 5327 nuum
1075 5277 1117 5353 est
1131 5274 1205 5354 quod
1223 5275 1318 5328 sensui
1332 5282 1419 5346 patet,
1434 5279 1530 5331 animo
1546 5279 1675 5333 clausum
1690 5286 1732 5335 est
1742 5297 1749 5347 ;
1760 5287 1825 5339 tan-

973 5359 1060 5414 quam
1075 5360 1099 5398 ει
1109 5360 1174 5415 qms
1188 5346 1297 5399 malum
1312 5347 1451 5417 punicum
1466 5350 1574 5418 pictum
1588 5350 1692 5419 videat,
1709 5353 1759 5424 qui
1774 5370 1824 5410 na·
1902 5364 1905 5370 '

1005 5484 1045 5557 (αῖ
1055 5484 1091 5532 Ex
1100 5483 1155 5556 'hoc
1169 5484 1227 5535 loco
1240 5485 1336 5535 diserte
1350 5488 1607 5550 sequiturauctorem
1618 5490 1728 5555 hujusce
1742 5494 1825 5547 libelli

974 5560 1106 5596 υουυυθυ
1118 5548 1306 5608 angustinum.
1316 5547 1449 5606 Quisvero
1457 5551 1492 5599 sit
1506 5549 1550 5600 ille
1567 5554 1731 5616 Augustinus
1741 5557 1825 5609 incer

974 5611 1031 5659 tum
1046 5614 1095 5659 est.
1117 5609 1279 5669 Quibusdam
1298 5611 1325 5660 in
1343 5615 1457 5661 mentem
1477 5612 1683 5666 veniteumdem
1697 5632 1753 5670 esse
1781 5621 1825 5671 cui

973 5672 1138 5786 ξυῖῖέυυυῖυῖἰ
1141 5672 1201 5722 libri
1211 5673 1243 5785 ἓξ
1252 5671 1416 5725 Mirabilibns
1426 5673 1452 5724 S.
1468 5673 1609 5740 Scriptura
1620 5679 1825 5747 inappendiccm

988 5770 995 5784 .
1029 5747 1118 5800 ,reJec
1141 5770 1148 5786 .
1239 5771 1246 5785 .
