3884 6112
150 276 197 330 333
752 264 838 322 VITA
867 264 894 318 S.
929 258 1122 319 AUGUS'l'lNl
1149 262 1318 319 entsdorf.
1853 266 1904 328 332

146 413 222 455 nemo
231 396 353 466 mntejus
363 393 469 450 silentio
479 390 699 457 liberandus,sed
708 390 788 445 multi
797 391 879 444 ctiam
888 388 998 442 illorum
1053 400 1118 441 rum
1131 385 1222 455 furor,
1230 384 1459 452 verberarunt,in
1469 383 1719 440 lutulentalacuna
1728 383 1908 451 volutarunt,

146 488 298 544 seductione
305 483 447 556 perdendi.
455 483 579 537 Sioutem
588 479 910 549 ueritutispraedicotione
918 477 998 543 furor
1053 490 1085 529 ac
1098 481 1175 531 veste
1187 476 1301 547 juncea,
1317 491 1404 547 quam
1424 473 1531 529 budam
1551 473 1701 538 vocabant,
1722 472 1905 529 induerunt:

63 633 69 638 ,
146 575 293 633 commod
313 572 475 629 seruiendum
494 575 695 641 provocaretur,
717 566 854 636 aliquibus
876 564 997 619 liberatis
1052 580 1174 636 cumque
1188 565 1271 619 illum
1286 566 1340 620 hoc
1356 568 1460 618 ornatu
1474 563 1682 634 aliquantisper
1704 562 1829 618 aliorum
1845 562 1907 634 qui·

145 667 300 735 nostrisque
312 664 440 734 firmatis,
456 674 551 714 rursus
566 676 583 713 n
598 658 734 727 sequmdo
751 658 865 710 onitate
877 653 997 722 fumido
1053 652 1117 707 deni
1130 654 1213 731 J'ocis,
1235 653 1358 708 aliorum
1382 668 1449 708 vero
1471 652 1562 706 dolori
1584 651 1790 723 exposuissent,
1806 668 1907 724 quem·

147 753 292 824 impediret
313 754 433 820 infirmos
457 749 553 817 (Epist.
587 749 648 816 385,
673 761 700 800 n.
730 744 782 813 38).
811 745 904 812 Atque
934 742 997 797 haec
1052 741 1118 796 dam
1148 742 1178 797 in
1206 743 1301 797 locum
1325 740 1515 806 abduxerunt,
1542 740 1623 811 cujus
1647 740 1727 796 aditu
1753 740 1906 796 Catholicis

147 841 305 898 fueruntin
324 855 418 906 causa,
440 852 490 890 cur
508 834 658 902 antistites,
671 837 703 887 ut
717 848 792 886 anno
811 830 941 902 sequenti
954 830 996 884 ri·
1052 830 1185 885 omnibus
1205 830 1387 886 interdictum
1410 833 1480 893 crat,
1506 833 1535 884 et
1558 828 1605 883 vix
1619 833 1686 900 post
1699 827 1904 885 duodecimum

148 929 207 985 suri
217 923 514 996 sumus,1mperatoris
525 921 692 993 praesidium
703 920 900 991 implorarent.
913 920 995 973 Auno
1052 917 1128 973 diem
1153 919 1325 974 dimiserunt
1345 920 1454 991 (Contra
1475 920 1655 984 cresconium,
1677 917 1725 973 lib.
1753 921 1781 986 3,
1802 933 1831 979 n.
1848 917 1901 987 53).

146 1034 213 1074 vero
228 1014 368 1088 superiori
384 1013 505 1067 furiosos
515 1011 644 1081 ejusdem
656 1008 788 1064 factionis
798 1012 916 1063 conatus
931 1024 995 1061 san·
1051 1007 1148 1079 Neque
1163 1009 1250 1063 etiam
1269 1008 1343 1064 forte
1365 1007 1448 1063 illum
1471 1006 1591 1062 omnino
1610 1006 1689 1062 abire
1703 1006 1783 1077 passi
1797 1011 1899 1072 333333,

146 1112 208 1162 ctus
221 1104 327 1160 Praesul
348 1102 521 1174 querebatur
536 1099 566 1154 in
586 1099 648 1154 haec
667 1098 751 1152 verba
769 1114 775 1152 :
793 1098 839 1151 An
857 1111 919 1151 vcro
938 1098 995 1150 uio·
1050 1097 1081 1151 ni
1104 1097 1308 1153 Proculeianus
1334 1113 1435 1152 eorum
1459 1097 1591 1168 Hippone
1619 1095 1770 1167 episcopus
1795 1095 1900 1151 ueritus

146 1199 223 1253 lentis
245 1194 399 1250 incursibus
423 1191 671 1248 circumcellionum
693 1192 853 1253 nestrorum,
875 1187 924 1254 qui
945 1185 995 1240 sub
1049 1184 1158 1252 fuisset,
1174 1202 1209 1241 33
1224 1202 1258 1241 33
1272 1185 1305 1241 33
1320 1202 1405 1241 causa
1425 1186 1456 1241 iu
1474 1187 1521 1256 jus
1534 1186 1697 1241 traheretur
1714 1184 1815 1256 (Epist.
1841 1184 1898 1255 liti,

144 1291 232 1341 uestro
248 1286 408 1355 principatu
425 1280 539 1348 furiosis
558 1277 713 1346 oqminibus
734 1277 864 1341 militant,
887 1290 941 1329 non
961 1290 995 1329 33
1048 1289 1077 1329 n.
1094 1274 1131 1344 3).
1147 1275 1187 1328 De
1201 1275 1254 1328 hae
1268 1273 1415 1344 violentia,
1430 1275 1524 1345 deque
1539 1277 1581 1329 tot
1595 1273 1669 1341 aliis,
1686 1273 1794 1345 quihus
1809 1274 1897 1329 Dona·

145 1376 221 1444 oqris
236 1373 356 1440 undique
367 1371 541 1440 pelleremur;
552 1369 610 1421 nisi
623 1380 668 1420 uos
683 1365 787 1420 obsides
797 1367 826 1418 in
839 1363 995 1419 ciuitatibus
1049 1363 1123 1418 tistoe
1144 1363 1304 1419 catholicos
1326 1380 1385 1418 suec
1409 1363 1536 1419 dioecesis
1555 1363 1704 1429 vexabant,
1720 1362 1897 1434 expostulare

145 1467 302 1528 teneremus,
319 1461 367 1530 qui
385 1457 582 1528 quoquomodo
602 1458 692 1525 ipsum
704 1455 805 1521 sociem
818 1452 955 1522 publicum
970 1457 994 1508 et
1049 1451 1127 1522 apud
1141 1454 1280 1508 Caesarem
1305 1452 1400 1508 noluit
1412 1452 1590 1523 Augustinus
1604 1455 1705 1522 (Epist.
1729 1453 1776 1520 88,
1795 1467 1824 1507 n.
1845 1451 1873 1523 7)
1888 1468 1895 1507 :

145 1552 314 1606 honestorum
328 1549 568 1618 reprehensionem,
582 1549 607 1599 ct
615 1546 641 1598 si
654 1558 707 1598 non
721 1545 826 1609 timore,
837 1542 878 1596 oet
891 1541 995 1611 pudore
1049 1556 1148 1595 verum
1168 1545 1285 1612 questus
1301 1545 1343 1595 est
1359 1541 1556 1596 tantummodo
1576 1539 1651 1612 apud
1666 1539 1896 1610 Proculeianum,

144 1642 217 1708 ferre
230 1640 345 1694 nolitis?
360 1638 468 1705 (Contra
483 1637 598 1690 litteras
613 1632 750 1697 Petiliam,
767 1630 814 1685 lib.
830 1632 856 1696 3,
874 1645 902 1683 n.
922 1628 992 1700 383).
1049 1629 1104 1696 cni,
1129 1645 1165 1683 ne
1188 1628 1380 1700 ignorantiam
1395 1629 1545 1685 ostendere
1570 1633 1676 1701 posset,
1692 1629 1758 1684 illas
1778 1628 1896 1684 authen·

180 1733 207 1784 2.
224 1729 280 1783 Hoc
290 1726 352 1797 ipso
366 1725 464 1779 forsan
478 1727 605 1792 tempore
616 1724 682 1791 post
696 1717 896 1774 demandatam
909 1717 994 1772 variis
1048 1718 1104 1773 tico
1126 1722 1200 1788 actu,
1215 1734 1272 1791 quo
1293 1718 1327 1774 de
1342 1721 1422 1774 tanta
1443 1718 1590 1773 sarcienda
1610 1717 1718 1789 injuria
1732 1733 1802 1773 eum
1821 1732 1896 1772 com·

145 1816 295 1889 episcopis,
311 1818 338 1869 et
353 1812 428 1868 hand
444 1810 528 1866 dubie
543 1811 573 1863 in
588 1807 689 1879 primis
701 1806 872 1877 Augustino,
889 1804 993 1876 praedi·
1048 1807 1183 1878 pellebat,
1195 1807 1364 1879 significavit
1376 1808 1486 1879 (Contra
1501 1808 1680 1874 Crescentem,
1693 1806 1741 1861 tib.
1757 1809 1784 1874 3,
1799 1822 1828 1862 n.
1846 1805 1896 1874 53).

144 1906 241 1962 cauden
252 1900 437 1959 schismaticis
450 1896 610 1953 concordiae
620 1911 718 1950 curam
735 1894 841 1965 (Codice
856 1895 993 1951 cononum
1049 1896 1159 1967 Scripto
1174 1896 1361 1951 mandataest
1371 1895 1551 1951 Proculeiani
1563 1895 1709 1967 responsio
1727 1911 1734 1949 :
1751 1893 1898 1966 33333333·

144 1996 247 2064 Attin,
267 2007 328 2048 can.
344 1990 398 2058 63),
418 1987 492 2046 idem
514 1990 627 2041 sanctus
641 1983 764 2038 Antiates
783 1983 813 2037 in
832 1982 993 2054 periculum

143 2083 264 2140 minime
279 2078 391 2135 silentio
400 2073 681 2150 praetermittendum
693 2072 820 2127 incurrit.
835 2071 993 2126 Catholicae

142 2170 242 2242 plebes
256 2183 315 2223 non
334 2165 540 2237 infrequenter,
553 2167 585 2217 nt
603 2178 650 2217 eas
664 2161 817 2216 instruerat
836 2165 922 2232 atque
942 2160 992 2215 ad-

143 2255 285 2313 hortando
299 2255 490 2320 contirmaret,
505 2254 620 2322 rogatus
630 2249 779 2304 invisebat.
792 2248 853 2313 Qua
867 2263 898 2303 re
911 2248 994 2302 intel·

142 2344 216 2398 lecta
230 2340 477 2399 Circumcelliones
488 2337 591 2392 armati
605 2336 663 2390 vias
679 2336 841 2390 obsidentes
856 2334 916 2404 ejus
927 2336 992 2390 cha·

142 2431 218 2488 rituti
232 2430 385 2503 aliquoties
399 2425 524 2482 insidiati
539 2429 614 2480 sunt.
631 2426 667 2479 At
680 2440 744 2478 cum
759 2424 912 2496 aliquando
926 2439 992 2479 eum

141 2521 182 2576 ita
195 2519 325 2575 instructi
345 2518 540 2590 exspectarent
559 2513 623 2569 illac
641 2512 841 2577 transiturum,
862 2528 919 2583 qua
940 2528 993 2567 nec

142 2609 204 2681 ipse
215 2624 266 2664 nec
279 2606 327 2662 alii
341 2605 452 2661 itineris
461 2603 581 2659 comites
590 2601 708 2657 illorum
716 2616 819 2655 manus
832 2601 892 2655 ullo
907 2601 991 2655 modo

140 2696 257 2753 vitaturi
272 2700 376 2762 essent,
396 2691 534 2765 singulari
554 2691 603 2745 Dei
622 2689 800 2760 providentia
815 2688 922 2744 factum
938 2694 991 2756 est,

142 2790 174 2840 ut
188 2784 251 2840 falsi
263 2784 294 2839 in
308 2782 384 2839 bivio
398 2779 523 2837 ductoris
539 2793 634 2833 errore
653 2778 687 2832 de
702 2781 780 2831 recta
792 2776 838 2831 via
857 2776 990 2831 deflecte-

140 2877 214 2929 rent.
229 2875 322 2944 Atque
335 2871 370 2926 ad
384 2886 451 2925 enm
465 2867 585 2923 modum
600 2865 775 2931 deaurantes,
791 2881 849 2937 quo
865 2865 991 2920 destina·

139 2962 219 3029 hant,
235 2977 288 3033 per
308 2959 421 3014 devium
437 2957 491 3012 iter
512 2970 676 3028 pervenere,
698 2970 729 3008 33
748 2953 922 3009 furiosorum
941 2954 992 3008 ho·

140 3048 378 3105 minaminsidias
388 3062 511 3102 evasere.
520 3044 771 3113 intellectopostea
779 3042 991 3097 Donatistarum

141 3136 269 3203 consilio,
285 3135 343 3191 lacti
366 3135 402 3189 oh
421 3137 481 3188 tam
500 3137 695 3204 opportunum
716 3146 854 3198 errorem,
879 3131 935 3185 Deo
955 3130 990 3185 de

140 3224 269 3297 periculo
284 3223 319 3278 ah
332 3222 403 3292 ipsis
416 3221 583 3292 propulsato
596 3218 702 3291 gratias
715 3218 902 3273 reddiderunt
914 3218 990 3287 (Pos-

139 3314 240 3383 sidius,
261 3315 292 3367 in
323 3313 388 3369 Vito
416 3311 577 3378 Augustini,
601 3324 622 3363 c.
647 3310 693 3374 r23
717 3305 873 3373 Enchirid,
898 3322 925 3360 n.
950 3308 988 3376 5).

139 3404 242 3460 3333333
260 3417 327 3457 3333
348 3398 598 3456 Circumcelliones
618 3396 648 3450 in
669 3394 784 3449 clericos
805 3394 924 3449 laicosre
942 3411 989 3450 ca-

139 3493 259 3549 tholicos
273 3491 356 3546 solita
370 3505 420 3544 sua
435 3486 602 3543 crudelitate
618 3484 690 3538 iram
705 3499 820 3538 onmem
842 3489 989 3539 conserte·

137 3587 213 3638 runt.
231 3583 267 3637 Ex
282 3596 339 3652 quo
355 3578 459 3646 euenit,
469 3582 503 3632 ut
517 3575 546 3629 in
561 3589 625 3629 eam
639 3589 701 3628 rem
715 3571 902 3644 inquisitione
916 3571 989 3628 faeta

136 3670 284 3743 publicum
311 3669 537 3723 instrumentum
566 3663 700 3717 adversus
724 3677 773 3716 eos
800 3661 989 3716 contineretur

137 3759 295 3831 (Possidius,
308 3760 339 3810 in
356 3758 420 3811 Vita
434 3753 595 3820 Augustini,
611 3765 633 3805 c.
652 3751 708 3817 iit.

172 3850 200 3901 3.
221 3845 418 3916 Hipponenses
437 3840 541 3906 clerici,
566 3854 631 3910 quoe
652 3841 719 3892 ante
744 3837 862 3892 Honorii
885 3838 986 3906 edicta,

136 3938 165 3989 et
178 3932 352 4003 fcrteetiam
372 3935 438 3984 ante
456 3927 542 3999 hujus
556 3925 627 3981 anui
642 3924 806 3992 concilium,
822 3942 839 3980 a
859 3926 986 3981 Circum·

136 4021 305 4079 cellionihus
319 4021 429 4092 patrata
442 4016 557 4071 fuerant
569 4019 779 4070 memorantes:
797 4015 925 4084 insidias,
937 4015 986 4069 in·

136 4113 248 4185 quiunt,
265 4113 295 4164 in
309 4108 452 4164 itineribus
464 4107 565 4161 nostris
582 4106 715 4174 episcopis
728 4103 905 4171 tetenderunt,
921 4119 985 4158 con-

134 4203 243 4258 clericos
256 4203 361 4254 nostros
370 4197 463 4267 ploqis
473 4195 677 4249 immanissimis
688 4197 896 4262 quassaverunt,
908 4193 985 4247 laicis

136 4294 280 4361 quoquest
293 4289 393 4359 ploqns
408 4283 586 4354 qrouusimos
604 4284 774 4350 3333333333,
789 4286 815 4336 33
834 4283 985 4337 intulerunt

134 4396 225 4436 eorum
243 4378 366 4447 adificiis
380 4373 506 4429 incendio
522 4372 621 4443 (Epist.
638 4373 684 4439 88,
698 4386 725 4425 n.
744 4371 781 4440 6).
798 4369 845 4424 llis
856 4370 985 4442 jungunt

134 4469 274 4523 celebrem
289 4464 365 4537 apud
379 4461 570 4534 Augustinnm
581 4458 713 4514 Restituit
724 4459 883 4531 presbyteri
899 4460 984 4514 histo·

132 4555 216 4610 riam.
241 4553 399 4608 Restitutus
421 4551 470 4606 illc
495 4549 530 4604 de
555 4552 631 4602 secta
647 4546 857 4602 Donatistarum
878 4548 981 4616 iuerat,

131 4641 299 4700 3333333333
313 4641 343 4695 33
359 4637 535 4711 Hipponensi
550 4635 663 4691 dioecesi
679 4634 739 4690 sitae
753 4636 916 4707 presbyten
932 4637 982 4709 qui

131 4729 259 4787 veritatis
272 4729 300 4783 vi
313 4731 471 4799 permotus,
482 4724 620 4780 electione
634 4723 753 4778 omuino
766 4725 937 4792 voluntaria,
949 4743 981 4781 33

132 4821 193 4877 sine
215 4819 274 4874 ulla
292 4812 625 4889 cujusquam-coactione
646 4811 786 4867 unitatem
811 4812 981 4870 catholicam

130 4911 193 4965 erat
207 4905 368 4978 amplexns;
384 4917 442 4974 quo
460 4907 590 4973 tempore
608 4900 696 4972 leges,
710 4899 815 4972 quibus
827 4900 901 4971 jussi
914 4909 981 4960 sunt

130 4994 285 5052 Donatista
300 4990 445 5047 schismati
460 4989 606 5044 remittere
616 4988 759 5051 nuntium,
770 4989 893 5043 necdum
906 4992 980 5046 tule-

129 5091 174 5142 rat
193 5082 335 5140 Honorius
360 5080 470 5151 (Contra
495 5079 674 5143 cresconium,
697 5077 743 5132 no.
765 5078 797 5142 33
817 5077 907 5146 Dpist.
932 5079 977 5144 88,

127 5191 156 5232 n.
173 5177 204 5241 o;
220 5174 308 5243 Epist.
331 5170 401 5239 305).
425 5168 496 5222 Cum
520 5165 607 5237 igitur
631 5164 766 5220 Restituti
789 5165 978 5222 mutationem

126 5264 245 5335 indigne
258 5262 365 5317 ferrent
382 5256 470 5312 iidem
485 5253 622 5321 haeretici,
639 5269 740 5309 eorum
758 5253 853 5309 clerici
868 5269 900 5308 ac
915 5254 979 5309 Cir-

127 5351 326 5406 cumcelliones
344 5348 421 5404 hunc
442 5345 528 5399 domo
548 5343 721 5398 abstractum
739 5341 866 5397 interdiu
887 5341 917 5396 in
934 5343 977 5398 ri-

126 5441 222 5497 cinum
236 5440 395 5506 castellum,
411 5428 556 5510 spectante
574 5434 880 5507 multitudinemque
900 5433 976 5489 obsi·

126 5533 201 5585 stare
219 5530 351 5595 audente,
370 5526 504 5595 fustibus,
521 5525 615 5599 quoad
639 5525 818 5582 exsaturatus
837 5526 912 5579 esset
930 5538 975 5579 eo·

1047 1989 1106 2039 tem
1130 2001 1163 2039 ea
1186 1983 1282 2052 fucrit,
1305 2000 1446 2055 nusquam
1470 1985 1601 2056 legimns.
1623 1983 1655 2039 33
1670 1984 1766 2038 solum
1780 1986 1897 2048 consui,

1048 2072 1091 2128 illi
1104 2074 1184 2128 nullo
1206 2073 1291 2128 modo
1309 2073 1473 2128 violentiam
1496 2073 1570 2128 hanc
1588 2072 1685 2128 ulcisci
1710 2087 1789 2127 curae
1803 2072 1897 2143 fuisse,

1048 2161 1106 2215 imo
1126 2166 1154 2216 et
1177 2160 1211 2217 ab
1227 2179 1261 2217 ea
1282 2162 1452 2234 inquirenda
1466 2178 1585 2233 prorsus
1607 2161 1817 2218 dissimulasse.
1841 2161 1899 2226 Qua

1048 2264 1133 2303 causa
1147 2266 1213 2304 cum
1228 2251 1404 2320 Augustinus
1420 2250 1456 2306 ad
1470 2251 1633 2307 iterandum
1647 2250 1747 2306 statim
1761 2251 1895 2306 eumdem

1048 2341 1143 2392 actum
1157 2337 1299 2409 impulsus
1322 2339 1431 2407 fnisset,
1453 2339 1502 2395 ille
1517 2338 1588 2394 nihil
1603 2338 1729 2413 amplius
1753 2355 1784 2395 se
1807 2339 1897 2395 dictu·

1048 2442 1112 2481 rum
1134 2443 1195 2482 esse
1217 2428 1308 2483 Gestis
1329 2429 1491 2484 declaravit.
1520 2431 1559 2484 Ac
1577 2433 1678 2500 postea
1690 2427 1808 2483 sceleris
1820 2427 1896 2483 istius

1047 2531 1110 2570 reos
1129 2515 1159 2570 iu
1177 2517 1411 2587 presbyterorum
1425 2517 1524 2572 ordine
1538 2516 1634 2573 videre
1648 2519 1720 2579 erat,
1733 2516 1786 2589 qui
1802 2517 1896 2574 Catho-

1047 2603 1108 2657 licis
1123 2605 1250 2675 quotidio
1261 2605 1353 2660 minas
1367 2607 1552 2672 intentarent,
1569 2621 1674 2677 eosque
1685 2621 1807 2677 quoquo
1822 2609 1895 2678 pote·

1047 2697 1110 2747 rant
1131 2693 1217 2749 modo
1232 2698 1366 2748 vexarent
1381 2692 1484 2764 (Epist.
1504 2697 1549 2761 88,
1567 2710 1616 2749 nn.
1637 2697 1663 2759 s,
1686 2696 1724 2763 7).
1741 2695 1896 2751 Restitutus

1047 2782 1099 2835 hac
1112 2781 1143 2835 in
1158 2781 1305 2837 occasione
1327 2783 1455 2853 primum
1469 2783 1585 2854 quidem
1601 2783 1784 2850 confessoris,
1800 2784 1832 2839 in
1845 2784 1895 2839 alia

1047 2873 1142 2923 autem
1156 2870 1289 2941 martyris
1299 2887 1415 2942 quoque
1423 2872 1540 2927 titulum
1551 2872 1711 2943 promeruit
1718 2873 1823 2944 (Epist.
1839 2875 1894 2940 333,

1036 2957 1074 3015 ’3.
1093 2960 1119 3028 3)
1135 2974 1141 3012 :
1157 2974 1258 3013 333333
1271 2958 1301 3014 33
1316 2975 1374 3014 333
1388 2960 1518 3031 contigit,
1534 2960 1589 3015 nisi
1604 2960 1714 3032 aliquot
1728 2965 1796 3032 post
1808 2961 1893 3030 annis,

1046 3046 1287 3117 quemadmodum
1299 3064 1351 3103 suo
1365 3049 1424 3103 loco
1433 3048 1577 3104 narraturi
1587 3049 1847 3106 sumnaCaeterum
1855 3065 1895 3105 ar·

1045 3134 1190 3204 ploratum
1202 3151 1259 3190 non
1269 3135 1417 3201 habemus,
1430 3153 1499 3192 num
1510 3137 1702 3209 quaedamper
1711 3139 1773 3194 rim
1783 3155 1802 3194 a
1812 3140 1894 3194 Dona·

1044 3224 1117 3278 listis
1131 3224 1215 3295 33333,
1231 3242 1365 3297 quorum,
1382 3227 1455 3282 sient
1469 3232 1498 3283 et
1511 3228 1647 3284 Restituti
1667 3230 1850 3286 mentionem
1862 3227 1893 3283 si·

1045 3313 1105 3366 mul
1119 3313 1186 3367 facit
1200 3315 1385 3386 Augustinus,
1403 3315 1439 3371 ad
1458 3317 1512 3371 hoc
1526 3321 1639 3389 tempus
1653 3317 1808 3373 referenda
1831 3317 1890 3373 sint.

1045 3400 1165 3465 Quidam
1186 3403 1434 3473 Casphalianensis
1455 3405 1614 3477 presbyter,
1635 3406 1757 3462 uomina
1778 3407 1900 3473 3333333.

1044 3505 1094 3544 333
1103 3496 1205 3561 333333
1220 3507 1252 3546 33
1266 3493 1381 3548 nemine
1395 3499 1513 3566 cogente
1524 3494 1560 3550 ad
1571 3496 1743 3552 catholicam
1756 3497 1888 3552 unitatem
1933 3566 1935 3573 Ι

1043 3578 1168 3635 33333333
1184 3597 1190 3635 :
1207 3596 1273 3636 eum
1291 3582 1362 3637 3333
1384 3582 1526 3653 persecuti
1538 3588 1605 3639 sunt
1620 3584 1790 3654 Donatistae,
1805 3583 1887 3642 utali-
1933 3576 1935 3591 '

1043 3669 1158 3737 quaudo
1180 3669 1297 3741 jamjam
1321 3671 1437 3726 illorum
1456 3672 1591 3728 manibus
1610 3677 1684 3727 esset
1698 3673 1884 3738 trucidandus,

1042 3753 1073 3807 ni
1089 3756 1163 3809 Deus
1175 3756 1305 3828 ipsorum
1318 3758 1376 3813 vim
1387 3761 1595 3816 nonnullorum
1605 3761 1760 3836 hominnm
1771 3763 1885 3819 adventu

1042 3844 1256 3913 compressisset
1279 3845 1377 3917 (Epist.
1398 3851 1457 3914 305,
1481 3865 1509 3904 n.
1531 3849 1567 3920 3).
1589 3851 1767 3906 Marcianum
1781 3865 1884 3924 quoquc

1042 3930 1198 4001 Urgensem
1211 3933 1267 3988 sive
1282 3937 1492 4007 presbyterum,
1509 3938 1567 3994 sive
1582 3938 1762 4011 episcopum,
1777 3956 1842 3996 cnm
1852 3936 1884 3992 ad

1041 4019 1208 4075 catholicam
1237 4025 1471 4080 communionem
1499 4043 1528 4081 se
1553 4028 1716 4099 recepisset,
1744 4028 1814 4102 fuga
1839 4025 1885 4083 sihi

1040 4109 1189 4163 consulere
1209 4119 1382 4181 coegerunt3
1396 4130 1428 4169 ec
1446 4119 1508 4169 tum
1527 4115 1644 4171 illorum
1658 4116 1758 4172 clerici
1771 4117 1884 4173 interos·

1040 4200 1121 4267 ptum
1136 4196 1225 4268 ipsius
1239 4200 1455 4271 subdiaconum,
1472 4208 1502 4259 et
1512 4220 1602 4276 prope
1617 4222 1707 4277 usqua
1720 4207 1759 4262 ad
1772 4209 1885 4262 3333333

1039 4301 1144 4341 caesum
1162 4287 1280 4360 ingestis
1304 4291 1379 4346 saxis
1403 4293 1562 4349 obruerunt
1588 4311 1595 4349 :
1621 4311 1747 4367 quorum
1770 4292 1885 4351 aedesin

1038 4374 1156 4430 admissi
1170 4377 1298 4432 criminis
1312 4396 1426 4451 poenam
1441 4383 1502 4437 solo
1518 4385 1638 4454 aeqnatae
1650 4390 1718 4439 sunt
1734 4385 1837 4456 (33333.)

1073 4467 1100 4520 A.
1125 4466 1161 4520 Ex
1181 4465 1215 4520 iis
1239 4483 1310 4539 qnos
1332 4470 1545 4527 Donatistarum
1567 4488 1678 4528 errores
1701 4470 1885 4529 tenebantir·

1037 4553 1146 4623 ratitos,
1171 4571 1229 4610 non
1253 4557 1338 4628 pauci
1365 4575 1419 4614 nec
1451 4560 1737 4617 circumcellionibus
1765 4559 1886 4633 nequitia

1036 4657 1119 4713 pares
1135 4649 1227 4713 erant,
1252 4661 1305 4700 uec
1322 4663 1375 4718 per
1390 4664 1419 4703 se
1434 4649 1502 4704 satis
1513 4650 1648 4705 valebant
1658 4650 1781 4721 judicio,
1798 4654 1830 4720 ut
1842 4665 1886 4705 ca·

1035 4730 1144 4801 templo
1159 4732 1306 4788 veritatem
1320 4736 1577 4806 amplecterentur3
1591 4741 1716 4793 attamen
1732 4739 1769 4794 333
1782 4755 1818 4794 aa
1830 4753 1885 4794 non

1035 4819 1152 4874 omniuo
1166 4837 1195 4875 se
1210 4823 1376 4893 praebebant
1387 4824 1497 4880 alienos
1513 4843 1520 4880 :
1537 4827 1586 4883 sed
1605 4827 1718 4899 quoties
1733 4845 1751 4883 3
1766 4827 1884 4884 Catholi·
1933 4892 1935 4897 ¹

1035 4907 1075 4962 cis
1085 4909 1273 4980 urgebantur,
1287 4912 1455 4969 dictitabant
1465 4932 1497 4970 ea
1509 4915 1543 4970 de
1553 4932 1583 4971 re
1594 4931 1660 4992 cum
1677 4916 1737 4972 suis
1749 4915 1884 4990 episcopis
1933 4928 1935 4932 ’

1034 5011 1095 5051 3333
1117 4996 1336 5069 disputandnm;
1359 5017 1389 5057 se
1408 5019 1476 5058 vero
1498 5003 1529 5058 iu
1548 5004 1620 5059 votis
1634 5005 1753 5074 hahere,
1769 5009 1804 5062 ut
1817 5006 1883 5062 inito
1932 4992 1935 5096 Ξ

1033 5084 1109 5139 inter
1122 5091 1399 5159 utramquepartem
1413 5092 1567 5165 colloquio,
1581 5094 1741 5152 rationibus
1756 5096 1835 5152 ultro
1849 5094 1885 5150 ci·
1933 5108 1935 5128 =

1033 5178 1135 5244 troque
1145 5177 1307 5247 perpensis,
1323 5179 1511 5250 utriuspartis
1526 5187 1600 5237 esset
1610 5182 1725 5251 ueritas,
1736 5182 1885 5256 dijudicari

1031 5268 1128 5332 posset
1147 5263 1259 5332 (Contra
1284 5268 1463 5337 cresconium,
1491 5270 1538 5327 lib.
1564 5274 1591 5338 3,
1617 5287 1645 5326 n.
1673 5274 1732 5343 33).
1758 5273 1884 5338 Duorum

1032 5348 1143 5404 animos
1165 5367 1231 5406 cum
1255 5351 1295 5409 ita
1313 5360 1493 5426 comparatos
1508 5355 1706 5430 intelligerent
1725 5360 1883 5425 orthodoxi,

1031 5437 1067 5490 33
1074 5437 1233 5493 coeundam
1248 5441 1488 5498 concertationem
1503 5443 1582 5499 illam
1596 5444 1768 5515 incubuere,
1778 5463 1813 5503 ac
1827 5446 1884 5522 qui·

1029 5524 1082 5580 hus
1096 5525 1149 5582 viis
1163 5526 1194 5582 id
1206 5529 1484 5601 commodiustieret,
1494 5532 1526 5588 in
1536 5533 1664 5604 generali
1679 5535 1804 5593 conubio
1819 5537 1881 5595 aar·
