3884 6112
89 254 161 308 itta
685 252 830 311 aaudiat
850 253 1024 313 SECUNDA.
1045 255 1239 313 APPENDIX.
1774 262 1844 318 aleo

88 376 225 433 dicente:
242 377 328 434 Nolite
342 378 459 444 cogitare
477 375 604 444 dicentes,
624 376 693 447 qnid
704 377 794 445 editis,
811 377 943 448 quiquid
996 394 1096 434 omnes
1105 380 1216 434 fratres.
1231 377 1263 432 h‘t
1275 377 1299 432 si
1309 378 1373 450 quis
1385 377 1420 432 ab
1434 377 1531 449 aliquo
1541 377 1699 435 doctrinam
1710 357 1854 448 audierit,⁴
1880 393 1881 397 ’

48 468 54 489 =
88 450 262 504 vestiemini:
279 449 327 502 boc
341 450 413 502 enim
427 448 522 505 Gentes
540 450 669 515 cogitant.
691 449 841 505 ScitPeter
856 455 943 504 cester
995 454 1200 522 praeterquam
1215 449 1246 504 ιιι
1260 449 1433 504 monasterio
1453 455 1620 504 consecutus
1641 455 1682 506 est
1701 452 1736 506 ab
1749 469 1782 506 eo
1797 453 1843 507 cui

45 550 55 605 ·,
111 519 159 575 uio
171 522 265 575 borum
279 522 398 574 omnium
411 519 541 588 indigetis
554 539 561 574 :
574 521 685 589 quaerite
696 522 817 589 primum
830 536 943 590 regnum
996 538 1025 575 se
1039 522 1172 589 credidit,
1189 522 1262 575 haue
1276 525 1373 575 autem
1385 519 1530 591 suscipiat,
1541 526 1569 576 et
1583 537 1645 575 eam
1661 538 1719 576 non
1734 523 1845 578 subtra-

45 638 55 677 ι
90 536 152 659 iret,
168 596 192 645 et
205 592 344 661 justitiam
359 591 436 660 ejusr
449 596 473 645 et
493 592 652 645 haecomnia
670 597 841 660 opponentur
854 592 940 648 subm.
995 592 1045 647 hat
1060 592 1186 647 doctori:
1203 591 1271 663 quia
1293 591 1430 663 scriptum
1454 596 1514 646 est:
1532 591 1614 647 Omne
1635 593 1707 662 quod
1726 596 1843 662 monife·

45 694 48 701 ·
90 661 205 732 (Mettis.
226 677 263 728 vr,
291 661 395 733 {tl-33).
427 662 626 715 Verumtamen
656 667 809 732 antequam
837 665 944 717 statuat
996 668 1094 730 statur,
1111 664 1160 718 luc
1173 669 1212 718 est
1227 664 1333 731 (Ephes.
1351 680 1376 731 r,
1392 662 1444 732 13).
1458 662 1487 717 Si
1501 662 1579 717 enim
1592 663 1773 731 bonaluerit,
1785 664 1843 718 col·

45 710 55 821 ξ
90 747 154 788 esse
168 733 199 787 in
214 732 396 801 monasterio,
413 732 514 804 probet
527 731 706 813 propositum
719 733 839 787 fratrum
856 738 943 805 atque
996 733 1139 789 laudanda
1153 738 1208 802 est;
1223 734 1247 787 si
1258 749 1324 788 vero
1335 749 1431 803 prava,
1446 733 1634 803 reprobanda.
1647 735 1686 788 Ile
1701 733 1736 788 iis
1748 739 1843 788 arrtem

45 838 54 891 p
91 803 269 873 exemplum,
293 807 322 857 et
344 802 405 874 ipse
425 803 608 873 probeturrn
628 803 707 859 omui
729 803 943 858 conversatione
996 804 1132 859 iratribus
1154 804 1255 875 quiin
1283 804 1392 858 unitate
1414 805 1583 869 consistunt,
1611 804 1633 857 si
1658 804 1723 874 quis
1750 805 1844 859 subito

45 924 52 963 t
91 875 130 929 ab
145 873 195 928 illo
215 874 265 944 qui
282 873 362 928 Prior
375 877 427 942 θεῖ,
441 878 468 928 θῖ
482 873 590 929 caeteris
604 874 858 939 consentientibus,
875 890 943 945 pro·
996 876 1129 931 adversus
1143 873 1333 946 Praepositum
1349 876 1500 929 altercatus
1511 874 1611 942 luerit,
1627 890 1685 928 non
1698 874 1790 928 solum
1804 891 1845 930 se-

90 949 159 1017 pter
170 944 241 999 illud
256 945 332 1020 quod
351 944 497 1015 Scriptura
510 945 594 1000 docet
610 950 638 999 et
656 944 800 1010 admonet,
824 945 942 1000 dicens:
996 946 1064 1013 mel,
1076 947 1124 1001 sed
1140 946 1263 1001 secundo
1278 951 1307 1000 el
1317 946 1410 1011 terlio,
1426 950 1458 999 ut
1472 945 1655 1015 Evangelium
1670 945 1762 1012 docel,
1780 944 1845 999 licet

45 996 53 1107 ξ
90 1015 219 1097 Amicum
242 1016 299 1070 noti
321 1017 373 1097 cito
399 1016 579 1085 comprobare.
604 1015 658 1096 Sed
681 1016 706 1097 si
734 1015 886 1086 contigerit
913 1023 944 1097 ut
998 1016 1640 1098 exorare(Metili.xy1r1‚·lti-l7)..Siautem
1664 1015 1791 1070 noluerit
1815 1031 1845 1096 se

45 1086 944 1228 =titt,restittit:stultitiast”stitit
996 1088 1298 1213 instituisti
1312 1090 1846 1227 lllllthllitllitls-stlitem

45 1212 51 1322 ἶ
92 1228 165 1309 quid
179 1227 253 1282 ferre
269 1227 303 1282 de
313 1227 348 1282 iis
363 1226 495 1281 omnibus
506 1245 570 1299 quae
586 1228 616 1282 in
628 1227 802 1283 monasterio
817 1228 942 1295 luerunt,
997 1234 1203 1297 contumacem,
1220 1229 1369 1283 denuntiet
1384 1233 1412 1283 et
1425 1228 1494 1282 illud
1510 1227 1677 1298 Praeposito,
1690 1243 1726 1281 ne
1741 1243 1793 1298 per
1806 1232 1859 1281 ta·.

93 1314 153 1353 save
163 1298 249 1353 etiam
263 1315 327 1369 quae
337 1314 432 1353 secum
443 1298 597 1369 aliquando
609 1299 753 1364 attulerat,
763 1298 821 1354 sive
833 1315 867 1353 ea
879 1315 944 1370 ques
998 1301 1201 1366 citurnitalem,
1217 1306 1245 1354 θῖ
1259 1300 1316 1363 ille,
1334 1306 1361 1354 et
1372 1299 1460 1353 irater
1471 1316 1539 1352 suus
1549 1299 1757 1370 periclitentur,
1774 1297 1846 1351 sicut

45 1431 48 1451 Ι
92 1385 161 1424 θιιιιι
183 1369 319 1423 tratribus
342 1369 533 1440 acquisierat:
558 1370 626 1441 quia
641 1375 758 1424 certum
776 1375 827 1435 est,
843 1369 945 1423 iratres
997 1371 1132 1426 Salomon
1148 1371 1198 1436 ait,
1215 1371 1266 1435 Qut
1279 1372 1393 1424 occultet
1410 1369 1594 1437 inimicitiam,
1613 1371 1726 1423 instruit
1744 1369 1844 1423 dolum.

45 1454 48 1464 ’
90 1440 168 1495 nihil
181 1439 296 1509 habere,
311 1442 466 1511 possidere,
482 1441 560 1507 dare,
573 1441 616 1495 vel
627 1441 755 1511 accipere
767 1440 870 1495 debere
884 1440 945 1494 eine
998 1442 1026 1497 Si
1041 1457 1116 1509 vero,
1133 1441 1239 1494 utheri
1255 1441 1334 1505 solet,
1351 1440 1474 1493 incursio
1490 1439 1639 1509 repentina
1652 1440 1847 1510 supervenerit

45 1510 47 1535 ⁵
92 1527 127 1565 au
151 1510 251 1565 erioris
266 1510 388 1566 licentia.
412 1510 533 1576 Quodsi
552 1511 741 1583 propinquus,
761 1511 805 1565 vel
825 1511 943 1578 amicus,
998 1515 1048 1567 eut
1062 1512 1213 1577 hostilitas,
1231 1510 1448 1581 utimpossibile
1463 1510 1498 1563 sit
1511 1510 1786 1564 iratribusiuunum
1800 1509 1846 1563 iu·

45 1600 47 1607 ’
92 1527 276 1653 veiquilibet
290 1582 422 1647 fratrum,
440 1582 547 1653 aliquid
568 1583 669 1637 offerre
689 1582 829 1661 volueril3
850 1581 944 1652 primo
999 1599 1064 1654 gam
1092 1586 1190 1653 petere
1218 1586 1336 1653 propter
1361 1580 1569 1635 insecutionem
1596 1580 1790 1660 inimicorum,
1819 1584 1848 1633 θῖ

92 1651 213 1723 quidem
234 1654 326 1707 Priori
350 1652 521 1719 insinuetur,
539 1657 567 1706 θῖ
590 1653 629 1707 ειθ
650 1653 830 1723 suscipiatur,
846 1652 871 1705 si
884 1652 945 1722 ipse
998 1653 1181 1725 postmodum
1202 1653 1256 1706 [leo
1277 1655 1387 1706 favente
1407 1651 1555 1712 evaserint,
1575 1656 1603 1705 et
1618 1656 1764 1722 potuerint
1781 1665 1846 1731 per·

91 1723 291 1778 mandaverit:
305 1724 339 1778 de
355 1739 412 1794 quo
432 1728 530 1778 tamen
544 1722 615 1777 nihil
631 1723 682 1777 liat
698 1723 786 1788 aliud,
801 1722 855 1777 nisi
869 1722 945 1793 quod
998 1724 1096 1778 venire
1108 1723 1156 1777 ubi
1166 1722 1354 1793 Praepositum
1367 1738 1427 1776 esse
1439 1721 1640 1790 cognoverint;
1654 1721 1742 1774 veluti
1750 1721 1802 1774 iilri
1813 1720 1848 1774 ad

91 1793 186 1848 Priori
210 1792 358 1865 placuerit,
378 1794 423 1847 vel
441 1793 622 1863 permiserit,
647 1793 784 1864 quoniam
803 1792 884 1846 valde
897 1808 944 1845 ve·
998 1800 1121 1866 patrem,
1141 1792 1276 1847 festinare
1295 1792 1448 1847 debebunt.
1465 1793 1520 1846 Nec
1534 1792 1594 1846 ullo
1612 1793 1697 1845 modo
1713 1793 1848 1862 poterunt

91 1864 218 1919 rendum
237 1869 289 1933 est,
310 1879 346 1918 ne
367 1862 420 1918 sibi
440 1864 552 1917 eveniat
571 1863 649 1934 quod
664 1863 799 1934 scripturn
815 1868 875 1917 est:
894 1864 945 1918 Vir
999 1864 1136 1936 separari,
1151 1880 1224 1935 quos
1239 1863 1335 1918 divina
1349 1862 1471 1917 charitas
1485 1862 1611 1930 sociavit,
1630 1862 1698 1932 quia
1711 1862 1846 1932 scriptum

91 1934 234 1989 mutabilis
247 1937 276 1988 in
300 1933 395 2001 lingna
420 1934 516 1989 incidit
541 1936 570 1989 in
584 1935 657 1988 mole
677 1933 945 2005 (Proo.x111,3)‚Et
998 1941 1051 2002 est,
1075 1937 1196 2003 Perfecto
1219 1935 1324 1989 dilectio
1343 1935 1419 2001 soros
1433 1935 1518 1988 mittit
1537 1935 1657 1987 timorem
1672 1933 1694 2000 (1
1715 1935 1792 1986 ioan.
1807 1947 1844 1987 ιν.

92 2004 210 2072 ιῖθιιιιιι,
228 2009 258 2059 ut
271 2005 383 2060 nullum
398 2005 563 2059 omninode
578 2004 713 2059 iratribus
727 2020 823 2059 secum
840 2020 944 2075 provo·
1000 2007 1054 2076 re).
1072 2004 1101 2059 Si
1116 2005 1180 2076 quis
1194 2009 1300 2071 autem,
1316 2004 1393 2076 quod
1411 2003 1541 2074 superius
1556 2003 1689 2068 diximus,
1705 2018 1790 2056 cause
1803 2017 1849 2056 na·

91 2078 150 2143 cet,
167 2092 203 2130 ne
220 2076 312 2147 magis
330 2076 489 2130 destructor
503 2091 590 2146 quam
608 2075 763 2130 aedificator
776 2074 944 2129 monasterii
998 2075 1136 2130 cessitatis
1148 2075 1257 2130 detinet
1268 2075 1308 2142 id,
1324 2075 1400 2146 quod
1416 2090 1432 2128 e
1447 2075 1621 2130 monasterio
1640 2089 1736 2128 secum
1751 2080 1847 2143 porta-

91 2145 243 2203 videatur:
265 2151 383 2217 propter
397 2146 427 2201 id
442 2147 517 2217 quod
538 2146 752 2217 scriptumest:
772 2147 824 2212 Qut
839 2150 944 2200 nonest
999 2147 1052 2213 rit;
1070 2162 1183 2201 necesse
1207 2146 1333 2213 habebit,
1350 2145 1400 2200 ubi
1422 2145 1594 2217 Praepositus
1619 2161 1687 2200 suus
1709 2148 1761 2212 est,
1776 2142 1848 2199 illud

91 2232 206 2285 mecum,
231 2223 324 2273 contra
346 2233 386 2272 me
408 2221 461 2283 est;
486 2222 511 2272 θῖ
530 2219 579 2278 qui
598 2232 699 2272 mecum
715 2232 769 2272 non
790 2220 943 2284 congregat,
998 2217 1143 2289 perferre:
1159 2217 1226 2288 qnia
1240 2233 1297 2272 non
1309 2217 1415 2288 poterit
1430 2217 1484 2271 sibi
1498 2216 1630 2281 retinere,
1646 2215 1721 2286 quod
1735 2230 1787 2285 per
1801 2230 1848 2286 pa-

92 2287 230 2357 disperpit
251 2289 360 2346 (Mettis.
383 2304 431 2354 ιιι,
456 2288 511 2358 30).
531 2288 563 2342 Εῖ
577 2288 751 2359 quicumque
776 2291 945 2358 provocatus
999 2293 1076 2342 ctum
1093 2288 1128 2343 ad
1144 2303 1243 2342 omnes
1265 2286 1399 2359 pertinet,
1416 2294 1445 2342 θῖ
1461 2288 1518 2341 Deo
1534 2287 1633 2357 utique
1649 2291 1690 2339 est
1702 2300 1848 2338 consecra-

92 2357 250 2430 abaliquo,
265 2358 300 2413 de
312 2358 486 2413 monasterio
502 2357 624 2412 voluerit
637 2358 800 2427 abscedere,
816 2362 864 2412 aut
879 2356 947 2411 red·
999 2363 1070 2413 tum.
1087 2358 1141 2413 Sed
1155 2359 1179 2413 si
1194 2358 1360 2439 cogitaverit
1372 2358 1407 2412 de
1421 2357 1466 2412 his
1482 2357 1588 2438 aliquid
1603 2357 1735 2421 retinere,
1752 2359 1849 2409 contra

93 2435 198 2510 arguat
221 2434 435 2500 provocantem,
463 2433 511 2483 aut
536 2434 600 2483 ante
628 2429 733 2484 indicet
756 2428 912 2499 Praeposito
925 2429 945 2494 ¹,
999 2428 1106 2483 dictum
1116 2428 1539 2499 Apostolragerevidetor,qur
1560 2426 1609 2492 ait,
1634 2427 1742 2482 Nemini
1765 2425 1850 2494 quid-

93 2514 141 2555 cur
157 2500 256 2571 utique
273 2502 308 2555 de
323 2501 367 2564 iis,
389 2516 453 2571 quae
468 2499 498 2553 in
511 2499 657 2555 communi
676 2499 852 2554 decrevimus
873 2497 946 2552 nihil
1000 2515 1082 2568 quem
1097 2500 1226 2564 debeatis,
1247 2502 1303 2553 nisi
1319 2504 1349 2553 nt
1362 2501 1476 2553 invicem
1491 2498 1614 2563 diligetis
1629 2512 1675 2551 oos
1689 2499 1776 2565 (llom.
1790 2512 1850 2564 xrrr,

94 2586 157 2626 esse
172 2587 273 2626 censeo
294 2571 530 2636 subtrahendum,
552 2570 619 2642 quia
634 2569 770 2642 scriplum
785 2573 845 2624 est:
863 2570 946 2624 Paci·
1001 2573 1041 2641 8).
1059 2569 1162 2625 Omnia
1179 2585 1247 2641 ergo
1263 2586 1327 2641 quae
1343 2569 1372 2622 in
1386 2568 1441 2623 isto
1457 2568 1530 2622 libro
1543 2566 1735 2629 continentur,
1752 2582 1852 2621 omnes

92 2643 141 2712 flet
153 2645 209 2696 sint
221 2642 272 2698 tibi
281 2643 369 2707 molti,
384 2641 432 2696 aed
445 2656 514 2696 unus
527 2657 560 2696 ea
573 2641 646 2696 mille
659 2644 696 2697 sit
711 2641 762 2696 tibi
775 2641 946 2695 consiliarius
1001 2641 1115 2695 iratres'
1125 2640 1291 2705 observent;
1318 2643 1404 2711 atque
1426 2637 1615 2699 subscribant,
1639 2637 1688 2707 qui
1708 2637 1778 2691 boni
1791 2653 1852 2691 ease

94 2711 192 2838 ffccu'
202 2729 241 2782 vr,
255 2713 292 2783 tl).
306 2712 397 2782 Igitur
407 2713 467 2766 hoec
478 2728 542 2782 quae
553 2712 742 2836 scriptasunt,
758 2726 821 2766 curu
835 2726 947 2765 summe
1001 2711 1180 2790 desiderant..
1196 2710 1441 2790 yerum'propler
1453 2709 1528 2789 'illos
1552 2711 1619 2762 sunt
1638 2711 1731 2774 cauta,
1756 2706 1786 2762 id
1809 2710 1851 2760 θεῖ

632 2786 765 2852 reposito
793 2796 884 2852 usque
913 2779 948 2835 ad
1001 2782 1115 2852 scripta,
1132 2797 1182 2852 qur
1196 2795 1226 2834 ιιι
1238 2780 1372 2834 omnibus
1387 2779 1502 2834 stabiles
1515 2794 1576 2833 esse
1588 2783 1752 2832 noscuntur.

117 2782 245 2854 'ligantia
273 2783 448 2838 observanda
474 2786 539 2837 sunl
566 2799 584 2836 a

127 2888 135 2921 ¹
151 2887 311 2948 Holetcnius,
326 2886 428 2938 noscet.

814 3078 1129 3158 ADMONlTlO

747 3236 793 3292 oa
815 3235 985 3301 saouaurr
1009 3234 1198 3292 oruscuco.

132 3367 312 3425 Contulimus
327 3365 404 3423 istud
419 3364 587 3436 opusculum
602 3361 638 3417 ad
653 3375 732 3416 exem
755 3359 798 3414 lar
811 3357 982 3415 Corbeiense
996 3362 1061 3413 ante
1072 3357 1151 3413 mille
1164 3374 1263 3421 annos,
1281 3357 1323 3413 uti
1335 3357 1455 3423 videtur,
1468 3360 1625 3422 exaratum,
1638 3372 1696 3427 quo
1705 3357 1737 3411 in
1751 3373 1850 3412 exem·

96 3441 171 3512 plari
186 3440 220 3494 ab
236 3455 269 3492 eo
287 3438 359 3507 loco,
376 3436 480 3493 Psalmi
496 3452 536 3501 ιιι,
551 3449 616 3500 narr,
633 3432 710 3502 etc(
753 3431 762 3485 i
780 3430 868 3485 Lucas
887 3428 1048 3484 Holstenius
1066 3429 1097 3483 in
1111 3429 1207 3484 codice
1229 3430 1414 3500 Regularum,
1438 3432 1518 3498 parte
1538 3427 1662 3481 secunda
1683 3443 1748 3481 cum
1768 3428 1850 3483 editis

95 3511 211 3567 amerb.
229 3511 306 3564 Erae.
324 3513 353 3563 et
373 3509 438 3564 Lov.
453 3507 520 3561 salis
534 3504 706 3584 concordat),
722 3502 811 3556 variat
825 3501 903 3555 hunc
916 3500 946 3554 in
961 3501 1099 3554 modum:
1115 3501 1217 3555 Psalmi
1240 3504 1302 3567 tres,
1320 3501 1502 3566 receperimus
1526 3502 1669 3566 secundus,
1688 3500 1808 3567 quintus,
1825 3503 1851 3555 et

96 3584 271 3652 octogesimus
284 3594 378 3635 nonus.
395 3581 517 3647 (Lacuna
527 3577 573 3631 hic
588 3579 630 3630 est
644 3589 757 3643 exigua.
769 3571 873 3638 deleto,
889 3571 931 3626 uti
948 3570 1068 3637 videtur,
1083 3571 1169 3625 verbo
1184 3587 1232 3625 sex
1248 3571 1360 3625 circiter
1374 3570 1547 3634 litterarum,
1563 3573 1591 3622 et
1606 3585 1670 3622 moa
1688 3569 1818 3638 sequitur
1829 3571 1852 3640 ι)

96 3655 144 3709 Ad
170 3654 278 3708 tertiam
298 3652 420 3721 psalmus
443 3649 481 3703 ed
501 3645 717 3716 respondendum
739 3644 867 3698 dicetur:
889 3641 986 3696 dende
1002 3642 1156 3711 antiphonae
1180 3642 1250 3708 due,
1276 3644 1361 3702 lectio,
1381 3645 1406 3695 et
1429 3642 1638 3710 completorium.
1661 3640 1753 3694 Simili
1773 3640 1850 3695 modo

96 3729 176 3781 sente
187 3729 213 3778 et
226 3737 307 3777 none.
326 3723 370 3776 Ad
384 3722 565 3775 lucernarium
579 3721 668 3772 cutem
680 3715 803 3786 psalmus
816 3714 1002 3783 responsorius
1024 3728 1105 3779 unus,
1119 3713 1275 3781 oritipbonae
1293 3716 1420 3780 quotuor,
1436 3713 1497 3765 item
1518 3712 1638 3780 psalmos
1653 3725 1723 3764 erius
1737 3725 1852 3779 respon-

96 3798 197 3863 sorius,
219 3795 304 3861 tectio,
331 3797 356 3847 et
378 3792 587 3862 completorium.
603 3791 638 3844 Et
657 3792 773 3856 tempore
791 3789 941 3855 opportuno
963 3788 1024 3854 post
1047 3785 1239 3849 lucernarium,
1261 3782 1383 3837 omnibus
1407 3782 1558 3836 sedentibus
1582 3783 1707 3850 legaretur
1728 3782 1852 3837 lectiones

98 3866 157 3937 (ilic
171 3880 284 3919 erasum
304 3868 451 3918 estunam
466 3863 596 3930 verbum,
612 3863 640 3914 ct
655 3858 783 3930 proxime
799 3856 928 3928 sequitur
938 3855 956 3924 :l
973 3857 1034 3910 Post
1049 3855 1103 3909 trec
1118 3859 1205 3908 eutem
1220 3853 1453 3908 consuetudinarii
1464 3853 1567 3923 psalmi
1579 3858 1641 3906 onte
1657 3855 1789 3907 somnium
1804 3853 1852 3907 di-

97 3942 205 4003 ccntur,
221 3939 296 3990 nocte
308 3939 397 3989 autem
412 3937 556 3999 orationes,
575 3946 663 3986 mense
675 3929 821 3996 novembri,
838 3933 905 3989 etc,
921 3925 971 3980 ubi
985 3926 1061 3996 quod
1077 3926 1165 3980 semel
1181 3924 1328 3979 etiterum
1345 3924 1459 3990 dicitnr,
1475 3929 1500 3979 et
1513 3925 1723 3992 completorium,
1739 3923 1853 3978 videtur

97 4023 199 4063 sonare
214 4007 291 4061 idem
306 4022 371 4059 cum
386 4006 477 4060 isthac
491 4005 645 4059 formulae
663 4002 746 4056 Patre
767 4003 862 4053 nostro
882 3996 1035 4052 Benedicta
1055 3997 1259 4051 matutinorum
1281 3995 1408 4050 osticium
1428 3996 1588 4063 ordinante,
1607 3995 1651 4049 bis
1665 3998 1811 4064 usurpata,
1829 3999 1854 4049 et

97 4079 256 4148 completum
271 4082 319 4144 θεῖ,
335 4076 364 4131 ιιι
380 4081 421 4129 θεῖ
444 4080 591 4145 peractum
611 4072 650 4127 sic
670 4072 724 4126 erit
738 4069 874 4136 cilicium,
895 4069 950 4134 vel,
968 4067 1088 4122 addetur
1103 4066 1196 4121 finalis
1211 4066 1310 4132 oratio,
1327 4066 1419 4136 qualis
1435 4082 1469 4120 ea
1483 4066 1589 4119 scilicet
1602 4081 1667 4135 quae
1682 4064 1711 4117 ιιι
1727 4063 1853 4134 antiquis

96 4148 260 4205 missalibus
284 4148 330 4202 Ad
355 4163 411 4202 com
432 4147 540 4200 leudem
565 4144 715 4198 vocitatur.
741 4143 831 4195 Porro
855 4139 885 4193 in
907 4138 1008 4194 eodem
1031 4137 1127 4192 codice
1151 4138 1322 4207 opusculum
1344 4137 1451 4207 absque
1474 4136 1556 4190 titulo
1576 4134 1616 4188 sic
1637 4135 1757 4205 incipit:
1780 4135 1853 4188 Ante

97 4224 198 4288 omnio,
221 4224 275 4274 etc.
291 4218 347 4273 Sed
362 4218 396 4272 ad
411 4162 474 4271 Eece
489 4215 590 4271 ultime
602 4213 700 4278 rerba,
717 4211 750 4265 de
771 4215 861 4265 uestra
884 4210 980 4265 solute.
1006 4209 1104 4275 Amen,
1128 4207 1307 4262 continenter
1331 4211 1360 4261 et
1373 4207 1402 4262 in
1418 4206 1582 4261 eodemmet
1602 4221 1683 4259 versu
1705 4204 1855 4274 subjicitur

97 4291 208 4362 llegula
230 4290 257 4345 S.
274 4288 428 4359 Augustini
451 4288 518 4342 viris
539 4288 645 4358 aptate,
661 4283 704 4338 uti
721 4283 783 4353 jam
803 4279 1025 4343 observavimus,
1050 4294 1115 4333 cum
1139 4278 1216 4333 hisce
1239 4277 1332 4332 verbis
1346 4277 1376 4332 in
1391 4279 1466 4332 fine:
1492 4277 1616 4347 Eeplieit
1636 4277 1739 4342 Regula
1764 4277 1854 4330 suncti

97 4363 247 4430 accusant
260 4362 388 4430 episcopi.

555 4580 922 4710 REGULA
969 4576 1401 4704 SECUNDA.

140 4775 164 4827 l.
179 4775 252 4828 Ante
272 4771 378 4837 omnia,
398 4768 500 4824 iratres
520 4762 690 4830 charissimi,
702 4763 849 4833 diligatur
865 4762 950 4822 Deus,
1006 4758 1141 4816 lectiones
1156 4761 1223 4812 tres.
1240 4756 1348 4822 Martio,
1370 4756 1464 4828 aprili,
1486 4757 1653 4829 septembri,
1667 4757 1787 4823 octobri,
1803 4772 1854 4811 an·

101 4842 204 4898 deinde
217 4848 245 4897 el
263 4842 420 4915 proximus,
440 4838 508 4911 quia
526 4838 580 4892 ista
599 4838 742 4908 praecepta
756 4832 953 4906 principaliter
1005 4831 1134 4902 tiphonee
1149 4828 1257 4895 decem,
1275 4827 1378 4898 psalmi
1389 4828 1527 4908 quinque,
1539 4829 1674 4884 lectiones
1688 4833 1755 4883 tres.
1771 4827 1854 4894 ldaio,

100 4913 185 4969 nobis
195 4918 262 4968 sunt
276 4914 351 4968 data.
366 4911 494 4976 Qualiter
507 4913 604 4963 autem
618 4923 670 4962 nos
684 4911 797 4977 oportet
810 4920 894 4959 orere
909 4901 953 4957 rel
1002 4901 1096 4974 junio,
1111 4900 1191 4980 julio,
1208 4903 1237 4952 et
1251 4903 1382 4968 augusto,
1399 4899 1564 4970 antiphonae
1577 4905 1650 4969 octo,
1667 4898 1770 4971 psalmi
1784 4914 1855 4970 qne-

124 4985 235 5048 sallere,
258 4982 461 5038 describimus:
480 4981 509 5036 id
531 4983 584 5048 est,
603 4978 635 5032 in
653 4976 801 5032 matutinis
823 4975 953 5030 dicantur
1006 4978 1080 5039 tuor,
1097 4972 1231 5026 lectiones
1247 4970 1322 5024 duae.

101 5001 207 5112 Bsalmi
222 5070 261 5119 ιιι,
282 5070 347 5120 aru,
363 5069 400 5119 rr,
421 5056 449 5106 et
462 5066 590 5116 axxxmu,
610 5064 676 5103 cum
702 5046 805 5102 debitis
819 5044 953 5116 antipho·
1041 5046 1069 5099 2.
1085 5042 1272 5112 Operentura
1295 5056 1379 5095 mane
1402 5057 1492 5111 usque
1515 5040 1550 5097 ad
1571 5044 1689 5108 sextam,
1706 5042 1734 5094 el
1747 5054 1764 5092 a
1778 5042 1857 5093 sexta

100 5126 156 5191 nis,
178 5125 307 5181 versibus
326 5128 354 5177 et
374 5121 573 5203 responsoriis.
590 5119 633 5174 Ad
654 5117 777 5191 primam
797 5120 826 5171 et
839 5115 954 5171 tertiam
1007 5112 1146 5185 usquead
1170 5127 1275 5165 nonam
1299 5115 1398 5166 vacent
1419 5112 1545 5178 lectioni,
1561 5117 1589 5167 et
1614 5112 1649 5166 ad
1671 5125 1778 5190 nonam
1794 5108 1858 5163 red-

103 5198 235 5253 dicantur
259 5195 302 5248 sui
323 5193 436 5264 psalmi,
455 5192 622 5264 antiphonae
638 5190 712 5256 duee,
728 5187 862 5243 lectiones
877 5187 953 5241 darae.
1008 5185 1077 5239 dent
1099 5182 1217 5237 codices.
1235 5183 1268 5236 Et
1280 5189 1431 5254 postquam
1457 5184 1617 5249 refecerint,
1641 5181 1699 5234 sive
1713 5196 1745 5234 ιιι
1761 5180 1856 5247 horto,

101 5268 195 5325 Simili
209 5266 295 5321 modo
307 5263 343 5319 ad
354 5266 463 5317 sextam
477 5268 506 5317 et
517 5278 624 5317 nonam
638 5261 768 5318 dicantur
783 5258 827 5312 sui
840 5256 954 5328 psalmi,
1008 5255 1065 5310 sire
1081 5253 1254 5323 ubicumque
1269 5269 1383 5308 necesse
1399 5254 1495 5322 fuerit,
1511 5254 1616 5308 iaciant
1630 5268 1701 5323 opus
1717 5266 1806 5322 usque
1821 5250 1858 5305 ad

102 5356 169 5397 eum
184 5337 288 5393 debitis
308 5333 492 5406 responsoriis
512 5339 541 5389 et
560 5331 733 5403 antiphonis.
755 5331 814 5384 lioc
832 5328 908 5383 idem
925 5327 956 5383 in
1007 5326 1107 5383 horam
1129 5324 1294 5405 lucernarii.
1322 5325 1410 5405 Nemo
1434 5322 1620 5404 sibialiquid
1644 5321 1767 5375 vindicet
1790 5335 1857 5392 pro·

103 5410 229 5482 vesperis
253 5413 282 5463 et
307 5404 502 5477 completoriis
526 5409 662 5459 servetur.
692 5402 734 5457 Ad
762 5399 955 5456 lucernarium
1007 5397 1113 5469 prium,
1138 5411 1195 5448 srva
1220 5411 1250 5449 ιιι
1275 5400 1454 5464 vestimento,
1480 5411 1537 5448 srve
1561 5410 1590 5447 ru
1614 5407 1795 5464 quacumque
1816 5406 1857 5446 ra.

103 5488 201 5538 autem
216 5480 352 5552 psalmus,
366 5475 581 5547 responsorium
593 5490 693 5542 unum,
710 5471 872 5542 antiphonae
887 5475 954 5534 tres,
1008 5465 1198 5539 apostolicam
1214 5465 1292 5520 enim
1305 5466 1393 5521 vitam
1405 5473 1537 5545 optamus
1546 5464 1640 5518 vivere
1656 5464 1733 5544 (Act,
1741 5479 1780 5543 11,
1792 5461 1854 5544 .4.³)·

104 5553 241 5608 lectiones
265 5556 331 5606 ires.
348 5549 382 5603 Et
406 5553 536 5619 tempore
558 5551 722 5617 opportuno
741 5547 806 5615 post
825 5542 955 5597 lucerua·
1009 5540 1099 5595 Nenro
1113 5553 1179 5591 curn
1193 5552 1341 5592 murmure
1359 5536 1467 5608 aliquid
1484 5536 1578 5615 sacrat,
1592 5541 1625 5589 ut
1638 5550 1697 5588 non
1712 5533 1800 5615 srmrlr
1811 5549 1859 5604 Ju-

103 5623 192 5690 rium,
209 5622 342 5679 omnibus
350 5617 515 5675 sedentibus
529 5617 663 5689 legantur
676 5614 823 5671 lectiones.
840 5613 957 5668 Noctur-
1009 5609 1085 5664 dicio
1099 5614 1346 5664 murmuratorum
1360 5611 1476 5678 pereat:
1492 5605 1616 5660 lidehter
1636 5604 1792 5685 obediant:
1809 5619 1858 5673 pa·

106 5710 152 5750 nm
164 5698 261 5750 autem
280 5691 423 5749 orationes
440 5704 540 5744 mense
558 5686 720 5757 novembri,
737 5682 893 5754 decembri,
911 5683 957 5755 ja·
1009 5685 1084 5736 trem
1099 5695 1182 5735 suurn
1197 5681 1341 5736 honorent
1358 5680 1424 5748 post
1437 5676 1546 5732 Deum:
1569 5678 1727 5747 Praeposito
1745 5690 1797 5730 suo
1810 5674 1860 5729 de-

106 5764 247 5822 nuerioet
259 5760 485 5828 {commeanti
506 5758 591 5819 honae
603 5757 766 5825 duodecim,
780 5754 957 5830 psalmicen,
1010 5751 1105 5808 lerant
1131 5749 1204 5807 sicut
1234 5753 1314 5808 decet
1345 5752 1474 5804 sanctos:
1511 5747 1649 5830 sedentes·
1668 5745 1704 5802 ad
1731 5760 1859 5802 mensam

258 5835 397 5904 Parnon.
520 5833 546 5901 Ι.
1417 5819 1698 5903 (onerante-see.)
