3884 6112
134 291 168 346 17
725 291 811 349 VITA
837 291 865 348 S.
895 291 1087 349 sueusrntl
1119 290 1291 352 episcopi.
1858 291 1893 346 ts

131 431 198 471 rum
221 413 392 486 proditione,
408 413 465 471 illis
488 415 684 473 ecclesiasticis
702 416 788 489 gestis
806 417 981 472 declaratum

131 505 185 557 est.
204 503 297 575 Atque
311 502 352 558 ita
369 505 517 574 pastorum
531 503 689 576 diligentia,
705 503 849 560 dominico
859 502 939 576 gregi
953 508 982 557 et

132 595 318 661 angmentum
330 589 456 657 accessit,
471 595 501 646 et
514 592 649 649 adversus
666 592 744 647 fures
758 598 843 663 atque
857 592 982 645 latrones

130 678 257 733 defensio
268 688 433 751 competens
446 685 596 752 procuratu
606 684 657 735 est.
672 680 742 736 Cum
758 678 882 751 quodam
893 677 980 732 etiarn

132 764 233 834 felice,
249 766 284 822 do
298 782 419 821 numero
435 782 533 822 eorum
553 783 625 840 quos
645 768 751 822 electos
772 765 870 821 meunt
892 766 980 821 Mani-

131 853 202 909 cbaei
216 857 237 922 ¹,
259 854 372 926 publice
393 855 424 909 in
449 855 623 927 Hipponensi
646 853 765 911 ecelesia
786 855 906 909 notariis
929 871 981 910 ex-

130 943 300 1014 cipientibus
313 943 466 1015 disputavit
485 944 591 1014 populo
605 949 734 1000 astante:
751 947 780 999 et
794 949 857 1016 post
881 958 980 1001 secun·

130 1030 197 1087 dam
211 1032 254 1086 rel
269 1031 381 1089 tertiam
397 1031 577 1087 collationem
592 1032 639 1087 ille
659 1032 830 1088 Manichacus
846 1033 982 1088 frustrata

130 1120 255 1175 rwltate
267 1124 296 1175 et
314 1135 411 1175 errore
426 1119 515 1191 ipsius
529 1126 622 1182 sectae.
639 1121 674 1177 ad
688 1127 816 1177 nostram
828 1137 982 1176 conversus

130 1214 174 1264 est
187 1209 274 1264 tidem
288 1213 374 1280 atque
388 1209 551 1277 Ecclesiam,
563 1211 635 1266 sicut
648 1210 748 1266 eadem
763 1211 866 1265 relecta
878 1210 979 1266 docere

131 1294 239 1369 poterit
256 1295 459 1367 scripturula).

131 1458 244 1515 CAPUT
258 1457 338 1513 111111.
353 1487 388 1498 -
397 1457 552 1512 Passeratius
562 1470 646 1512 comes
658 1457 780 1512 Asianus
794 1459 825 1513 io
839 1457 983 1514 collatione

165 1547 321 1602 revincitur.
334 1546 446 1603 Collatio
456 1560 516 1600 cum
529 1545 680 1600 liucimino
693 1547 815 1616 episcopo
829 1545 944 1602 Arione.

165 1689 308 1744 Praeterea
337 1703 403 1743 curn
434 1687 559 1760 quodam
587 1687 672 1742 otiam
695 1687 843 1743 Pascentio
878 1687 982 1743 comite

129 1777 233 1835 domus
247 1779 333 1848 regia
354 1777 471 1844 Amano,
487 1777 537 1848 qni
555 1793 607 1848 per
625 1776 894 1833 auctoritatemsme
917 1795 982 1850 per-

129 1882 208 1924 sonae
230 1867 291 1921 lisei
320 1865 587 1921 vehementissimus
620 1870 742 1933 exactor,
774 1866 858 1922 tidem
881 1867 981 1922 catho-

128 1952 213 2009 licam
228 1953 361 2009 atrociter
374 1970 405 2009 ac
416 1952 526 2025 jugiter
538 1953 734 2026 oppugnabat,
750 1957 779 2009 et
792 1969 880 2027 quam
892 1955 983 2026 pluri·

128 2058 191 2098 mos
205 2043 362 2099 sacerdotes
375 2042 424 2098 Ilei
437 2042 605 2113 simpliciori
617 2043 673 2098 lide
685 2042 982 2110 viventes,dieaeitate

128 2147 161 2187 ac
178 2136 317 2205 potestate
331 2131 502 2203 exagitabat,
519 2134 548 2187 et
561 2132 758 2202 perturbabat,
773 2131 949 2203 interpositis
968 2132 981 2168 ²

109 2206 112 2212 Δ
128 2220 277 2276 honoratis
291 2226 319 2276 et
332 2220 475 2275 nobilibus
488 2220 565 2290 viris,
579 2220 656 2292 apud
668 2219 868 2290 Carthaginem
884 2221 918 2276 ab
932 2221 981 2278 illo

128 2314 306 2382 provocatus,
322 2325 420 2364 coram
431 2308 562 2365 eontulit.
578 2309 635 2365 Sed
648 2309 726 2364 idern
736 2309 886 2364 hmreticns
902 2312 981 2366 tabu-

127 2399 170 2454 las
198 2403 285 2471 atque
312 2398 418 2461 stilum,
443 2399 520 2470 quod
546 2398 683 2470 magister
710 2402 831 2454 noster⁸
862 2403 890 2453 et
915 2405 981 2456 ante

128 2503 313 2559 congressum
336 2492 365 2544 et
389 2488 419 2542 iu
432 2503 587 2559 congressu
609 2486 814 2542 instantissime
827 2487 890 2542 fieri
905 2489 979 2543 role-

127 2576 187 2644 bat,
204 2592 240 2632 ne
259 2577 390 2632 adessent
413 2576 493 2632 omni
512 2575 599 2631 modo
616 2575 775 2631 recusabat.
799 2576 832 2632 Et
854 2576 923 2632 dum
951 2577 980 2633 id

126 2669 321 2737 pernegasset,
347 2666 442 2721 dicans
467 2665 544 2737 quod
569 2667 648 2719 metu
675 2665 773 2735 legum
798 2665 979 2737 publicarum

126 2754 282 2826 periclitari
296 2754 400 2810 tabulis
413 2753 526 2825 scriptis
540 2753 630 2808 nollet
643 2769 650 2820 ;
663 2758 748 2825 atque
761 2752 938 2826 interpositis
950 2753 980 2811 id

126 2843 238 2916 placere
259 2842 435 2914 Augustinus
454 2842 603 2915 episcopos
623 2857 689 2898 curn
708 2841 767 2897 suis
790 2841 839 2915 qui
862 2843 981 2899 aderant

126 2930 374 2988 consacerdotibus
386 2931 503 2998 rideret,
518 2935 550 2987 ut
563 2932 672 3003 absque
687 2931 745 2985 ulla
764 2931 906 3002 scriptura
920 2933 979 3004 pri·

125 3019 213 3075 vatim
233 3019 420 3090 disputarent,
441 3018 624 3075 collationem
643 3019 787 3090 suscepit:
808 3020 976 3091 predicens,

125 3113 159 3163 ut
171 3109 355 3179 postmodnm
369 3108 501 3180 contigit,
512 3108 589 3180 quod
598 3113 662 3180 post
671 3109 798 3166 solutum
808 3115 979 3166 conuentum

126 3212 189 3253 esse
213 3195 348 3269 cuiquam
379 3202 477 3268 posset
496 3197 618 3253 liberum
638 3202 648 3235 ⁴
667 3198 741 3252 lorte
765 3198 871 3269 dicere,
898 3200 979 3255 nullo

125 3284 273 3357 scripturae
297 3285 480 3355 documento,
495 3302 524 3341 se
539 3284 644 3341 dixisse
659 3286 737 3358 quod
758 3287 832 3342 forte
859 3305 918 3344 non
933 3289 977 3344 di·

123 3373 206 3441 xerit,
225 3374 271 3428 vel
285 3390 342 3429 non
362 3373 466 3430 dixisse
485 3373 563 3446 quod
586 3374 699 3430 dixerit.
724 3375 755 3430 Et
776 3375 890 3432 miscuit
912 3393 978 3434 cum

124 3462 226 3518 eodem
240 3479 414 3530 sermonem,
429 3466 515 3535 atque
529 3463 650 3519 assernit
663 3462 733 3535 quid
747 3464 885 3534 crederet,
899 3471 928 3522 et
942 3468 978 3523 ab

122 3550 172 3607 illo
184 3551 256 3624 quid
267 3556 378 3608 teneret
397 3552 515 3619 audivit,
529 3558 559 3606 ot
573 3567 639 3607 rora
653 3552 765 3608 ratione
778 3558 864 3626 atque
879 3561 977 3611 aucto·

121 3639 205 3697 ritate
232 3640 444 3712 scripturarum
478 3641 599 3712 probata
631 3641 728 3697 docuit
751 3645 772 3710 ⁸,
800 3649 829 3698 et
854 3644 977 3699 ostendit

122 3734 228 3785 nostrae
250 3729 318 3785 fidei
341 3729 541 3786 tlrmamenta:
566 3730 644 3785 illius
665 3735 882 3788 autem-asserta
898 3733 977 3788 nulla

121 3818 252 3885 veritate,
275 3819 355 3873 nulla
386 3819 597 3890 scripturarum
618 3832 781 3876 sanctarum
809 3822 976 3876 auctoritate

122 3906 238 3962 suliulta
253 3907 360 3976 docuit,
377 3913 406 3962 et
417 3907 571 3964 frustravit.
590 3909 690 3964 tituta
703 3909 865 3965 seinvicem
880 3917 976 3981 partes

121 3995 256 4067 digressa
271 4003 348 4064 sunt,
370 3995 418 4051 illo
433 3997 525 4070 magis
541 4001 689 4070 magisque
710 3999 800 4054 iratus
814 4003 843 4054 et
866 3999 974 4071 lrrrens,

121 4084 272 4139 mendacia
282 4087 371 4140 multa
382 4101 435 4157 pro
445 4085 502 4141 ilde
513 4102 564 4142 sua
574 4087 644 4143 falsa
651 4088 786 4159 jactabat,
799 4088 903 4145 victum
916 4107 976 4146 esse

122 4189 183 4229 ase
197 4173 260 4246 ipso
276 4175 464 4247 proclamans,
480 4178 638 4231 multorum
653 4192 702 4232 ore
717 4177 864 4233 laudatum
878 4182 976 4252 Angu-

121 4263 239 4320 atinum.
258 4263 326 4330 Qum
346 4281 411 4320 curn
425 4266 436 4302 ⁸
452 4264 570 4320 minime
586 4266 719 4336 laterent,
734 4270 848 4322 coactus
874 4272 917 4324 est
939 4268 975 4324 ad

119 4350 215 4425 ipsum
225 4354 347 4410 seribere
355 4353 543 4419 pascentium,
551 4359 672 4427 propter
681 4355 758 4412 illins
770 4359 877 4412 metum
888 4358 974 4413 ornis-

120 4441 159 4497 sis
172 4443 337 4498 nominibus
349 4443 572 4512 conferentium
589 4449 616 4499 et
626 4444 654 4499 in
667 4445 708 4500 eis
722 4444 824 4501 litteris
835 4447 976 4519 quidquid

121 4530 199 4587 inter
207 4537 302 4604 partes
310 4531 418 4588 dictum
432 4532 475 4586 rel
484 4536 596 4604 gestum
608 4532 711 4602 lucrat,
723 4534 847 4591 fideliter
856 4536 975 4594 intima·

120 4619 179 4675 sil:
196 4621 232 4677 ad
245 4636 288 4689 ea,
304 4620 327 4675 si
342 4627 525 4693 negarentur,
541 4622 692 4692 probanda
706 4639 841 4696 magnam
857 4626 974 4682 testium

101 4700 229 4764 'babens
241 4709 365 4781 copiam,
374 4709 546 4767 clarissimos
560 4711 668 4768 scilieet
677 4718 763 4785 atque
779 4714 973 4788 honorabiles,

120 4796 171 4869 qui
184 4802 253 4852 tunc
265 4797 394 4868 aderant,
409 4797 496 4856 viros.
510 4802 603 4872 Atque
617 4800 665 4856 ille
680 4801 715 4856 ad
729 4801 786 4857 duo
800 4802 855 4857 sibi
867 4803 975 4861 directa

119 4883 336 4956 scripta,unum
356 4886 402 4942 vix
416 4887 539 4944 reddidit
552 4890 720 4963 rescriptum
735 4886 762 4957 ⁷,
787 4889 818 4946 in
839 4908 896 4964 quo
913 4910 973 4951 ma-

119 4972 163 5046 gis
183 4972 320 5047 iujuriam
335 4975 437 5045 iacere,
453 4993 539 5050 quarn
555 4994 614 5034 sure
629 4984 712 5036 secta
728 4980 869 5036 rationem
883 4984 973 5039 valuit

151 5079 220 5131 ¹iiic
233 5081 296 5132 editi
310 5081 421 5143 addunt,
455 5085 503 5149 uip
557 5085 701 5150 Hipponem
723 5090 837 5139 venerut
851 5088 973 5140 eumdem

116 5144 435 5196 semiuutmuserrorem.
470 5161 499 5196 er
518 5149 751 5214 asuutdugnstini
761 5150 788 5199 in
799 5149 866 5200 libro
876 5165 971 5202 secun·

118 5204 153 5255 do
170 5206 407 5266 Retractutionum,
423 5221 480 5273 erp.
497 5211 520 5260 8.

59 5272 64 5279 '
148 5269 449 5333 ’Editipraeseuttdus

150 5328 160 5358 ³
178 5331 355 5384 Floriacenses
364 5332 418 5383 duo
432 5332 614 5397 manuscripti,
630 5333 699 5399 quod
711 5339 796 5399 munis
806 5341 906 5388 noster.

148 5392 258 5444 tEditio
270 5395 331 5444 ιον.
345 5396 427 5456 addit,
444 5395 596 5445 arbitrium.

149 5455 160 5488 ⁵
180 5453 299 5526 illeriquu
313 5456 385 5513 Mes..
402 5459 512 5521 protutu
527 5456 628 5509 duruit.

147 5514 219 5566 ⁸llic
230 5518 294 5568 eoin
308 5519 427 5571 entant:
442 5521 522 5573 titum
535 5519 714 5573 uenerabilem
726 5523 824 5576 utrum.

147 5577 159 5612 ²
174 5576 286 5639 salinas,
296 5593 328 5631 ex
343 5581 390 5633 cd.
401 5583 465 5648 lteg.
482 5585 541 5634 an:
557 5582 634 5700 qqod
646 5580 758 5635 nudum
769 5585 919 5644 beriticus,
932 5587 969 5639 ud

115 5636 550 5708 mecnpmsotdtrectumasm
600 5644 967 5716 ruarmdiuttscriptumbt.

146 5737 184 5804 (a)
198 5738 264 5793 Acta
276 5753 338 5792 cum
351 5743 436 5795 Felice
449 5744 604 5808 Hantcbao,
617 5744 729 5796 latomo
745 5747 769 5798 t.

1036 416 1188 471 declarare.
1205 414 1286 480 Quod
1311 431 1329 469 a
1349 414 1509 470 solentibus
1523 417 1553 469 et
1574 412 1768 469 ardentibus
1791 413 1891 484 legare

1036 505 1256 576 comprobatur.

1073 593 1145 649 Cum
1168 593 1298 664 ipsorum
1318 607 1433 665 quoque
1453 590 1627 646 arianorum
1658 590 1791 662 episeopo
1816 606 1894 663 quo·

1038 681 1104 737 dam
1119 681 1345 738 ldaximinocum
1359 680 1459 737 Gothis
1472 681 1508 735 sd
1521 679 1646 735 iliricum
1660 679 1801 746 veniente,
1813 679 1893 751 apud

1039 767 1200 840 Hipponem
1208 784 1295 841 quam
1308 767 1606 839 plurimisrolentibus
1615 772 1701 838 atque
1715 765 1894 838 petentibus,

1037 862 1065 912 et
1075 857 1217 929 praelatis
1225 856 1401 928 interpositis
1415 856 1482 910 viris
1496 854 1619 910 contulit
1630 871 1636 909 :
1648 854 1757 927 etquid
1766 855 1891 925 singulas

1038 946 1210 1001 asseruerint
1228 950 1335 1017 partes,
1350 945 1553 1017 scriptumest.
1573 943 1642 1008 Quae
1662 943 1685 997 si
1700 943 1824 998 studiosi
1848 943 1891 998 di·

1037 1032 1161 1106 ligentur
1174 1035 1268 1106 legere
1278 1033 1448 1100 curaverint,
1465 1035 1563 1106 procul
1576 1031 1664 1088 dnbio
1680 1032 1857 1103 indagabunt
1871 1030 1893 1101 ⁴,

1037 1124 1081 1179 vel
1094 1123 1163 1194 quid
1183 1124 1285 1179 callida
1300 1128 1328 1178 et
1348 1121 1555 1178 irrationabilis
1568 1122 1686 1177 haeresis
1699 1121 1733 1176 ad
1750 1121 1890 1178 seducen-

1038 1212 1107 1267 dum
1133 1217 1161 1266 et
1174 1211 1375 1283 decipiendum
1397 1211 1577 1283 profiteatur,
1606 1211 1650 1265 rel
1674 1209 1745 1282 quid
1768 1210 1891 1266 Ecclesia

1037 1299 1175 1356 catholica
1190 1301 1225 1356 de
1238 1300 1334 1356 divina
1348 1304 1443 1356 masat
1463 1303 1491 1354 et
1505 1299 1640 1371 praedicet
1660 1297 1809 1354 Trinitate.
1833 1298 1888 1354 Sed

1037 1388 1176 1462 quoniam
1197 1389 1244 1445 ille
1262 1390 1412 1445 haereticos
1434 1389 1470 1445 de
1486 1390 1617 1460 Hippone
1631 1388 1744 1444 rediens
1762 1387 1801 1443 ad
1824 1387 1892 1444 Car·

1036 1478 1195 1550 tbaginem,
1208 1479 1244 1535 de
1256 1494 1307 1534 sna
1321 1480 1412 1535 multa
1432 1479 1463 1533 in
1485 1476 1637 1533 collatione
1660 1476 1835 1550 loquacitate
1852 1477 1893 1532 ri-

1037 1571 1145 1622 ctorem
1171 1582 1200 1622 se
1226 1565 1261 1622 de
1299 1566 1360 1639 ipsa
1393 1565 1543 1622 collatione
1584 1566 1734 1622 recessisse
1759 1566 1892 1636 jactarit,

1039 1660 1067 1711 et
1081 1655 1218 1712 mentitus
1241 1659 1297 1721 est;
1313 1655 1490 1728 quantique
1505 1670 1564 1711 non
1577 1654 1660 1710 facile
1674 1654 1806 1711 adirinae
1821 1654 1893 1727 legis

1037 1744 1145 1816 ignaris
1159 1743 1318 1799 examinari
1334 1747 1363 1798 et
1375 1742 1527 1816 dijudicari
1544 1749 1678 1815 possent:
1696 1761 1712 1799 a
1734 1744 1895 1800 venarabili

1036 1832 1197 1903 Augustino
1210 1831 1356 1904 sequentis
1369 1832 1506 1903 temporis
1514 1833 1589 1900 stilo,
1599 1836 1628 1888 et
1642 1832 1718 1888 illius
1732 1833 1821 1889 totius
1832 1835 1893 1889 cot·

1038 1920 1153 1977 lationis
1166 1920 1202 1976 de
1216 1920 1336 1992 singulis
1357 1920 1475 1992 objectis
1487 1926 1515 1976 et
1529 1921 1673 1994 responsis
1694 1922 1768 1978 iacta
1782 1928 1825 1978 est
1849 1939 1893 1978 re·

1037 2009 1215 2081 capitulatio,
1227 2016 1256 2065 et
1266 2025 1353 2082 quam
1366 2009 1438 2065 nibil
1453 2010 1501 2064 ille
1509 2009 1625 2081 objectis
1635 2009 1741 2066 reterre
1750 2012 1890 2083 potuerit,

1037 2096 1225 2152 nibilominus
1238 2096 1469 2152 demonstratum
1483 2102 1535 2163 est,
1551 2096 1655 2152 additis
1668 2098 1891 2169 supplementis,

1037 2201 1103 2257 quas
1118 2175 1287 2257 intempore
1309 2185 1472 2241 collationis
1486 2191 1608 2258 angusto
1627 2192 1729 2242 cuncta
1745 2186 1846 2243 inferri
1860 2193 1891 2242 et

1037 2274 1122 2330 scribi
1135 2275 1254 2330 minime
1268 2279 1437 2347 potuerunt.
1456 2274 1486 2330 ld
1501 2275 1579 2331 enim
1588 2281 1685 2348 egerat
1699 2276 1828 2348 nequitia
1840 2276 1894 2332 bo-

1036 2363 1133 2428 minis,
1149 2369 1181 2418 ut
1194 2380 1246 2419 sua
1260 2362 1414 2419 norissima
1430 2367 1629 2436 prosecutione
1645 2367 1735 2421 multo
1754 2365 1891 2436 longissi-

1037 2469 1095 2523 ma,
1111 2457 1204 2510 totum
1224 2452 1302 2524 quod
1317 2460 1492 2509 remanserat
1506 2453 1564 2508 diei
1587 2454 1711 2525 spatium
1723 2457 1888 2526 occuparet.

1036 2639 1149 2695 CAPUT
1163 2639 1255 2694 xvlll.
1269 2669 1304 2680 -
1319 2639 1508 2707 Petuqiunista
1517 2643 1579 2695 noui
1593 2643 1722 2708 baeretici,
1734 2643 1888 2711 eepuquoti

1070 2732 1095 2783 et
1105 2727 1285 2784 condemnati.
1299 2729 1422 2784 &absia
1433 2730 1571 2785 cuttoticae
1584 2734 1716 2799 questum
1728 2732 1889 2799 profuerint

1071 2817 1174 2873 tutores
1191 2817 1350 2886 Augustini.
1367 2819 1493 2872 Haeretici
1506 2824 1531 2872 et
1549 2821 1656 2886 Pupuni
1670 2818 1808 2889 defletum.
1828 2818 1889 2873 etu-

1070 2909 1174 2976 pustini
1186 2921 1295 2978 ορονιιηι
1310 2922 1393 2976 quum
1407 2909 1501 2975 ingens
1514 2910 1606 2978 copie.

1070 3069 1211 3124 Adversus
1233 3067 1436 3140 Pelagianistas
1462 3083 1575 3140 quoque
1607 3083 1694 3122 noros
1722 3071 1889 3123 nostrorum

1035 3158 1197 3224 temporum
1228 3155 1378 3213 haereticos
1405 3160 1435 3212 et
1457 3156 1645 3228 disputatores
1667 3155 1797 3219 callidos,
1826 3161 1889 3211 arte

1033 3244 1126 3317 magis
1154 3244 1304 3302 subtiliat
1330 3249 1340 3282 ¹
1364 3246 1451 3301 noxia
1477 3245 1641 3312 scribentes,
1667 3248 1696 3301 et
1709 3245 1887 3317 ubicumque

1033 3337 1168 3405 poterant
1195 3333 1305 3406 publice
1330 3338 1359 3390 et
1382 3351 1435 3407 per
1461 3335 1562 3390 domos
1578 3335 1738 3408 loquentes,
1766 3350 1819 3406 per
1834 3351 1887 3390 an·

1033 3437 1085 3476 nos
1105 3423 1194 3479 lerme
1222 3422 1321 3479 decern
1348 3423 1488 3479 laboravit
1513 3429 1525 3460 ⁸
1549 3425 1597 3496 lu).
1623 3424 1765 3480 librorum
1791 3425 1884 3478 multa

1033 3511 1159 3568 condens
1171 3515 1199 3568 et
1213 3512 1310 3580 edens,
1327 3512 1395 3568 etin
1409 3513 1528 3569 ecclesia
1541 3513 1654 3585 populis
1672 3529 1707 3569 ex
1721 3513 1823 3568 eodem
1841 3529 1885 3567 er-

1032 3616 1098 3656 rore
1111 3600 1340 3673 frequentissime
1356 3601 1515 3674 disputans.
1527 3587 1705 3674 n't'qnoniam
1719 3602 1808 3658 iidem
1823 3618 1889 3673 per·

1032 3689 1106 3744 versi
1119 3689 1185 3746 Sodi
1198 3689 1361 3760 apostoliea
1380 3707 1525 3762 persuum
1547 3691 1736 3748 ambitionem
1752 3691 1888 3746 eamdem

1031 3777 1182 3850 perfidiam
1197 3778 1366 3849 persuadere
1378 3781 1565 3846 conabantur,
1575 3779 1780 3836 instantissime
1794 3779 1884 3835 otiam

1032 3866 1160 3924 conciliis
1173 3867 1312 3923 africanis
1325 3874 1488 3924 sanctornm
1499 3865 1699 3940 episcoporum
1708 3872 1821 3940 gestum
1832 3874 1887 3932 est,

1032 3961 1065 4011 ut
1084 3962 1181 4011 sancto
1205 3972 1287 4027 papae
1308 3956 1390 4012 Urbis
1406 3964 1427 4024 ⁸,
1448 3961 1477 4013 et
1501 3957 1580 4029 prius
1599 3954 1781 4013 venerabili⁸
1799 3956 1887 4013 {nno-

1031 4044 1136 4114 centio,
1151 4048 1179 4100 et
1201 4051 1299 4116 postea
1313 4050 1411 4101 sancto
1439 4045 1550 4103 zosimo
1565 4047 1627 4119 ejus
1651 4046 1807 4102 successori
1820 4064 1884 4119 per-

1031 4134 1207 4201 suaderetur,
1223 4150 1310 4206 quam
1324 4135 1374 4190 illa
1387 4139 1488 4191 sectas
1503 4136 1560 4193 lide
1574 4137 1713 4192 catholica
1727 4141 1756 4192 et
1770 4136 1885 4193 abomi-

1030 4220 1126 4277 nanda
1140 4222 1339 4278 etdemnanda
1352 4222 1462 4279 inisset.
1477 4227 1514 4279 At
1528 4223 1570 4280 illi
1583 4229 1668 4280 tantas
1684 4224 1758 4279 sedis
1771 4224 1884 4280 onusti·

1031 4313 1084 4378 tes,
1099 4310 1158 4366 suis
1174 4310 1290 4366 dirersis
1304 4312 1480 4384 temporibus
1505 4313 1620 4369 eosdem
1635 4318 1778 4380 notantes,
1798 4320 1886 4386 atque

1031 4414 1048 4454 a
1071 4399 1208 4455 membris
1226 4400 1355 4457 Ecclesia
1378 4401 1575 4474 precidentes,
1598 4402 1672 4458 datis
1687 4403 1789 4458 litteris
1805 4410 1835 4457 et
1849 4404 1885 4458 ad

1063 4572 1205 4624 ¹Salinas:
1222 4574 1389 4626 servavimus
1407 4576 1435 4626 in
1449 4580 1523 4628 textu
1533 4577 1673 4629 lectionem
1688 4576 1863 4628 parisiensem
1879 4594 1886 4639 3

1030 4635 1113 4686 codex
1127 4641 1215 4686 umen
1231 4637 1293 4702 lieg.
1311 4640 1388 4687 1025:
1403 4639 1579 4691 iudicabunt.
1626 4641 1660 4690 n.

1061 4699 1072 4734 ¹
1088 4698 1254 4756 Particulam.
1269 4703 1302 4758 el,
1318 4701 1484 4752 restituimus
1499 4716 1532 4752 ex
1543 4703 1606 4752 bles.

1062 4759 1072 4789 ¹
1091 4759 1204 4819 Salinas,
1216 4775 1249 4812 ex
1264 4762 1309 4813 cd.
1320 4762 1383 4829 lleg.
1398 4767 1468 4826 1025,
1478 4765 1645 4816 elaborabat.
1692 4765 1727 4815 11.

1060 4822 1112 4872 tln
1129 4823 1207 4872 editis
1220 4824 1326 4874 additur
1339 4829 1433 4877 domu.

1060 4887 1071 4921 ⁸
1084 4885 1160 4949 Apud
1170 4885 1282 4946 Salinas,
1293 4889 1326 4937 ub
1341 4902 1396 4938 uno
1408 4889 1456 4939 cd.
1466 4890 1540 4940 abest
1551 4903 1602 4940 rox
1612 4889 1778 4950 uenerabilis
1796 4889 1825 4939 in
1841 4890 1880 4938 al·

1028 4949 1094 5008 tero,
1107 4948 1165 4999 roci
1179 4950 1327 5002 oereruottt
1339 4951 1445 5002 additur
1458 4965 1510 5002 vox
1525 4951 1580 5015 pio.
1611 4953 1650 5002 11.

1060 5063 1097 5127 (u)
1111 5062 1202 5115 Annos
1218 5080 1234 5115 e
1249 5066 1381 5132 Pelagiani
1395 5068 1491 5119 erroris
1506 5073 1600 5119 exortu
1615 5069 1647 5118 ad
1659 5069 1730 5120 illius
1746 5083 1793 5133 per
1807 5070 1883 5119 Zosi-

1026 5139 1100 5177 mum
1112 5128 1361 5201 condemnationem
1370 5131 1585 5195 computatNam
1601 5133 1700 5196 alioqui
1713 5136 1807 5182 contra
1820 5146 1884 5181 eum

1026 5201 1142 5240 errorem
1156 5189 1301 5254 disputarit
1313 5193 1468 5256 scripsitque
1483 5193 1509 5242 S.
1531 5195 1628 5244 Doctor
1641 5200 1674 5244 ab
1695 5208 1766 5244 anno
1782 5193 1884 5243 Christi

1026 5251 1129 5301 circiter
1150 5254 1192 5302 111
1206 5259 1250 5303 aut
1267 5256 1479 5318 4123quoanuo
1496 5258 1540 5306 tre
1562 5257 1643 5306 libros
1658 5257 1690 5306 da
1708 5258 1883 5306 Peccatorum

1025 5312 1124 5384 bleritss
1133 5317 1160 5364 et
1174 5314 1337 5366 demissione
1351 5317 1474 5377 coniecit,
1488 5333 1550 5369 cum
1561 5320 1684 5369 eumdem
1695 5331 1811 5368 errorem
1828 5332 1883 5367 ser·

1024 5377 1149 5424 mornbus
1163 5377 1236 5440 prius
1252 5392 1391 5443 eggressus
1403 5387 1485 5441 esset3
1500 5394 1585 5445 usque
1601 5383 1635 5431 ed
1649 5394 1753 5431 ennium
1763 5383 1818 5440 130,
1828 5393 1882 5443 quo

1023 5442 1108 5488 morte
1123 5445 1266 5503 occupatus
1280 5446 1321 5490 est
1336 5442 1454 5493 scribens
1469 5441 1591 5493 ultimum
1604 5457 1671 5508 opus
1686 5444 1713 5492 in
1727 5443 1880 5492 lulianum.

1023 5499 1091 5549 ilinc
1101 5500 1222 5566 Prosper,
1235 5503 1262 5552 in
1280 5502 1348 5553 libro
1360 5518 1439 5570 quesn
1455 5518 1528 5555 anno
1543 5507 1588 5555 its
1602 5511 1696 5556 contre
1716 5504 1882 5555 Crsllstorem

1022 5561 1114 5615 edirllt.
1127 5576 1184 5628 cap.
1197 5566 1221 5622 l,
1234 5577 1261 5614 n.
1272 5566 1297 5624 1,
1308 5565 1336 5615 iu
1346 5567 1491 5632 appendice
1502 5567 1566 5618 tomi
1574 5567 1671 5618 decimi
1685 5572 1784 5617 nostra
1796 5565 1881 5617 mitte

1025 5640 1039 5672 s
1053 5625 1152 5690 Viginti
1161 5624 1274 5691 amplius
1284 5627 1348 5677 unni
1358 5633 1429 5691 sunt,
1445 5630 1567 5695 eloquit,
1579 5648 1591 5674 a
1605 5630 1676 5704 quod
1688 5633 1782 5680 eontm
1791 5628 1883 5679 iuimi-

1022 5698 1069 5761 oos
1080 5688 1172 5802 gqstlss
1186 5688 1243 5750 Del,
1257 5688 1387 5742 catholiea
1400 5691 1469 5743 actes
1482 5691 1563 5757 buius
1574 5691 1625 5743 virs
1639 5692 1721 5743 ductu
1735 5693 1883 5756 pugnatet

1026 5761 1101 5801 muci
1115 5787 1122 5802 .
1136 5767 1150 5799 s
