3884 6112
85 234 137 291 ιιι
713 221 760 278 nn
778 217 923 285 nnuma,
944 215 971 272 s.
993 211 1186 273 incusum
1402 162 1411 181 ’
1793 198 1834 252 ιιι

85 351 254 413 diffidentia.
273 351 346 406 'lum
360 346 510 420 Trygetius
534 342 722 417 gaudentibus
739 340 832 396 verbis
848 353 855 395 :
879 340 935 394 lla·
1063 335 1175 393 CAPUT
1186 335 1215 387 V.
1227 362 1262 373 -
1275 329 1376 388 metm
1388 330 1485 384 amota
1498 327 1571 381 Deus
1585 320 1781 377 ιᾱιιιιιιιιιιι.

86 444 200 511 bemus,
213 438 318 512 inquit,
338 438 399 509 jam
425 434 500 506 quod
524 434 589 505 plus
610 435 664 497 est,
690 428 851 485 licentium
878 443 936 483 nou
1028 426 1073 481 ιι.
1098 423 1149 481 Cui
1170 437 1243 494 ego:
1266 419 1352 487 licet,
1377 417 1509 488 inquam,
1544 425 1596 468 me
1622 407 1765 464 odiosum
1786 422 1838 478 per·

87 529 306 595 Academicum
322 542 370 582 eos
385 523 463 579 enim
476 523 524 578 ille
548 518 756 575 studiosissime
785 516 936 573 detundere
991 517 1170 571 conteteram
1196 524 1293 577 voces;
1320 505 1367 562 vir
1380 505 1456 560 enim
1476 514 1602 575 possum
1629 511 1697 552 non
1717 510 1789 561 esse,
1802 496 1841 567 qui

87 618 206 675 solebat.
224 618 288 672 linc
304 614 399 680 modo,
416 610 518 683 inquit,
535 609 638 664 omitte
652 623 760 679 queso,
772 621 864 661 neme
883 605 937 660 boc
991 601 1152 676 expugnavi
1166 616 1202 656 ne
1216 614 1282 654 cum
1296 598 1417 669 Pyramo
1429 597 1457 649 st
1477 589 1594 662 't'bysbe
1620 582 1842 657 colloquereris,

88 707 200 762 vafrum
222 703 357 776 quiddam
381 704 409 754 et
422 697 611 769 captatorium
627 712 643 750 a
657 694 752 750 nescio
773 709 831 767 qua
842 692 938 747 divina
992 707 1111 767 pergem
1126 695 1224 745 tamen
1239 701 1368 760 quarere
1382 683 1432 738 abs
1450 686 1489 738 te.
1506 680 1623 736 Natura
1637 673 1698 730 ista
1712 686 1801 745 quam
1810 671 1844 726 ris

89 811 131 862 re,
148 809 213 865 quae
227 790 298 846 mibi
313 791 455 844 ostentare
468 802 497 841 se
512 784 606 856 coepit,
616 788 645 839 et
658 783 704 838 cui
718 798 764 838 me
778 782 938 837 inhiantem
992 775 1083 831 videri
1097 772 1269 832 ordinatam,
1293 766 1341 822 cui
1354 766 1441 831 bono,
1465 767 1498 819 ut
1512 762 1551 817 de
1573 756 1697 816 ceteris
1710 754 1797 812 rebus
1808 754 1844 810 in·

90 880 242 953 suspendo,
259 878 428 949 detorqueat
435 880 521 946 atque
530 872 700 942 disrumpat.
714 871 764 926 llic
778 886 831 942 ego
847 869 938 925 mutto
993 859 1220 919 numerabilibus
1231 855 1349 921 ιιιιὶιιιι,
1365 853 1433 907 istas
1444 851 1522 924 ipsas
1533 848 1738 918 arboresque
1751 842 1846 898 tractus

89 969 207 1026 uberius
231 982 350 1022 cernens
378 962 526 1019 abundare
546 960 661 1016 laetitias
682 974 761 1015 meas
785 974 872 1030 quam
894 959 940 1013 vel
993 966 1053 1006 non
1068 949 1200 1013 atterunt,
1215 940 1395 1018 procreavit?
1408 943 1446 996 tt
1457 939 1507 994 illo
1522 935 1682 1009 cogitante
1698 930 1771 1005 quid
1783 929 1847 987 dias

91 1062 190 1128 optare
212 1053 366 1126 aliquando
382 1066 467 1107 ausus
482 1065 556 1117 snm,
571 1063 685 1103 versum
706 1047 792 1102 istum
815 1045 939 1119 gestiens
996 1043 1050 1104 ret,
1066 1037 1107 1092 ait
1120 1033 1290 1108 Trygetius:
1307 1028 1521 1101 Numquidnam
1533 1041 1609 1081 usus
1624 1017 1848 1078 arbustorumis

92 1145 198 1201 effudi·
217 1231 259 1280 Sic
274 1230 350 1279 Pater
359 1227 403 1278 ille
413 1207 493 1276 deum
509 1223 647 1286 sacietate
661 1222 730 1272 altus
744 1220 846 1286 AP⁰¹¹02

216 1308 346 1372 incipias:

532 1382 646 1445 (AEtteid.
661 1396 687 1440 x,
705 1381 763 1432 att.
779 1381 848 1442 875.)

34 1496 39 1505 “
93 1486 231 1558 perducet
244 1482 321 1538 enim
336 1481 409 1553 ipse,
437 1481 461 1535 si
476 1480 625 1552 sequimur
644 1496 701 1551 quo
728 1494 781 1534 nos
794 1478 836 1532 ire
847 1475 940 1549 jubet,

94 1577 179 1645 atque
194 1570 243 1626 ubi
254 1585 362 1642 ponere
376 1568 484 1637 sedem,
494 1567 544 1639 qui
559 1567 607 1622 dat
620 1567 707 1622 modo
718 1566 882 1638 augurium,
893 1580 943 1618 no·

95 1661 218 1732 atrisque
247 1658 375 1713 illabitur
396 1656 499 1710 animis
514 1655 568 1725 (ld.
585 1671 626 1722 nr,
642 1657 688 1721 88,
712 1655 771 1726 89).
792 1654 848 1708 Νιι
865 1652 942 1707 enim

95 1750 169 1805 altus
194 1746 297 1819 rtpollo
317 1749 369 1810 est,
392 1743 494 1815 quiin
518 1742 671 1814 speluncis,
688 1742 718 1797 iu
742 1739 899 1807 montibus,
913 1739 943 1793 in

95 1834 270 1903 nemoribus,
304 1832 404 1887 nidore
431 1831 524 1886 thuris
552 1830 753 1902 pecudumque
784 1828 943 1883 calamitate

96 1923 252 1979 concitatus
261 1922 364 1992 implet
372 1920 507 1975 insanos:
526 1919 575 1974 sed
584 1919 656 1974 atius
662 1917 790 1989 protecto
805 1919 858 1985 est,
870 1915 945 1970 alius

96 2011 144 2067 ille
172 2011 248 2067 altus
278 2008 429 2074 veridicus,
457 2011 542 2079 atque
567 2006 629 2077 ipsa
653 2004 733 2077 (quid
757 2004 836 2059 enim
851 2002 945 2058 verbis

96 2097 220 2155 ambiam
233 2096 268 2167 ‘ll
283 2095 409 2151 Veritas:
425 2095 506 2166 cujus
520 2098 598 2148 vates
611 2096 678 2148 sunt
691 2092 865 2165 quicumque
880 2107 944 2163 pos·

97 2191 164 2242 sunt
178 2202 239 2255 esse
253 2184 406 2255 sapientes.
423 2184 496 2254 Ergo
512 2181 722 2254 aggrediamur,
747 2180 864 2247 licenti,
880 2178 945 2234 treti

98 2275 205 2346 pietate
218 2274 350 2339 cultores,
359 2277 389 2326 et
397 2269 523 2342 vestigiis
531 2269 635 2324 nostris
645 2269 742 2340 ignem
755 2267 945 2340 perniciosum

99 2363 277 2418 fumosarum
291 2361 481 2432 cupiditatum
495 2358 701 2431 opprimamus.

136 2455 184 2506 lt.
201 2451 274 2514 iam,
289 2447 394 2519 inquit,
408 2448 564 2518 interroga,
581 2461 631 2500 oro
657 2450 697 2515 te,
720 2444 744 2499 si
771 2443 879 2515 possim
893 2443 946 2497 hoc

98 2543 211 2594 tanturn
226 2537 321 2592 nescio
336 2536 406 2607 quid
421 2535 572 2606 explicare,
594 2537 622 2588 et
634 2533 691 2588 tuis
706 2532 798 2587 verbis
813 2535 842 2587 et
863 2530 945 2586 meis.

99 2627 158 2681 Hoc
170 2626 276 2697 ipsum.
292 2619 421 2696 inqndm,
437 2623 508 2678 mihi
524 2621 673 2694 responde,
690 2621 784 2692 primo
801 2620 878 2676 unde
893 2618 947 2674 tibi

96 2714 228 2770 rideatur
236 2729 310 2785 aqua
323 2713 377 2767 ista
389 2728 447 2767 non
460 2716 568 2767 temere
577 2711 626 2780 sic,
642 2710 691 2765 sed
701 2709 800 2765 ordine
813 2708 945 2763 influere.

97 2803 169 2858 itam
182 2802 259 2874 quod
274 2801 322 2856 itte
333 2800 467 2873 ligneolis
474 2799 620 2854 canalibus
635 2796 838 2870 superlabitur,
851 2800 880 2852 et
893 2796 944 2851 du·

98 2889 172 2945 citur
184 2905 274 2961 usque
288 2889 319 2944 in
334 2904 401 2943 usus
417 2892 541 2957 nostros,
560 2892 654 2959 potest
669 2887 703 2942 ad
717 2886 848 2941 ordinem
857 2883 945 2957 perti-

99 2994 177 3033 nere.
193 2979 309 3033 Factum
325 2981 367 3032 est
379 2976 458 3031 enim
472 2977 508 3031 ab
523 2975 689 3031 bominibus
712 2973 824 3029 ratione
840 2970 946 3027 utenti-

98 3066 163 3129 bus,
178 3069 210 3120 ut
223 3081 281 3120 uno
296 3066 358 3136 ejus
367 3065 469 3121 itinere
479 3064 565 3119 simul
576 3068 605 3120 et
616 3064 750 3119 biberent
764 3068 793 3118 et
806 3063 946 3129 levarent,

997 1126 1065 1182 solis
1075 1123 1214 1181 fructibus
1219 1120 1366 1193 praebetur
1374 1113 1565 1173 hominibus?
1573 1112 1699 1178 Quanta
1712 1110 1781 1163 sunt
1793 1106 1847 1171 ιιι,
1883 1110 1885 1141 ²

995 1231 1060 1290 qnae
1071 1213 1184 1280 umbra,
1192 1225 1258 1283 quae
1267 1206 1366 1280 lignis,
1380 1209 1529 1277 postremo
1538 1217 1608 1275 quae
1620 1198 1700 1272 ipsis
1711 1194 1849 1253 frondibus

996 1295 1437 1361 seuloliistlanttNolliobsecm,
1445 1291 1612 1366 inquitille,
1620 1283 1850 1357 interrogationi·

995 1395 1050 1452 bus
1066 1394 1129 1466 ejus
1143 1393 1205 1447 boec
1217 1390 1346 1446 reddere.
1367 1382 1596 1442 Innumerabilia
1612 1384 1692 1437 sunt
1704 1378 1786 1435 ιιιιι
1797 1392 1849 1450 que

996 1482 1254 1556 proterripossunt,
1261 1494 1294 1534 ex
1302 1476 1407 1550 quibus
1416 1474 1496 1530 nulla
1504 1475 1551 1528 est
1558 1468 1742 1527 bominibus
1754 1465 1848 1523 utilitas

997 1578 1048 1628 aut
1061 1575 1136 1628 certe
1155 1569 1197 1624 ita
1209 1570 1277 1624 latet
1291 1567 1335 1622 vel
1348 1562 1491 1621 imbecilla
1504 1564 1562 1629 est,
1579 1563 1615 1615 ut
1631 1558 1672 1612 ab
1687 1554 1848 1617 homiuibus

997 1659 1159 1733 prasertim
1174 1655 1268 1722 nobis,
1283 1653 1346 1710 erui
1364 1650 1512 1708 defendive
1528 1664 1592 1704 non
1607 1644 1721 1719 possit.
1738 1645 1800 1716 lpse
1810 1657 1849 1714 po

997 1749 1056 1805 tius
1070 1763 1122 1802 nos
1136 1747 1247 1814 doceat,
1260 1740 1405 1815 quomodo
1419 1737 1531 1812 aliquid
1541 1736 1596 1792 liat
1606 1733 1696 1808 quod
1705 1747 1767 1788 non
1779 1746 1848 1787 cana

998 1835 1184 1911 praecesserit.
1200 1835 1276 1899 Post,
1291 1831 1420 1903 inquam,
1436 1827 1490 1882 ista
1503 1824 1692 1881 videbimus.
1710 1823 1773 1878 Non
1785 1819 1847 1876 enin

996 1926 1057 1998 jam
1071 1940 1117 1979 nre
1136 1936 1251 1978 necesse
1265 1923 1308 1976 est
1330 1933 1390 1973 esse
1413 1917 1574 1984 doctorem,
1588 1928 1666 1968 curn
1685 1916 1720 1967 tu
1740 1908 1789 1983 qui
1799 1909 1846 1981 jan

999 2017 1087 2070 tantae
1101 2011 1142 2067 rei
1156 2015 1184 2066 te
1198 2014 1310 2064 certum
1323 2022 1383 2062 esse
1397 2004 1542 2076 protessus
1553 2019 1597 2073 es,
1616 2000 1718 2056 adbuc
1730 2012 1776 2053 me
1787 1996 1843 2052 nibil

1000 2099 1131 2158 docueris
1146 2098 1268 2154 nimium
1282 2095 1390 2151 discere
1404 2093 1582 2166 cupientem,
1608 2093 1642 2145 et
1666 2090 1787 2161 propter
1803 2085 1845 2140 boe

1000 2189 1093 2242 solum
1107 2184 1167 2240 dies
1181 2186 1335 2255 noctesque
1349 2178 1527 2252 vigilantem.

1037 2279 1080 2332 tt.
1095 2275 1156 2340 Quo
1171 2289 1218 2328 me
1243 2269 1345 2338 mittis,
1360 2265 1481 2341 inquit‘l
1495 2271 1542 2322 An
1566 2264 1644 2338 quia
1667 2262 1762 2318 levius
1774 2265 1799 2316 te
1810 2275 1842 2313 ss

1001 2379 1074 2435 quor
1099 2377 1186 2435 quam
1211 2360 1267 2416 ista
1292 2358 1361 2414 lotia
1386 2360 1496 2422 ventos,
1520 2353 1636 2426 quibus
1660 2351 1694 2407 in
1715 2348 1842 2424 pronun

1000 2456 1058 2506 tem
1073 2466 1177 2522 aquam
1190 2448 1345 2521 jaciuntur,
1360 2447 1392 2501 nt
1410 2444 1451 2499 eis
1475 2441 1580 2498 cadere
1611 2455 1724 2512 parum
1738 2438 1783 2502 sit,
1802 2434 1844 2491 nisi
1882 2452 1885 2473 ¹

1001 2539 1087 2594 etiam
1099 2536 1270 2593 trahantur?
1287 2532 1440 2606 Numquid
1459 2531 1539 2587 aliud
1554 2527 1615 2585 erit
1635 2544 1706 2584 cum
1721 2524 1844 2584 bisantius
1883 2502 1885 2529 ¹

1002 2631 1030 2683 et
1043 2625 1245 2699 augustinum,
1266 2628 1294 2678 et
1309 2638 1342 2678 ea
1356 2638 1421 2694 quse
1435 2619 1547 2675 suntin
1561 2617 1666 2673 media
1679 2610 1845 2689 phitoupt‘s

1001 2715 1109 2772 docet?
1123 2713 1187 2769 Noli
1200 2713 1331 2778 obsecro,
1345 2709 1476 2781 inquam,
1490 2711 1540 2762 ant
1552 2710 1582 2762 te
1592 2710 1717 2761 tantum
1731 2701 1845 2774 abjiwa

1002 2809 1052 2860 aut
1065 2818 1112 2857 me
1126 2800 1350 2857 extollere.Nam
1361 2802 1389 2852 et
1401 2813 1455 2870 ego
1463 2795 1494 2851 in
1505 2793 1699 2869 philosophia
1707 2802 1845 2865 puersan,

1002 2897 1031 2948 et
1039 2907 1097 2947 non
1112 2889 1198 2945 nimis
1205 2904 1283 2954 curo,
1298 2903 1365 2943 cnm
1379 2886 1534 2956 interrogo,
1545 2899 1603 2954 per
1616 2898 1711 2955 quem
1726 2877 1798 2936 mibi
1810 2876 1846 2931 ilie

1001 2977 1182 3048 respondeat,
1198 2975 1248 3049 qui
1263 2991 1309 3031 me
1325 2973 1452 3045 quotidie
1469 2973 1630 3045 querulum
1647 2968 1768 3042 accipit:
1781 2966 1846 3037 cuius

1000 3070 1030 3121 te
1044 3064 1161 3138 quidem
1180 3063 1265 3120 credo
1278 3063 1452 3137 quandoque
1465 3065 1560 3116 vatem
1575 3060 1739 3126 futurum,
1764 3068 1844 3128 nsque

100 3158 129 3209 et
143 3169 195 3225 pro
209 3155 336 3208 locorum
357 3153 619 3224 opportunitatibus
638 3166 818 3224 consequens
839 3155 900 3206 erat
913 3153 947 3205 ut
1001 3155 1066 3220 boc,
1081 3152 1262 3225 quandoque,
1278 3151 1398 3207 forsitan
1411 3151 1531 3222 longum
1547 3151 1602 3203 eet.
1621 3147 1680 3204 Sed
1695 3152 1795 3202 tamen
1810 3141 1847 3196 uti

99 3241 139 3296 ita
153 3242 244 3295 tieret.
259 3240 341 3305 Quod
356 3256 422 3294 vero
438 3240 538 3307 ille,nt
552 3240 632 3306 dicis,
640 3239 713 3295 tolia
723 3239 763 3295 sic
772 3239 945 3305 inciderunt,
1002 3258 1117 3315 quoque
1131 3242 1253 3297 multum
1266 3238 1381 3312 sepositi
1398 3239 1433 3295 ab
1451 3236 1624 3309 hujusmodi
1640 3236 1749 3292 studiis
1762 3234 1847 3290 docere

101 3332 135 3384 ut
149 3328 292 3399 bocqnod
314 3327 447 3382 admirati
471 3343 570 3383 sumus
589 3327 732 3395 eveniret,
760 3343 817 3399 quo
832 3327 947 3382 tandem
1002 3330 1111 3402 aliquid
1136 3332 1266 3402 possunt,
1294 3344 1359 3383 cum
1372 3325 1591 3384 disserentium
1620 3323 1764 3400 societati⁴
1781 3317 1847 3394 qussi

100 3432 199 3476 rerum
213 3417 324 3487 ordine,
339 3416 543 3487 aenonpotius
557 3432 625 3471 casu
638 3416 746 3471 tactum
759 3415 948 3488 putabimus?
1001 3418 1123 3474 vinculis
1150 3416 1412 3489 interrogationum
1434 3417 1629 3471 coarctantur.
1656 3412 1744 3469 ldem
1767 3415 1847 3466 ιιιει

101 3505 187 3570 Quasi
208 3520 284 3574 vero,
305 3504 402 3577 inquit
421 3504 480 3572 ille,
500 3504 584 3561 aliter
606 3509 692 3576 atque
708 3504 882 3570 ceciderunt,
898 3503 947 3558 de·
1003 3507 1111 3580 aliquid
1122 3524 1181 3563 non
1196 3511 1239 3563 est
1251 3508 1333 3563 nihil.
1348 3509 1393 3563 An
1406 3523 1464 3562 non
1478 3504 1558 3560 vides
1582 3504 1651 3575 (tuo
1670 3504 1756 3560 enim
1776 3502 1848 3558 siniti

100 3594 196 3649 buisso
210 3597 260 3649 aut
271 3594 398 3665 potuisse
413 3594 512 3649 cadere
526 3592 662 3666 cuiquam
675 3592 765 3648 videri
779 3596 882 3664 potest,
903 3608 948 3647 se·
1002 3600 1067 3652 utar
1090 3596 1238 3668 libentius)
1255 3596 1305 3651 illa
1325 3596 1388 3668 ipsa
1408 3594 1476 3650 tolia
1500 3609 1566 3666 quea
1595 3593 1741 3649 teruntur
1759 3591 1847 3654 ventis,

101 3681 249 3738 renissime
263 3681 386 3737 intuenti
400 3681 462 3737 nihi
478 3697 561 3756 posse
574 3681 636 3737 tieri
650 3681 713 3737 sine
737 3697 831 3737 cause.
848 3679 948 3746 Quid?
1003 3702 1069 3758 qnae
1078 3685 1164 3741 undis
1173 3685 1314 3754 innatant,
1327 3684 1457 3740 resistere
1467 3682 1656 3754 aliquantum
1666 3678 1847 3755 praecipitmti

98 3769 160 3864 jam
179 3768 220 3823 vis
246 3784 402 3840 persequar
426 3769 496 3824 situs
515 3769 652 3824 arborum
676 3774 763 3839 atque
790 3783 948 3836 ramorum,
1004 3789 1033 3829 se
1046 3773 1170 3840 tlumini,
1184 3777 1212 3828 et
1226 3773 1261 3828 de
1274 3787 1372 3827 rerum
1386 3771 1485 3827 ordine
1499 3770 1638 3826 homines
1662 3782 1847 3831 commonere,

102 3868 257 3924 ipsumque
271 3855 382 3925 pondus
403 3860 544 3926 quantum
568 3859 671 3911 natura
689 3855 766 3911 toliis
789 3855 948 3927 imposuit?
1003 3861 1206 3917 sitammhoc
1221 3857 1590 3932 quodabstedeteuditur,
1604 3874 1714 3914 verum
1730 3857 1794 3914 aas?

103 3940 187 4006 Quid,
202 3941 276 3996 aeris
290 3942 335 3996 vel
349 3941 538 3997 mobilitatem
554 3960 611 4015 qua
632 3943 763 4014 volitant,
784 3944 829 3998 vel
854 3941 949 3998 molli·
1041 3953 1082 4005 tt.
1101 3950 1150 4005 nic
1163 3948 1211 4005 ille
1230 3949 1304 4004 lecto
1318 3949 1406 4004 etiam
1418 3947 1550 4004 exsiliens
1574 3962 1640 4019 prae
1653 3947 1761 4004 loetitia
1774 3964 1781 4002 :
1794 3943 1849 4010 nub

101 4029 171 4085 tiem
185 4044 243 4100 qna
257 4029 442 4098 descendunt,
457 4031 608 4103 variosque
620 4031 717 4102 lapsus
732 4047 785 4103 pro
800 4030 949 4086 allectione
1004 4043 1102 4110 neget,
1117 4039 1191 4093 neus
1207 4053 1320 4110 magne,
1336 4036 1441 4109 inquit,
1456 4037 1598 4092 reclinata
1614 4035 1725 4091 ordine
1740 4032 1849 4091 numiui·

103 4117 177 4184 omli,
192 4133 245 4189 pro
260 4133 357 4186 onere,
374 4133 426 4190 pro
440 4117 540 4189 liguris
554 4118 623 4187 suis,
634 4119 802 4190 caterisque
816 4118 949 4173 innume·
1005 4127 1113 4181 stram?
1131 4126 1222 4191 Quam
1237 4142 1266 4181 ιι
1281 4125 1380 4181 omnia
1393 4123 1508 4180 tenent!
1525 4139 1617 4196 quum
1624 4123 1700 4178 ratis
1713 4122 1850 4180 summus

104 4206 242 4262 rabilibus
255 4210 341 4279 atque
355 4207 566 4262 obscurioribus
580 4207 682 4277 causis,
706 4207 775 4279 quid
789 4224 835 4262 me
850 4206 952 4262 attinet
1004 4214 1089 4270 nibus
1103 4214 1133 4269 in
1149 4214 1237 4269 nodos
1252 4230 1318 4268 suos
1332 4210 1488 4285 urgentur!
1500 4215 1612 4282 quanta
1624 4215 1656 4267 et
1666 4227 1761 4285 quiam
1775 4208 1850 4266 multa

104 4296 257 4365 quaerere‘l
278 4296 379 4350 Latent
395 4294 451 4349 ista
464 4311 563 4350 sensus
574 4300 697 4363 nostros,
713 4295 828 4369 penitus
841 4295 948 4351 latent:
1004 4303 1078 4358 fucta
1090 4305 1157 4358 eunt
1169 4307 1202 4357 ut
1215 4302 1276 4357 haec
1289 4303 1475 4373 loqueremur
1490 4305 1496 4356 l
1513 4304 1624 4372 quanta
1638 4299 1721 4356 ilnnt
1735 4303 1768 4356 ut
1779 4299 1850 4355 uia·

104 4383 174 4440 illud
187 4389 286 4440 temen
300 4384 375 4455 qnod
389 4385 696 4456 aggressae‘qnoetioni
710 4385 839 4452 satisest,
855 4382 950 4439 nescio
1004 4391 1170 4446 veniamust
1199 4390 1277 4446 Unde
1297 4388 1375 4446 enim
1396 4390 1450 4445 hoc
1478 4388 1586 4460 ipsum,
1614 4387 1674 4443 nisi
1707 4404 1744 4445 ex
1766 4400 1849 4443 rarum

105 4471 249 4544 quomodo
271 4471 400 4527 animum
414 4487 473 4527 non
491 4472 570 4542 latei,
584 4472 657 4527 nihil
684 4471 747 4528 fleri
771 4473 832 4528 eine
854 4487 948 4527 coust·
1006 4479 1106 4535 ordine
1123 4483 1223 4534 manat
1242 4483 1270 4534 et
1293 4478 1418 4547 ducitur,
1446 4477 1524 4550 quod
1542 4476 1763 4548 evigilavimus,
1786 4472 1851 4548 qued

104 4561 200 4615 Potest
209 4560 591 4631 enimodiosuspercontator
599 4575 718 4632 pergere
728 4576 868 4632 quaerere,
885 4577 950 4632 qna
1003 4566 1087 4622 illum
1101 4581 1204 4621 sonum
1230 4565 1386 4634 advertisti,
1414 4563 1491 4636 quod
1518 4563 1650 4634 quaesisti
1675 4569 1777 4619 ιοιιιιι
1798 4576 1851 4618 ιιι

104 4661 189 4701 eausa
203 4652 263 4703 erat
278 4653 311 4703 ut
328 4649 369 4703 ibi
383 4648 499 4704 arbores
523 4648 723 4719 ponerentur?
749 4649 948 4722 Respondebo,
1005 4671 1081 4722 sam,
1100 4654 1177 4726 quod
1203 4658 1235 4710 tu
1258 4669 1373 4709 causam
1400 4652 1518 4709 tantillae
1544 4651 1589 4707 rei
1613 4668 1676 4707 non
1704 4649 1851 4708 invenisti?

104 4737 215 4789 secutos
227 4750 288 4790 esse
301 4736 433 4793 homines
448 4737 521 4793 uber
536 4741 630 4792 terra.
647 4736 731 4801 Quid,
747 4736 771 4791 si
795 4736 950 4792 fructuosae
1005 4739 1088 4795 sorex
1101 4739 1187 4794 etiam
1197 4737 1304 4809 prodit,
1321 4743 1354 4793 ut
1371 4753 1425 4810 ego
1439 4736 1560 4808 vigilans
1573 4736 1698 4808 prodar.
1712 4739 1851 4794 Postremo

104 4824 369 4895 arboresnonsnnt,
383 4832 527 4884 actemere
542 4832 617 4883 natae
631 4829 721 4882 sunt?
731 4828 764 4882 Et
774 4827 821 4882 bic
831 4842 950 4898 respon·
1004 4831 1071 4883 tuus
1086 4827 1172 4882 etiam
1186 4826 1246 4897 ipse
1260 4830 1398 4893 sermo,te
1412 4825 1530 4881 tortasse
1543 4824 1573 4880 id
1587 4841 1648 4879 non
1669 4832 1780 4898 agente
1793 4826 1850 4894 (nou

104 4912 188 4976 debu,
205 4929 370 4984 uesperum
384 4915 500 4984 ridere;
517 4931 584 4971 nam
598 4915 792 4984 temerariam,
806 4930 872 4986 quae
888 4915 950 4970 illas
1005 4915 1082 4972 enim
1096 4914 1232 4987 cuiquam
1242 4913 1272 4970 in
1278 4918 1418 4986 potestate
1427 4918 1469 4968 est
1483 4912 1552 4984 quid
1561 4910 1849 4981 veniatinmentem).

104 5001 215 5073 genuit,
241 5016 423 5073 nequaquam
437 5019 498 5059 esse
517 5009 661 5060 naturam.
677 5002 749 5068 Quid
770 5002 875 5073 plural
893 5007 952 5058 Ant
1005 5005 1045 5060 sic
1057 5004 1152 5060 nescio
1169 5002 1313 5074 quomodo
1327 5001 1539 5072 circumagitur,
1554 5004 1589 5056 ιι
1605 5017 1653 5057 me
1674 5002 1741 5075 ipse
1763 5003 1851 5059 doust

103 5089 212 5162 aliquid
227 5088 287 5145 sine
297 5104 381 5144 cansa
395 5089 459 5145 iteri
469 5091 581 5159 docear,
592 5091 723 5148 autnibit
732 5089 861 5146 fierinisi
873 5094 950 5146 certo
1005 5090 1137 5163 quidtibi
1151 5091 1272 5147 debeam
1286 5089 1469 5162 respondere.
1485 5090 1628 5162 Namque,
1641 5106 1696 5145 ore
1711 5097 1752 5161 te,
1765 5091 1789 5145 si
1799 5091 1851 5144 hae

103 5194 253 5234 causarum
263 5177 362 5234 ordine
376 5178 491 5235 credite.
1004 5195 1069 5252 qua
1083 5196 1101 5235 a
1114 5179 1199 5235 uobis
1212 5178 1287 5234 dicta
1300 5184 1378 5246 sunt,
1397 5178 1511 5249 titteris,
1536 5183 1570 5234 nt
1592 5178 1760 5248 instituisti,
1784 5190 1852 5234 mun·

1005 5269 1072 5324 data
1084 5270 1278 5340 pervagentur
1290 5268 1377 5338 paulo
1391 5266 1478 5323 latins
1492 5266 1528 5322 ad
1551 5266 1712 5323 bominum
1735 5268 1852 5328 tament

1003 5371 1100 5412 nonne
1128 5355 1169 5411 ita
1195 5370 1240 5410 res
1257 5370 1363 5426 magna
1395 5354 1549 5424 videbitur,
1576 5355 1687 5411 utilia
1713 5355 1851 5413 consultus

1004 5443 1107 5517 aliquis
1118 5448 1195 5499 vates
1218 5458 1340 5516 magnus
1352 5443 1852 5516 autcbaldseusrasponderedsbus·

131 5330 211 5440 :plen
238 5329 949 5403 lertque,onufodat.l'umuonuulli,atealtnsieeur

102 5390 416 5518 ΕΜαιιιῦωιαιρϋιωιιιιιι
430 5391 554 5444 ttetensrs
567 5391 675 5456 legitur,
691 5392 792 5456 agresti
804 5393 947 5458 quastione.
