3884 6112
149 291 201 346 239

151 413 218 483 quia
231 409 277 467 ille
289 409 438 466 intellectus
452 411 534 479 quasi
545 408 647 480 rapida
661 409 843 463 coruscatione
852 404 996 478 pasnadii

149 503 283 569 animum;
301 499 351 555 illa
364 504 453 555 autem
468 499 564 555 locutio
578 498 659 553 tardo
673 502 698 552 et
711 499 791 565 tonpa
805 500 853 563 est,
870 495 998 564 lanaeque

770 284 848 338 VITA
867 281 895 338 S.
915 281 1104 338 AUGUSTINI
1124 279 1289 336 crisconi.
1850 281 1899 336 nto

1052 403 1186 461 credibile
1196 407 1251 459 est.
1273 404 1306 458 ln
1328 402 1451 476 quodam
1476 417 1606 459 sermone
1619 401 1805 476 proverbium
1818 402 1901 474 puni·

1052 509 1118 550 cum
1131 494 1219 550 latine
1243 493 1337 549 reddit
1353 509 1359 548 :
1376 493 1482 560 Latine,
1505 492 1609 564 inquit,
1624 492 1701 548 uobis
1715 491 1824 561 dicam;
1838 495 1902 563 qnia

148 591 306 656 dissimilis;
328 594 354 646 et
367 589 432 644 dnm
445 591 499 643 ista
520 588 648 654 uoluitur,
660 588 720 656 jam
734 601 761 640 se
783 585 830 640 itte
849 587 886 638 im
896 594 997 639 secreta
1050 585 1147 654 punica
1157 598 1210 638 non
1222 598 1311 640 omnes
1325 583 1409 638 nostis
1420 582 1513 653 (Serm
1529 585 1590 651 itt,
1605 598 1629 638 c.
1645 585 1672 652 3,
1686 599 1715 638 ιι.
1731 583 1772 655 ι).
1784 581 1904 638 clericos

149 696 200 736 sua
220 679 342 736 condidit
359 694 365 733 :
382 682 470 734 tamen
485 679 551 748 quio
569 678 685 745 oestipiu
700 674 824 745 quadam
837 675 906 729 miro
919 672 997 727 modo

148 770 285 840 impressit
298 768 440 831 memoria,
454 765 606 834 perdurant
618 765 667 819 illa
685 778 745 818 cum
759 762 927 832 syliabarum
940 775 997 815 mo·

147 856 233 924 rulis;
250 859 332 926 atque
346 870 379 909 ecc
402 852 501 908 eisdem
514 853 636 921 uestigiis
651 851 777 906 sonantia
791 850 871 916 siano
882 849 996 919 peragi-

146 960 216 1003 mus.
231 946 286 1003 Nos
301 947 390 999 autem
403 943 559 1012 purumque
574 942 603 995 in
628 939 765 995 auditoris
779 939 925 993 utilitatem
948 952 997 992 ne-

146 1035 281 1090 hementer
301 1032 435 1098 ardentes,
457 1031 497 1084 ila
517 1030 591 1099 loqui
610 1030 744 1098 uolumus,
773 1026 997 1097 quemadmodum

146 1125 209 1178 tunc
223 1120 412 1187 intellipimus,
428 1133 488 1172 cum
500 1132 550 1187 per
564 1118 652 1187 ipsam
669 1116 843 1170 instuctionem
856 1115 931 1185 loqui
943 1128 996 1168 non

144 1225 297 1283 possumus.
314 1212 349 1265 Et
366 1209 501 1278 quianon
519 1206 646 1272 succedit,
662 1205 789 1273 angimur
802 1208 827 1258 et
840 1203 913 1257 uelut
933 1203 998 1269 sru-

143 1306 202 1355 stra
226 1313 336 1370 operam
359 1299 537 1362 insumamus,
554 1294 633 1348 ladio
648 1294 853 1359 marcescimus;
868 1295 949 1361 atque
962 1307 996 1346 ear

143 1391 203 1460 ipso
218 1387 297 1443 ladio
312 1384 469 1453 languidior
481 1386 513 1453 tit
526 1383 598 1437 idem
615 1397 700 1438 sumo
726 1385 752 1436 et
772 1380 897 1449 hebetior,
914 1396 995 1450 quam

144 1481 203 1532 erat
221 1475 293 1531 unde
304 1474 437 1546 peduait
450 1472 487 1526 ad
502 1472 619 1527 tedium.
635 1470 691 1526 Sed
712 1471 782 1525 mihi
802 1484 871 1539 sape
891 1469 995 1525 indicat

143 1581 235 1621 emtam
259 1564 391 1633 studium,
413 1564 463 1633 qui
488 1577 529 1616 me
548 1561 644 1615 audire
659 1561 782 1630 cupiunt,
802 1574 855 1614 non
875 1560 916 1613 ita
940 1574 995 1614 esse

142 1654 281 1723 stipidum
300 1653 436 1722 eloquium
449 1665 545 1719 meum,
565 1654 596 1705 ut
609 1649 717 1704 videtur
730 1649 815 1711 mihi·
831 1651 857 1703 et
874 1662 915 1703 eos
932 1647 995 1702 inde

28 1772 33 1782 ·
144 1744 253 1813 aliquid
276 1742 343 1797 utile
370 1756 475 1810 capere,
497 1755 531 1794 ec
554 1755 644 1794 eorum
659 1739 831 1793 delectatione
844 1752 991 1806 coenosam

143 1846 299 1903 meumque
312 1845 363 1898 opo
377 1829 479 1896 sedulo,
492 1832 523 1883 ut
537 1828 600 1883 huic
614 1826 764 1882 exhibendo
779 1825 929 1882 ministerio
940 1841 994 1881 non

144 1922 239 1988 desim,
259 1922 289 1975 in
311 1934 364 1990 quo
378 1919 439 1974 illos
454 1917 530 1974 uideo
545 1917 608 1972 tene
628 1918 748 1987 accipere
764 1914 836 1986 quod
850 1915 994 1971 cohibetur

144 2009 192 2082 (lte
206 2007 412 2065 catechizandis
434 2006 558 2072 rudibus,
581 2022 628 2060 nn.
646 2008 672 2070 3,
698 2006 736 2076 ι).
757 2005 790 2059 ln
804 2002 866 2074 ejus
892 2003 926 2058 ad
942 2019 993 2075 po·

142 2098 244 2172 pulum
258 2095 437 2153 sermonibus
451 2095 613 2166 complures
630 2092 804 2148 hauddubie
819 2094 887 2146 sunt
900 2091 931 2147 in
946 2108 994 2147 eo·

142 2203 208 2242 rum
228 2185 350 2259 gratiam
371 2183 531 2255 compositi,
546 2183 606 2255 qui,
629 2198 695 2237 cum
709 2181 837 2237 muneris
851 2181 993 2254 officiique

143 2275 188 2331 sui
203 2275 275 2331 ratio
294 2274 330 2329 ab
352 2272 388 2329 iis
411 2273 537 2344 postulet
551 2276 583 2327 ut
602 2270 633 2325 in
648 2269 765 2326 ecclesia
779 2269 991 2339 concionentur,

143 2378 327 2437 nequaquam
335 2361 442 2417 habent
452 2360 614 2416 facultatem
622 2359 800 2432 excogitandi
811 2374 875 2432 qua
886 2358 990 2415 dicant.

141 2452 232 2524 liujus
248 2451 361 2524 generis
375 2454 443 2506 sunt
455 2449 511 2504 duo
526 2448 561 2503 ad
572 2448 825 2520 Carthaginensem
840 2447 992 2502 diaconum

142 2541 222 2597 missi
236 2540 268 2597 in
290 2540 363 2596 libro
378 2539 412 2594 de
426 2536 640 2595 Gatechizandis
669 2536 798 2603 rudibus,
815 2553 926 2592 necnon
944 2536 992 2591 illc

142 2629 215 2686 iorte
238 2628 334 2702 quiin
352 2628 442 2701 ipsius
460 2628 631 2684 Sermonum
647 2626 815 2682 collectione
830 2631 873 2682 est
887 2626 992 2681 ducen-

140 2719 260 2775 tesimus
274 2718 401 2775 decimus
416 2721 545 2789 quartus.
566 2717 638 2773 Nam
657 2716 727 2773 utile
746 2732 806 2771 esse
822 2714 991 2783 affirmabat,

140 2808 225 2864 utrcl
240 2808 279 2863 sic
294 2806 379 2863 multi
392 2806 592 2879 predicatores
610 2805 738 2861 raritatis
757 2805 859 2861 tierent
879 2806 925 2876 (lle
939 2807 991 2858 lio-

139 2907 230 2961 ctrino
241 2906 403 2971 christiana,
418 2903 467 2960 lib.
481 2904 508 2971 ι,
524 2919 546 2959 c.
558 2905 604 2970 ιι,
614 2918 642 2957 ιι.
658 2904 714 2972 ιι).
728 2903 761 2957 ln
771 2901 993 2957 elocutioncsua

140 2993 335 3065 grammatica
349 2993 427 3064 leges
442 2991 549 3047 violare
565 3007 623 3046 non
643 2989 799 3058 dubitabat,
815 3004 872 3062 quo
892 2989 927 3044 ab
940 2988 992 3044 im·

138 3081 241 3154 peritis
260 3085 288 3136 et
304 3080 422 3136 rudibus
436 3079 547 3134 facilius
560 3077 778 3151 intelligeretur.
795 3078 929 3142 Quamvis
944 3094 991 3134 au-

139 3173 200 3225 tem
214 3170 244 3224 in
258 3168 317 3224 suis
331 3168 366 3223 ad
377 3167 492 3239 plebem
504 3166 672 3222 tractatibus
686 3167 752 3222 stilo
763 3168 849 3239 paulo
864 3166 990 3222 submis-

140 3258 214 3313 siore
234 3257 277 3313 uti
298 3256 487 3325 consueverit,
520 3255 660 3310 sermonis
683 3260 781 3310 tamen
806 3271 906 3310 curam
931 3271 989 3310 non

139 3345 315 3418 usqueadeo
330 3344 441 3417 abjecit,
458 3348 490 3399 ιιι
512 3343 627 3399 sordida
642 3343 678 3398 sit
691 3343 752 3415 ejus
767 3343 868 3400 oratio.
884 3344 990 3399 Verum

138 3434 213 3491 banc
222 3450 282 3491 non
295 3433 446 3490 minimam
460 3431 592 3488 oratorie
606 3430 673 3487 artis
684 3437 797 3504 partem
810 3432 989 3504 putabat,ec·

138 3524 323 3581 commodare
332 3540 393 3579 sese
408 3523 443 3578 ad
458 3525 574 3594 captum
593 3521 731 3577 auditoris
747 3538 754 3577 :
771 3526 799 3576 et
808 3521 933 3577 malebat
944 3538 989 3576 re·

137 3614 240 3686 dargui
254 3631 283 3669 se
296 3630 313 3668 ι
327 3611 531 3684 grammaticis,
544 3626 658 3684 quamn
672 3610 788 3681 populis
798 3625 856 3665 nou
867 3608 990 3682 intelligi

137 3703 233 3777 (Emer.
260 3705 288 3759 in
312 3703 386 3758 Psol.
410 3717 523 3769 mun,
549 3716 577 3755 ιι.
602 3700 658 3770 20).
679 3699 821 3754 Probabat
839 3698 870 3754 in
887 3698 989 3770 primis

138 3792 248 3848 dictum
257 3789 548 3862 oratoris,quamdam
557 3787 589 3843 in
598 3787 742 3860 loquendo
753 3787 919 3859 diligentem
929 3804 989 3842 esse

1052 673 1248 744 conquirebat,
1269 671 1319 744 qui
1331 671 1448 727 latinam
1467 671 1595 744 linguam
1609 672 1745 727 callerent
1761 686 1771 726 c
1785 674 1814 726 et
1827 671 1904 744 quod

1052 761 1159 817 mirum
1173 760 1263 817 videri
1279 761 1376 833 possit,
1392 760 1428 816 iis
1442 776 1472 816 sc
1488 760 1656 816 destitutum
1675 776 1748 828 esse,
1776 763 1805 816 et
1824 760 1861 816 ob
1876 760 1905 817 id

1052 851 1222 922 evangelicae
1241 849 1452 922 predicationis
1475 865 1657 922 progressum
1683 849 1823 906 retardari
1835 865 1905 906 con-

1052 940 1191 1012 queritur.
1208 941 1246 996 Ea
1259 939 1294 995 de
1309 955 1393 994 causa
1404 939 1544 995 Lucillum
1557 938 1720 1008 diaconum,
1733 954 1821 1012 quem
1835 940 1907 1010 edu-4

1052 1045 1128 1104 cassa
1142 1028 1265 1097 ridetur,
1282 1046 1298 1084 a
1312 1046 1342 1084 sc
1354 1028 1497 1084 dimittere
1511 1028 1614 1084 noluit.
1632 1028 1758 1084 Lucillus
1772 1029 1825 1084 iste
1839 1045 1903 1102 ger-

1053 1135 1153 1173 manus
1168 1122 1228 1175 erat
1248 1119 1358 1184 Novati,
1385 1118 1535 1185 Sitifensis,
1564 1122 1597 1173 ut
1619 1118 1733 1174 ridetur
1762 1118 1901 1193 episcopi,

1051 1207 1102 1279 qui
1117 1223 1183 1262 eum
1199 1206 1234 1262 ab
1252 1205 1412 1279 Augustino
1430 1206 1555 1279 repetiit,
1572 1210 1603 1262 ut
1617 1205 1801 1263 dioecesisum
1815 1206 1902 1280 prod·

1051 1297 1133 1350 esset.
1149 1294 1204 1350 Sed
1223 1310 1289 1350 cnm
1304 1294 1443 1351 Sitifensis
1466 1294 1589 1351 Ecclesia
1607 1295 1758 1364 ministris,
1787 1296 1841 1369 qui
1866 1297 1902 1352 ia·

1051 1382 1110 1438 tiue
1130 1383 1243 1453 scirent,
1263 1384 1383 1441 minime
1397 1383 1550 1457 indigeret,
1568 1385 1709 1440 Nouatum
1722 1384 1836 1457 rogarit
1849 1388 1900 1443 hu

1049 1472 1191 1544 gudinus,
1211 1476 1244 1527 ut
1259 1472 1389 1528 Ecclesiae
1414 1489 1473 1529 suae
1497 1473 1712 1530 necessitatibus
1736 1473 1900 1548 consulens,

1050 1561 1106 1617 sibi
1120 1562 1258 1617 Lucillum
1273 1562 1440 1618 concederet
1460 1578 1519 1618 non
1533 1563 1609 1618 ultra
1628 1563 1829 1636 repetendum.
1845 1565 1900 1620 hu·

1050 1651 1114 1706 nuit
1129 1652 1252 1706 Noratus
1265 1652 1351 1706 modo
1367 1651 1451 1723 longe
1472 1651 1650 1722 suavissimo,
1669 1668 1829 1724 agnoscens
1843 1652 1900 1728 qui·

1050 1740 1116 1796 dem
1133 1740 1237 1796 durum
1252 1757 1322 1808 esse,
1339 1757 1509 1812 germanum
1529 1741 1838 1814 germanodcnegare3
1850 1758 1908 1810 suo,

1049 1844 1078 1884 se
1094 1828 1207 1884 affectui
1221 1828 1281 1885 vim
1295 1830 1449 1885 maximam
1464 1829 1585 1900 inlerre;
1601 1833 1633 1886 ut
1647 1835 1746 1886 tamen
1760 1830 1791 1887 id
1805 1847 1899 1902 conce

1049 1918 1140 1982 derel,
1153 1935 1182 1973 se
1198 1922 1226 1974 et
1237 1918 1326 1991 ipsius
1349 1919 1517 1991 episcopalis
1532 1919 1619 1975 oliicii
1638 1936 1706 1975 cura
1721 1924 1751 1977 et
1772 1920 1898 1979 fidelium

1049 2008 1139 2063 salute
1161 2007 1273 2064 adduci.
1297 2008 1415 2064 Videtur
1429 2010 1564 2080 Noratus,
1588 2009 1674 2065 simul
1693 2026 1727 2066 ac
1747 2009 1899 2084 episcopus

1049 2101 1158 2152 creatus
1192 2101 1244 2165 est,
1284 2097 1401 2153 fratrem
1429 2114 1514 2154 suum
1548 2096 1695 2169 repetiisse
1723 2100 1827 2171 (Epist.
1855 2102 1897 2171 ιι,

1047 2201 1095 2241 nn.
1110 2191 1135 2253 l,
1151 2186 1188 2252 ι).
1204 2186 1384 2259 Quapropter
1394 2186 1424 2241 id
1449 2186 1602 2259 contigerit
1623 2192 1689 2243 ante
1707 2204 1821 2245 annum
1834 2203 1897 2262 qna·

1047 2275 1306 2348 dringentesimum
1321 2275 1516 2348 undecimum,
1530 2292 1588 2350 quo
1614 2277 1739 2333 Noratus
1752 2277 1897 2352 Cartbagi-

1047 2364 1130 2420 ncnsi
1149 2364 1295 2420 collationi
1307 2364 1448 2421 interfuit.

1083 2457 1109 2510 5.
1131 2453 1219 2525 Leges
1240 2453 1358 2526 quidem
1373 2453 1403 2509 in
1418 2454 1540 2526 publicis
1555 2454 1788 2512 insiliutionibus
1801 2456 1894 2513 obser·

1047 2541 1154 2598 vendas
1178 2542 1352 2614 praescripsit
1366 2547 1478 2599 sanctus
1495 2544 1599 2600 Ductor
1610 2544 1641 2600 ιιι
1656 2544 1731 2601 libro
1744 2550 1849 2619 quarto
1862 2546 1893 2604 ds

1048 2629 1182 2686 Doctrina
1206 2630 1387 2687 christiana:
1408 2648 1479 2704 quas
1506 2637 1601 2688 autem
1626 2633 1658 2688 iu
1682 2634 1806 2705 privatis
1819 2633 1894 2709 sequi

1047 2723 1187 2791 oporteat,
1204 2719 1234 2774 in
1248 2719 1349 2790 primis
1364 2736 1432 2791 erga
1441 2720 1598 2777 initiandos
1608 2721 1756 2778 adnotavit
1770 2723 1802 2779 in
1816 2724 1893 2793 libra,

1047 2809 1097 2880 qui
1124 2811 1161 2864 lie
1182 2809 1388 2866 catechizandis
1410 2810 1525 2866 rudibus
1544 2810 1719 2867 inscribitur.
1735 2813 1770 2868 ln
1785 2829 1819 2868 co
1833 2811 1894 2884 legi·

1047 2913 1111 2952 mus
1131 2897 1361 2954 concionatorem
1386 2898 1417 2954 in
1437 2899 1570 2955 hiricana
1590 2900 1726 2967 Ecclesia,
1756 2900 1891 2958 stantbns

1047 2986 1235 3055 auditoribus,
1248 2989 1341 3044 solum
1356 2988 1461 3046 sedisse
1477 3008 1484 3046 :
1499 2990 1531 3045 in
1546 2989 1719 3062 quibusdam
1731 2995 1831 3048 autem
1845 2990 1892 3047 Ec-

1046 3076 1139 3131 clesiis
1164 3077 1371 3146 transmarinis,
1397 3078 1537 3151 populum
1563 3079 1658 3149 ipsum
1683 3079 1834 3136 sedentem
1849 3095 1894 3135 aa·

1045 3165 1139 3222 diisse.
1160 3166 1251 3232 Quam
1270 3167 1505 3222 consuetudinem
1522 3168 1613 3239 magis
1633 3167 1739 3240 probat
1767 3166 1892 3242 Augusti·
1931 3225 1934 3243 ,

1045 3271 1108 3319 nus,
1124 3255 1199 3327 quod
1215 3255 1308 3311 standi
1327 3255 1407 3311 labor
1425 3260 1455 3311 ct
1469 3255 1620 3311 difficultas
1636 3256 1769 3313 animum
1783 3274 1802 3313 a
1814 3257 1892 3314 verbo
1930 3246 1934 3267 ¹

1045 3343 1095 3399 [ιιι
1114 3347 1221 3399 attente
1249 3342 1392 3399 audiendo
1415 3349 1524 3401 cremat
1546 3345 1594 3417 (tte
1613 3345 1750 3403 Cotechic.
1773 3345 1892 3417 rudibus,

1044 3447 1072 3486 n.
1091 3433 1143 3502 ta).
1173 3433 1267 3487 Exstat
1289 3432 1404 3488 Caesarii
1423 3449 1529 3503 sermo,
1545 3433 1706 3507 adscriptus
1718 3433 1791 3491 olim
1805 3439 1892 3508 Augu·

1044 3520 1131 3589 stiuo,
1147 3518 1177 3575 in
1202 3537 1259 3592 quo
1281 3521 1424 3593 significat
1449 3522 1644 3591 concionator,
1672 3540 1703 3580 se
1716 3524 1819 3597 paucis
1833 3528 1892 3581 mle

1044 3609 1145 3665 dicbus
1157 3626 1272 3681 rogasso
1283 3610 1389 3666 debiles
1410 3615 1439 3666 et
1451 3609 1593 3681 infirmos,
1608 3616 1640 3667 ιιι
1653 3612 1724 3668 dum
1737 3615 1809 3670 Acta
1821 3629 1891 3670 mar·

1043 3700 1141 3769 tyrum
1153 3701 1181 3752 et
1194 3696 1363 3768 prolixiores
1377 3697 1531 3769 Scripturas
1549 3698 1686 3755 lectiones
1698 3699 1890 3773 recitarentur,

1044 3781 1241 3840 considerent:
1257 3784 1377 3840 subinde
1392 3802 1459 3841 vero
1475 3803 1576 3843 omnes
1591 3790 1806 3861 propemodum
1819 3788 1890 3847 ismi-

141 3878 347 3952 uegligentiam
358 3877 500 3946 docentis3
516 3876 566 3933 ubi
578 3882 674 3931 tamen
690 3876 739 3930 illa
752 3875 792 3930 sic
805 3876 935 3931 detrabat
945 3892 990 3932 or·
1017 3941 1029 3954 ἱ
1044 3886 1106 3939 ιιι,
1127 3871 1212 3928 etiam
1233 3872 1303 3929 citra
1324 3874 1536 3931 incommodam
1560 3876 1770 3949 valetudinem,
1788 3893 1889 3936 morem

137 3973 239 4026 natum
254 3971 288 4024 ut
303 3967 398 4023 sordes
418 3982 479 4023 non
492 3965 786 4021 contrabatltonorum
806 3967 985 4033 ingeniorum,
1043 3976 1102 4015 uon
1120 3962 1248 4017 modesta
1272 3963 1388 4020 sedendi
1404 3964 1440 4020 ad
1454 3980 1497 4034 ea,
1521 3982 1586 4038 quac
1609 3966 1788 4038 legerentur,
1802 3973 1888 4025 attan·

137 4057 186 4127 ait,
213 4059 329 4126 iaciente
351 4060 391 4112 est
404 4055 518 4122 indoles,
538 4057 568 4110 in
588 4053 677 4109 uerbis
697 4070 787 4109 uerum
811 4069 913 4122 amare,
936 4070 989 4109 nors
1043 4050 1100 4106 tius
1119 4051 1270 4120 audienda,
1297 4053 1346 4108 scd
1368 4054 1553 4111 recumbendi
1575 4055 1653 4112 reiut
1675 4056 1706 4112 in
1725 4058 1808 4114 lectis
1826 4057 1888 4126 suis,
1927 4040 1934 4119 ι

136 4146 227 4203 uerba
244 4145 316 4214 Quid
336 4147 407 4200 enim
428 4143 539 4215 prodest
552 4143 637 4198 clanis
652 4157 746 4211 aurea,
759 4143 786 4197 si
797 4144 905 4212 operire
918 4143 990 4212 quod
1044 4142 1072 4193 el
1094 4139 1240 4210 garriendi
1262 4140 1405 4197 induxisse
1430 4143 1524 4214 (Apud
1545 4145 1743 4216 augustinum,
1767 4145 1885 4219 Appercd.
1929 4142 1934 4149 ’

134 4235 258 4291 ιιοιιιιιιιιι
272 4251 325 4291 non
341 4233 451 4304 potest?
475 4235 524 4287 aut
538 4230 606 4301 qnid
619 4231 692 4286 obest
711 4231 809 4300 lipnea,
834 4232 859 4286 si
879 4231 926 4286 hoo
937 4247 988 4301 po·
1044 4229 1128 4285 Seru.
1146 4230 1207 4293 300,
1223 4245 1251 4284 ιι.
1279 4229 1313 4300 ιι.
1327 4231 1388 4295 Qua
1401 4232 1436 4287 de
1450 4248 1480 4287 re
1494 4232 1558 4288 illus
1573 4232 1605 4288 in
1628 4235 1682 4290 boc
1700 4251 1836 4292 sermone
1847 4252 1885 4292 re·

136 4324 206 4380 testi
228 4324 337 4395 quondo
351 4323 423 4379 nihil
437 4322 593 4391 querimus,
607 4322 663 4376 nisi
673 4324 768 4391 patere
781 4319 853 4391 quod
867 4320 988 4375 clausum
1043 4317 1196 4389 prehendit
1210 4319 1403 4388 concionator,
1418 4320 1557 4393 docetque
1572 4338 1630 4395 qua
1648 4323 1791 4396 religione
1807 4330 1836 4383 et
1847 4339 1886 4381 rs-

135 4416 175 4469 est
188 4412 236 4484 (De
248 4414 377 4468 Doctrina
387 4412 547 4479 christiano,
560 4411 606 4465 tib.
619 4410 671 4472 in.
686 4411 728 4476 lt),
744 4423 772 4464 n.
786 4409 848 4473 aar?
862 4409 987 4464 Tandem
1043 4405 1170 4462 verentia
1192 4407 1311 4463 verbum
1335 4408 1385 4463 ilai
1408 4409 1536 4482 excipere
1563 4411 1697 4469 debeant.
1728 4415 1802 4470 Cum
1825 4427 1885 4471 asro

134 4501 317 4575 plerumque,
332 4504 363 4555 ut
375 4500 437 4572 ipse
448 4500 589 4566 observat,
600 4498 755 4571 dictioipsa
768 4498 907 4555 submissa
918 4501 988 4555 dum
1042 4495 1126 4566 pauci
1147 4495 1281 4567 privatim
1295 4495 1495 4569 instituuntur,
1509 4499 1607 4556 scribit
1621 4502 1802 4573 Augustinus
1816 4518 1886 4560 arro·
1929 4516 1932 4521 ·

136 4589 219 4646 solvit
232 4589 414 4646 difficillimas
438 4589 621 4662 questiones,
638 4587 761 4643 maxima
781 4588 895 4659 quando
908 4589 988 4644 adest
1042 4583 1169 4655 gantiam
1187 4600 1247 4641 esse
1267 4602 1325 4641 uon
1338 4587 1497 4658 ferendam,
1512 4589 1536 4644 si
1555 4589 1720 4647 erudiendis
1736 4591 1823 4648 sessio
1836 4605 1888 4649 noa

135 4679 162 4737 ei
175 4678 319 4752 quoddam
332 4678 417 4734 decus
436 4694 496 4734 non
510 4677 683 4750 appetitum,
698 4676 747 4731 sed
761 4676 885 4748 quodam
901 4678 986 4733 modo
1042 4673 1192 4742 alteratum
1217 4675 1414 4731 animadverso
1437 4678 1598 4748 praesertim
1618 4679 1784 4736 auditorum
1799 4680 1886 4750 tadu,

134 4767 276 4834 naturale,
292 4770 385 4822 tantas
405 4766 624 4823 acclamationes
644 4764 757 4833 excitat,
773 4764 864 4821 utrix
880 4765 986 4822 intelli·
1042 4763 1120 4835 quod
1135 4779 1184 4819 eos
1198 4762 1346 4821 interdum
1359 4765 1436 4821 aliud
1444 4770 1635 4838 praetexentes
1647 4768 1683 4824 ad
1698 4770 1886 4828 excedendum

134 4861 220 4931 gatur
233 4872 293 4912 esse
308 4855 449 4911 submissa
463 4855 555 4925 (tota,
571 4872 598 4911 n.
612 4854 670 4926 56).
688 4854 745 4910 lloc
759 4870 986 4928 porropersaepe
1040 4854 1134 4924 potest
1164 4852 1321 4925 impellere.
1348 4855 1405 4909 iloc
1425 4855 1486 4926 ipse
1513 4860 1660 4926 expertus,
1684 4873 1752 4914 cum
1778 4857 1886 4915 rustice·

133 4943 495 5020 illoadpopulumdicentc
510 4944 701 5016 contingebat
1040 4958 1111 4998 num
1129 4942 1278 4999 homiuem
1303 4943 1457 5016 aliquando
1477 4944 1620 5017 mysteriis
1637 4945 1793 5018 imbueret,
1807 4961 1886 5022 qnam

168 5041 195 5093 4.
225 5034 350 5091 Dubium
365 5049 424 5087 uon
445 5036 496 5103 est,
522 5032 593 5105 quin
611 5031 700 5088 latine
714 5047 780 5087 suos
805 5032 841 5087 ad
860 5032 983 5104 plebem,
1039 5031 1111 5088 illud
1124 5033 1436 5103 praecavendumcssel,
1448 5033 1547 5090 didicit
1558 5036 1752 5104 (Dedatechiz.
1763 5037 1883 5099 rudibus,

132 5127 234 5201 quales
254 5126 374 5186 exstant,
390 5137 536 5177 sermones
550 5121 679 5178 haberet.
696 5122 736 5177 hc
751 5121 909 5193 ecquidem
924 5123 986 5195 ipsa
1039 5137 1067 5176 n.
1085 5120 1140 5192 sa).
1165 5122 1330 5178 advertitur
1348 5122 1464 5178 solitum
1491 5122 1578 5179 inisse
1600 5140 1749 5182 sermones
1762 5142 1829 5183 suos
1840 5126 1887 5183 lut

132 5231 199 5272 cum
214 5211 425 5287 Hippo-Regius
439 5213 512 5265 essen
526 5210 594 5266 urbs
616 5209 744 5278 celebris,
762 5210 891 5266 Romana
917 5209 985 5264 civi·
1040 5210 1221 5267 conclusione
1248 5211 1393 5268 absolvere
1418 5229 1425 5268 ε
1453 5213 1580 5270 conrasi
1602 5214 1639 5269 ad
1652 5216 1799 5272 Dominum
1810 5218 1887 5274 ιιιιιι

132 5309 186 5375 ιιι,
202 5321 253 5361 seu
275 5300 395 5358 coloniae
416 5300 481 5371 jura
506 5299 644 5371 gaudens,
659 5315 692 5354 ac
711 5298 872 5354 maritimus
887 5303 985 5370 portus
1039 5300 1147 5354 Patrem
1166 5302 1382 5370 omnipotentem,
1399 5317 1470 5371 puro
1494 5301 1573 5357 corde
1588 5304 1625 5372 ei,
1647 5309 1782 5373 quantum
1807 5306 1887 5378 potest

133 5392 171 5450 ad
180 5409 267 5465 quem
276 5387 502 5465 trequentissimi
511 5388 628 5443 advenae
639 5388 817 5461 appellerent
828 5387 927 5459 (Epist.
939 5391 983 5456 35,
1036 5387 1163 5459 paruitas
1177 5394 1279 5458 nostra,
1294 5392 1432 5446 maximas
1441 5394 1523 5462 atque
1532 5391 1626 5448 uberes
1640 5394 1749 5461 arctius
1758 5407 1885 5466 apanuttt

132 5494 162 5534 ιι.
178 5480 209 5546 ἔι;
220 5481 257 5535 ιιι
271 5481 353 5538 cinit.
369 5477 613 5550 aequaeuam.
626 5479 657 5544 ις
669 5478 744 5535 Gont.
759 5479 827 5533 litt.
843 5477 983 5546 Petiliani,
1037 5481 1178 5548 precamen
1193 5482 1246 5534 toto
1261 5480 1351 5535 animo
1364 5480 1531 5547 singularem
1544 5481 1781 5540 mansuetudinem
1793 5483 1887 5556 ιιιιιιι

133 5566 182 5624 ιιι.
195 5568 222 5635 ι,
236 5582 259 5623 c.
276 5571 321 5636 83,
332 5585 360 5626 ιι.
374 5569 445 5641 ιιι),
454 5565 612 5639 generatim
622 5567 763 5640 populum
773 5564 860 5622 latine
870 5564 984 5622 scivisse
1037 5579 1130 5637 preces
1142 5571 1250 5624 nostros
1262 5569 1291 5623 ιἰι
1307 5566 1471 5639 beneplacito
1485 5583 1533 5625 suo
1551 5569 1684 5626 ecandire
1694 5570 1834 5642 alienetur,
1847 5573 1885 5626 ιιι-
