3884 6112
692 212 799 272 LlBER
819 212 984 283 QUINTUS.
1663 229 1715 283 ebo

71 344 107 385 un
125 344 198 394 esse,
213 332 248 384 ut
260 330 415 403 qnisquam
427 330 546 404 impune
563 332 594 387 in
616 333 702 391 aliam
717 336 810 392 Eccle-
867 340 1108 410 Unicoliaptismo,
1122 355 1145 394 c.
1161 343 1204 406 lb,
1218 341 1310 405 nti).
1325 341 1461 397 Prohibet
1469 359 1536 415 ergo
1551 344 1714 413 concilium,

71 434 82 474 r
105 417 163 474 alia
176 419 360 491 commigret,
376 420 535 492 disciplinas
556 423 737 480 severitatem
750 426 810 481 olu—
865 442 901 481 ne
915 427 979 499 quis
990 427 1051 498 ejus
1064 428 1195 482 Ecclesia
1205 428 1242 484 sit
1255 430 1414 502 episeopus,
1431 447 1517 502 quam
1531 432 1612 502 prius
1627 434 1715 489 luter·

71 507 156 577 Epist.
173 509 218 573 ³5,
230 523 258 561 n.
279 509 317 578 3).
342 510 366 563 Α
383 524 450 563 rero
477 509 646 580 neutiquam
665 512 810 588 abhorret,
864 515 990 571 ventosis
1005 515 1088 571 titulo
1098 517 1221 572 rexerit:
1238 518 1326 589 quisi
1342 518 1717 591 nequiveritclficereintra

71 593 142 649 risse
158 610 225 648 eum
241 594 276 649 de
290 611 347 665 quo
362 595 544 651 inPsnlmum
554 597 735 669 trigesimum
748 617 809 656 sex·
864 620 985 664 annum.
1000 608 1033 659 ut
1047 605 1147 660 electio
1167 606 1293 677 episcopi
1316 612 1513 679 perageretur,
1531 609 1614 680 jubet
1628 609 1716 665 alium

71 680 126 737 rbis
142 682 179 736 ad
194 683 403 753 permovendos
416 683 531 756 pietatis
544 703 644 741 sensus
655 687 810 745 admodum
863 692 1088 748 lnterrentorem
1105 699 1205 748 exacto
1220 710 1295 749 anno
1311 694 1342 749 in
1357 694 1433 750 illius
1452 697 1547 751 locum
1568 697 1716 768 subrogari

71 770 251 844 isloquitnr.
272 773 398 842 Quidam,
420 773 461 828 ait
479 775 534 840 ille,
554 791 588 830 ear
606 781 690 846 parte
711 781 811 834 boriali
864 779 1117 849 (Codicedanonum
1130 783 1234 852 Afric,
1250 797 1302 837 con
1328 783 1385 853 rt).
1403 774 1464 837 lloc’
1472 783 1549 839 idem
1563 784 1717 842 concilium

73 859 115 915 ad
130 876 190 927 rios,
206 867 350 917 accusatus
360 866 386 916 et
399 865 645 920 incommunicatus
659 868 811 932 cruentae
864 869 998 936 decrerit,
1015 874 1047 924 ut
1060 868 1171 924 clericis
1190 870 1224 924 ab
1240 870 1362 925 Ecclesia
1379 877 1498 942 propter
1518 871 1636 943 aliquod
1659 875 1716 928 cri-

85 949 162 1021 quod
180 950 221 1004 ibi
228 950 399 1020 perdiderat.
410 951 464 1008 Sed
487 955 554 1022 quia
567 956 672 1024 suscipi
689 971 742 1010 non
758 972 809 1027 po·
863 972 930 1011 men
958 958 1107 1028 separatis,
1135 974 1228 1012 annus
1251 958 1286 1014 ad
1314 958 1490 1030 probandam
1521 958 1716 1015 innocentiam

71 1040 140 1094 rico
159 1040 214 1094 loco
231 1054 283 1108 quo
302 1039 410 1103 debuit;
425 1055 479 1095 non
503 1043 574 1096 enim
594 1042 713 1097 deseruit
733 1043 810 1097 illam
863 1044 1084 1113 concederetur3
1106 1062 1163 1117 quo
1191 1047 1286 1116 elapso
1311 1046 1406 1102 omnis
1431 1047 1475 1115 sui
1494 1048 1636 1119 purgandi
1659 1048 1716 1102 illis

76 1129 163 1197 quasi
173 1131 278 1197 integer
290 1129 365 1199 apud
378 1131 462 1200 ipsos,
478 1135 509 1187 ut
522 1137 667 1202 appareret
679 1147 739 1187 cum
756 1147 810 1188 non
863 1133 1040 1188 adimeretur
1054 1134 1173 1189 facultas
1189 1133 1284 1202 (leid,
1299 1151 1360 1190 aaa.
1375 1138 1432 1202 ab).
1457 1136 1543 1207 Cujus
1562 1135 1669 1190 decreti
1686 1135 1715 1188 in

71 1221 124 1284 ate,
141 1217 190 1272 sed
207 1218 333 1273 electione
353 1220 463 1286 semeso:
477 1222 545 1289 quio
567 1220 607 1274 ibi
623 1235 685 1287 erpo
713 1221 810 1276 babere
864 1221 995 1292 epistole,
1008 1222 1043 1276 de
1056 1238 1112 1293 qna
1127 1221 1208 1276 nobis
1230 1223 1289 1293 jam
1306 1225 1368 1294 J'am
1390 1223 1541 1277 dicendum
1565 1224 1629 1291 erit,
1654 1239 1714 1277 mc·

71 1306 104 1361 rit
119 1305 194 1376 quod
209 1307 355 1375 querebat,
380 1307 518 1376 querebat
534 1311 624 1362 autem
642 1324 741 1364 uanum
753 1309 808 1363 elo·
863 1311 948 1367 minii
961 1311 1137 1382 Augustinus
1156 1313 1255 1381 (Epist.
1271 1316 1316 1378 bb,
1332 1329 1360 1368 n.
1376 1313 1415 1384 ⁴2).
1441 1313 1613 1384 Sequentcm
1629 1313 1716 1368 ctiam

71 1395 211 1462 nsulsum
226 1394 350 1449 bonorem
363 1395 480 1465 (quibus
501 1394 595 1450 uerbis
618 1395 696 1451 aliud
721 1396 810 1468 quid·
862 1415 1002 1455 canonem
1017 1400 1104 1455 citare
1119 1399 1241 1466 videtur,
1258 1415 1345 1470 quem
1362 1400 1390 1453 in
1407 1399 1507 1455 ultima
1521 1401 1631 1472 synodo
1646 1417 1716 1456 con-

71 1498 136 1538 cam
150 1483 272 1554 simplex
289 1483 454 1539 communio
474 1483 673 1555 designatur);
698 1490 724 1541 et
742 1487 808 1556 quia
863 1488 997 1542 stitutum
1011 1488 1121 1554 asserit,
1137 1493 1170 1542 ut
1184 1488 1234 1558 qni
1248 1487 1283 1542 de
1306 1487 1404 1559 aliquo
1427 1489 1601 1543 monasterio
1625 1504 1715 1543 reces-

72 1573 180 1628 inuenit
188 1572 262 1642 qued
271 1573 311 1627 ibi
322 1572 456 1642 perdidit,
466 1576 492 1626 et
504 1575 562 1642 ipse
573 1575 667 1642 periit.
685 1574 811 1630 (limabat
862 1576 962 1632 sissent
981 1581 1031 1632 ant
1045 1575 1128 1648 eiecti
1154 1576 1286 1645 inissent,
1309 1592 1357 1630 cos
1378 1592 1473 1648 neque
1495 1577 1529 1632 ad
1556 1577 1716 1632 clericalem

83 1663 111 1716 et
123 1675 178 1714 non
192 1660 399 1715 consolabatur:
424 1666 502 1715 eram
516 1664 585 1716 enim
600 1662 629 1715 in
648 1664 809 1717 couscientia
862 1666 994 1721 ordinem
1009 1665 1039 1720 in
1052 1665 1108 1720 alia
1129 1665 1260 1727 Ecclesia.
1278 1680 1373 1736 neque
1396 1666 1430 1720 ad
1448 1666 1614 1721 monasterii
1628 1665 1717 1721 ultius

71 1748 111 1805 lei
135 1749 277 1804 horribiles
299 1751 387 1804 taciti.
409 1751 582 1805 Tentauimus
597 1752 731 1806 consolari
751 1766 810 1806 eum
863 1754 1141 1809 administrationem
1164 1754 1328 1825 promoveri
1343 1755 1385 1808 ias
1409 1758 1483 1809 essct
1503 1754 1609 1825 (Codice
1630 1756 1715 1813 Cano·

71 1839 152 1902 »licii
169 1839 218 1893 sad
229 1839 275 1893 ille
293 1853 347 1893 non
360 1838 464 1893 cratete
485 1840 654 1908 sapientibus
675 1842 808 1910 formicis,
861 1858 926 1898 num
941 1844 1045 1911 Afric,
1061 1858 1121 1897 con.
1138 1841 1194 1912 80).
1208 1843 1290 1896 lllnm
1306 1858 1422 1912 quoque
1432 1842 1593 1897 subindicat
1607 1843 1636 1897 in
1648 1859 1718 1914 qua-

71 1926 189 1981 iaestate
209 1926 385 1995 epilepsiam,
408 1927 481 1981 unde
500 1927 585 1982 bieme
611 1930 715 1983 uiuant.
745 1931 814 1986 Cum
861 1931 927 1987 dam
940 1931 976 1986 ad
990 1931 1138 1986 Aurelium
1159 1928 1291 2000 epistola,
1311 1934 1338 1984 ct
1360 1930 1396 1984 ad
1421 1946 1487 1985 eum
1507 1930 1715 1985 observandum

71 2019 154 2071 ruent
169 2015 336 2085 tranquillae,
356 2019 420 2069 tunc
435 2016 511 2070 bomo
529 2015 584 2070 sibi
598 2018 722 2085 colliqere
735 2018 811 2072 debet
861 2019 1035 2075 cohortatur.
1053 2018 1179 2076 Coeuobii
1195 2019 1225 2073 in
1249 2018 1343 2073 aliena
1356 2019 1471 2074 dioecesi
1489 2019 1637 2074 constituti
1651 2034 1714 2074 mo-

75 2104 136 2170 uei,
151 2106 177 2157 et
189 2103 330 2156 recondere
343 2105 373 2156 in
387 2105 496 2158 intimis
507 2104 598 2159 cordis
613 2108 667 2173 sui,
684 2106 810 2175 quemad
861 2110 967 2164 nachos
994 2109 1119 2181 synodus
1141 2107 1298 2162 universim
1328 2108 1559 2178 comprehendit,
1592 2107 1715 2180 cumque

71 2191 189 2258 formica
198 2190 339 2245 abscondit
352 2193 382 2244 in
396 2194 554 2247 cavernosis
565 2194 752 2262 penetralibus
767 2195 808 2248 lo·
862 2197 1039 2267 episcopum,
1065 2210 1158 2265 aquo
1177 2194 1285 2249 luerint
1305 2196 1443 2266 promoti,
1467 2194 1502 2250 ab
1526 2196 1655 2250 omnium
1682 2196 1715 2265 (si

71 2278 155 2333 ictu.
169 2277 222 2332 Per
244 2282 364 2332 estatem
386 2281 457 2333 enim
473 2283 554 2334 uocat
575 2281 624 2335 boc
644 2297 742 2349 apere:
763 2297 807 2336 ue·
861 2285 1006 2358 propriam
1021 2285 1135 2356 plebem
1151 2284 1286 2354 excipinsl
1297 2284 1500 2339 communione
1512 2289 1635 2355 separat.
1650 2283 1716 2355 Agi-

71 2381 102 2422 m
112 2366 207 2431 buius,
223 2365 312 2433 idest,
329 2368 483 2436 superuenit
494 2368 652 2433 tribulatio;
668 2374 693 2425 et
707 2372 763 2424 nisi
772 2372 810 2424 iu·
863 2378 921 2430 tata
933 2372 987 2428 fuit
1001 2373 1055 2428 hoc
1064 2372 1095 2427 in
1107 2372 1228 2427 concilio
1239 2373 1381 2429 cresconii
1390 2372 1617 2441 Villa-Regensis
1631 2388 1716 2427 causa

71 2457 152 2511 merit
165 2455 239 2525 quod
251 2454 324 2521 edat,
339 2471 441 2511 necesse
457 2460 497 2511 est
510 2461 541 2512 ut
563 2459 636 2525 fame
659 2458 808 2530 dispereat.
862 2462 955 2532 (ibid,
967 2477 1027 2517 can.
1037 2461 1082 2530 77)
1092 2477 1099 2516 :
1111 2476 1223 2516 necnon
1232 2461 1373 2531 etEquitii
1387 2461 1716 2533 Hippo-Diarrhytorum

71 2560 92 2600 rc
116 2544 174 2599 eibi
193 2559 247 2598 non
271 2544 414 2613 collegerat
434 2545 544 2599 uerbum
568 2548 634 2611 liei;
656 2550 811 2615 superuenit
862 2551 988 2623 episcopi
1005 2551 1094 2620 (sem,
1110 2565 1171 2605 can.
1186 2550 1231 2621 78)
1247 2567 1253 2616 ;
1272 2550 1322 2620 qui
1345 2549 1414 2622 qnid
1439 2550 1648 2622 perpetraverit
1670 2549 1713 2605 in·

71 2646 127 2689 nou
145 2633 190 2687 bic
205 2634 310 2686 inuenit
332 2632 405 2702 quod
427 2634 581 2702 quaerebam
605 2636 738 2690 consolari
755 2638 810 2692 nisi
861 2643 1041 2710 compertum
1066 2643 1118 2694 est.
1143 2640 1200 2693 Hoc
1225 2642 1339 2692 tanturn
1362 2639 1542 2708 exploratum
1565 2638 1715 2706 habemus,

71 2725 216 2793 rpoterat,
229 2722 263 2776 de
275 2722 355 2775 verbo
368 2726 457 2777 autem
475 2725 522 2778 lici
534 2724 608 2779 nullo
629 2723 810 2779 modulatus
862 2744 926 2783 curn
939 2729 1000 2798 jam
1021 2726 1134 2798 pridem
1155 2726 1356 2797 episcoporum
1382 2727 1525 2781 sententia
1548 2728 1715 2782 damnatum

71 2811 147 2865 nibil
162 2809 287 2878 babebat,
304 2811 373 2877 ioris
388 2811 462 2880 quod
473 2812 609 2880 quaerebat
622 2827 674 2867 non
690 2810 809 2867 invenie·
863 2816 900 2871 ob
914 2817 1030 2882 scelera,
1045 2831 1104 2870 non
1116 2815 1201 2870 modo
1216 2815 1343 2880 illorum,
1358 2818 1390 2868 ut
1410 2831 1463 2884 per
1487 2818 1558 2879 crat,
1581 2831 1641 2868 non
1664 2832 1715 2886 pa·

71 2899 147 2955 lebat
160 2898 383 2968 indignationum
397 2910 422 2955 et
435 2899 558 2955 dolorum
572 2900 699 2966 (acibus3
714 2903 810 2969 cpite·
862 2904 953 2958 ruisse
968 2903 1089 2974 judicio,
1105 2918 1205 2957 verum
1224 2900 1310 2956 etiam
1340 2901 1463 2972 inquieti
1484 2900 1574 2955 enimi
1599 2900 1667 2956 vitio
1688 2906 1718 2956 et

71 3001 122 3042 erra
136 2987 197 3057 ejus
206 2987 351 3054 uiolenter,
365 2991 391 3042 et
400 2986 457 3042 tarn
470 2988 519 3042 diu
528 2988 627 3043 occulte
636 2989 718 3043 donec
727 2990 810 3044 eiiam
861 2990 1042 3063 impudentia
1057 2990 1208 3046 Ecclesiam
1232 2989 1452 3060 perturbavisse.
1468 2989 1537 3054 011ae
1552 3005 1636 3044 causa
1650 2989 1713 3057 luit,

71 3078 105 3131 'ei
118 3076 147 3130 in
163 3075 428 3144 quosdamqemitus.
439 3078 521 3132 itaut
534 3080 605 3131 inter
618 3077 721 3143 [ratres
735 3091 811 3131 sone
862 3097 913 3136 cur
933 3079 1086 3136 concilium
1110 3079 1145 3135 ad
1165 3078 1308 3134 decimum
1333 3084 1446 3133 sertum
1470 3078 1609 3133 kalendas
1629 3077 1716 3149 julias

71 3164 199 3220 condiri
212 3165 335 3218 nesciret.
364 3164 538 3232 Videbamus,
554 3170 580 3221 et
594 3165 748 3220 dolebamus
760 3180 809 3219 ue-
863 3169 931 3224 anni
950 3166 1228 3240 quadringentesimi
1248 3165 1335 3237 primi
1356 3171 1484 3221 coactum
1510 3166 1621 3237 legatis,
1643 3181 1715 3237 quos

71 3269 100 3322 r,
117 3255 188 3309 Deus
203 3255 254 3308 scit
268 3257 375 3308 tontum
387 3268 494 3323 poenom
516 3256 623 3322 anime,
640 3258 732 3309 tuntas
746 3269 808 3308 cru·
863 3258 896 3313 ad
923 3259 1131 3329 Imperatorem
1153 3254 1324 3322 destinabat,
1347 3255 1507 3323 mandaret,
1529 3259 1571 3322 ut,
1594 3254 1618 3308 si
1641 3254 1715 3310 forte

71 3346 113 3397 tas
129 3342 277 3410 gebennas,
294 3345 371 3395 tantu
396 3347 536 3398 tomenta.
560 3342 633 3409 Quid
659 3342 810 3412 pluribus?
862 3347 1008 3419 Equitium
1022 3346 1105 3401 illum
1126 3345 1156 3400 in
1179 3344 1259 3400 ltalia
1274 3344 1457 3416 reperissent,
1479 3343 1557 3399 omni
1577 3341 1651 3413 juris
1670 3343 1715 3397 ria

71 3444 96 3486 re
112 3430 165 3485 loci
177 3428 299 3497 humilis,
314 3432 368 3498 cui,
381 3432 407 3484 si
419 3433 535 3500 saperet,
548 3434 639 3500 posset
661 3445 717 3486 esse
737 3431 809 3485 locus
862 3437 996 3491 adversus
1012 3435 1107 3505 ipsum
1122 3437 1239 3506 agerent
1257 3432 1348 3503 (ibid,
1364 3448 1424 3487 cern.
1441 3432 1496 3503 bb).
1514 3433 1576 3486 Non
1598 3432 1717 3486 deerant

73 3518 159 3584 ,talis
173 3519 316 3587 apparuit,
332 3522 363 3572 ut
373 3520 455 3572 etiam
467 3519 643 3588 projiceretur
657 3516 768 3589 (Enarr.
780 3520 810 3572 in
861 3521 891 3576 in
906 3521 968 3592 ejus
981 3520 1062 3585 urbe,
1079 3519 1129 3589 qui
1142 3534 1235 3574 causa
1252 3518 1341 3589 ipsius
1357 3519 1422 3589 plus
1442 3517 1534 3571 nimio
1558 3517 1714 3581 studerent,

71 3621 138 3674 απ,
154 3621 234 3662 serm.
251 3608 278 3673 2,
288 3623 317 3661 n.
341 3606 393 3679 tl).
403 3606 521 3661 Videtur
534 3611 631 3661 tamon
642 3606 726 3662 fateri
747 3608 809 3662 Au·
862 3610 981 3680 ejusque
993 3623 1010 3663 a
1020 3607 1088 3678 iuga
1099 3606 1225 3662 reditum
1237 3607 1470 3676 prestolarentur
1483 3621 1489 3658 :
1500 3620 1564 3659 cnm
1579 3604 1640 3674 ejus
1651 3619 1717 3658 con·

71 3694 272 3767 s,quemdam,
283 3694 513 3761 Quodvultdeum
523 3695 746 3765 nomine‚quem
754 3696 808 3750 lio·
861 3703 905 3754 tra
920 3698 969 3753 alii
983 3698 1019 3753 ab
1030 3696 1092 3752 istis
1107 3696 1278 3753 dissidentes
1291 3695 1455 3751 abdicarent
1465 3693 1714 3750 communionem:

81 3783 166 3856 qimsi
182 3782 305 3854 duplicis
317 3783 453 3839 adulterii
463 3782 625 3839 convictum
636 3783 808 3855 abjecerant,
862 3787 932 3843 ethi
948 3785 1067 3859 quidem
1088 3785 1164 3841 cedes
1188 3785 1245 3840 lieo
1268 3800 1361 3839 sacras
1381 3783 1526 3850 tenebant,
1549 3797 1582 3836 ac
1605 3781 1716 3851 episco-

71 3870 312 3934 rommunionem
335 3872 379 3926 vel
398 3872 433 3927 ad
457 3871 617 3927 clericalem
638 3871 810 3944 dignitatem
861 3891 931 3948 pum
946 3874 1040 3930 adhuc
1055 3875 1167 3929 nullum
1180 3879 1357 3945 acceperant.
1375 3873 1445 3928 Cum
1461 3870 1551 3943 igitur
1566 3870 1717 3926 Ecclesiam

71 3959 338 4016 minisse:rerum
361 3959 389 4014 id
405 3976 462 4015 nou
476 3959 555 4031 prius
577 3961 694 4025 tactum,
722 3976 809 4031 qnam
861 3965 940 4020 illam
964 3980 1022 4019 non
1045 3967 1160 4035 putaret
1182 3961 1335 4018 concilium
1359 3960 1502 4016 desertam
1526 3959 1633 4014 diutius
1656 3975 1717 4014 esse

71 4046 153 4104 atim
170 4064 252 4103 suam
270 4047 398 4118 legitime
412 4048 590 4120 probavisset
601 4049 711 4119 (coroa
724 4051 807 4105 Litte-
861 4051 1091 4123 relinquendam,
1107 4050 1256 4122 episcopos
1271 4048 1385 4120 viginti,
1407 4052 1436 4104 et
1451 4048 1480 4103 in
1504 4047 1549 4102 bis
1569 4047 1715 4118 Alypium,

71 4138 155 4206 liceri,
171 4137 223 4192 lib.
243 4140 268 4200 3,
284 4154 308 4192 c.
323 4140 368 4207 32,
383 4154 413 4203 n,
430 4141 491 4205 iit·
861 4139 1055 4212 Augustinum
1068 4143 1153 4210 atque
1169 4137 1308 4193 Evodium
1327 4135 1437 4208 selegit,
1458 4135 1509 4207 qui
1524 4150 1585 4190 sese
1599 4150 1634 4189 eo
1648 4150 1716 4190 con·

89 4224 128 4281 ad
152 4224 375 4297 Carthaginense
396 4224 549 4281 concilium
569 4226 729 4287 redeamus.
751 4231 808 4282 sta·
862 4229 995 4295 terentes,
1018 4228 1182 4299 episcopum
1207 4225 1354 4281 communi
1372 4225 1513 4279 universae
1538 4222 1632 4293 plebis
1648 4238 1716 4277 cou-

71 4329 156 4386 rquae
178 4314 214 4369 ad
230 4314 390 4369 Donatistae
404 4314 595 4387 pertinebant,
619 4315 758 4370 nonnulla
779 4315 810 4371 in
862 4332 958 4383 sensu,
980 4315 1005 4370 si
1028 4319 1126 4370 tamen
1142 4313 1247 4386 Equitii
1270 4314 1398 4369 fautores
1411 4311 1447 4367 ad
1465 4310 1621 4366 ineundam
1650 4326 1714 4365 oum

71 4402 169 4475 iplina·
191 4417 275 4458 causa
296 4403 410 4458 decreta
423 4406 499 4458 sunt.
519 4404 596 4458 luter
619 4407 721 4459 caetera
742 4403 811 4476 quia
863 4403 926 4460 aliis
950 4403 1113 4460 societatem
1138 4402 1237 4458 liceret
1268 4401 1420 4467 adducere,
1449 4398 1650 4454 instituerent:
1673 4399 1717 4454 sin

71 4495 266 4562 tereceptnm
282 4496 344 4547 erat
355 4492 431 4563 apud
448 4492 541 4558 Atros,
566 4495 599 4546 nt
625 4491 736 4563 quoties
760 4494 809 4547 Ee·
867 4493 977 4560 minus,
988 4492 1090 4548 darent
1099 4507 1228 4563 operam,
1248 4507 1284 4546 ne
1299 4505 1386 4563 qnam
1409 4487 1457 4544 isti
1479 4503 1588 4543 moram
1609 4486 1718 4558 episeo-

71 4577 207 4650 puaepiam
228 4583 351 4645 vacaret,
378 4594 409 4632 ea
433 4582 509 4633 certo
533 4577 645 4633 cuidam
675 4578 810 4651 episcopo
863 4580 921 4654 pali
936 4579 1069 4636 electioni
1081 4579 1225 4635 afferrent.
1241 4577 1420 4649 augustinus
1434 4575 1572 4631 continuo
1587 4579 1652 4647 post
1669 4575 1717 4631 ab·

71 4670 201 4734 lteretnr,
229 4667 263 4721 de
291 4666 471 4739 temporariis
496 4665 661 4737 hujusmodi
671 4667 811 4738 episcopis
864 4670 987 4724 solutam
1000 4667 1080 4723 illam
1093 4667 1236 4738 synodum
1250 4664 1387 4730 scribens,
1410 4663 1536 4718 allirmat
1550 4663 1715 4735 episcopum

71 4754 97 4812 il
110 4759 260 4811 statutum.
278 4757 359 4811 Tales
372 4757 683 4811 autemluterrentores
697 4755 756 4811 sira
770 4757 812 4811 ln·
863 4755 1090 4826 vigesilitanum,
1107 4759 1156 4809 aut
1169 4759 1245 4809 certe
1266 4753 1302 4807 ad
1316 4752 1399 4824 cuius
1419 4750 1564 4807 diaecesim
1587 4751 1714 4822 pertine·

71 4860 129 4901 ires
149 4843 331 4900 vocitabant:
345 4846 493 4914 exstatque
514 4844 590 4914 apud
619 4845 810 4915 augustinum
863 4843 912 4898 bat
924 4842 1111 4915 vigesilitana
1127 4841 1258 4908 Ecclesia,
1273 4840 1304 4895 iu
1321 4840 1450 4912 plenario
1469 4840 1571 4896 Africae
1593 4840 1714 4896 concilio

71 4937 175 4990 darum
186 4932 357 4999 criminatio,
373 4930 514 5004 quanocis
528 4931 615 4986 illatae
629 4930 742 4985 cuidam
761 4931 810 4984 ln·
864 4932 900 4987 de
926 4931 1015 5002 gradu
1042 4930 1128 4986 luisse
1154 4929 1307 5001 dejectum,
1331 4934 1417 5001 atque
1442 4930 1516 4985 hanc
1538 4928 1576 4983 ob
1601 4942 1716 4983 causam

71 5019 129 5088 ori,
144 5023 307 5092 quemtum
323 5018 812 5091 blajorinonondumadrersnsCae-
859 5019 992 5092 'ejusdem
1015 5018 1069 5073 loci
1091 5019 1243 5091 populum,
1268 5017 1292 5073 si
1318 5017 1401 5073 illum
1423 5017 1550 5089 recipere
1579 5015 1714 5081 noluerit,

71 5122 96 5165 m
116 5107 250 5164 ordinato
265 5108 465 5180 Carthaginem
477 5107 623 5169 miserant.
639 5106 812 5162 orthodoxos
862 5107 952 5181 probe
971 5107 1124 5170 iacturum,
1141 5122 1234 5178 neque
1261 5106 1296 5161 ad
1318 5106 1345 5162 id
1365 5107 1411 5162 rel
1432 5123 1516 5179 posse
1539 5106 1584 5161 rel
1606 5104 1710 5160 debere

71 5195 216 5254 debentur
238 5197 336 5268 (Epist.
361 5199 406 5264 ll,
431 5213 453 5252 c.
476 5198 504 5263 4,
528 5211 557 5250 n.
584 5195 620 5260 8).
644 5195 813 5267 liujusmodi
865 5197 900 5251 ab
921 5195 979 5250 ullo
999 5196 1080 5267 cogi:
1108 5201 1300 5251 memoratum
1324 5212 1390 5251 vero
1408 5196 1584 5266 episcopum,
1609 5192 1633 5246 si
1657 5205 1712 5263 po·

71 5285 303 5341 rlntcrrentores
322 5284 504 5350 adventitios,
528 5287 561 5338 nt
583 5288 664 5339 vocat
677 5284 811 5356 Augusti·
864 5283 962 5339 tentia
975 5283 1119 5338 secularis
1134 5288 1252 5352 terrore,
1267 5284 1343 5357 qnod
1363 5283 1479 5355 quidem
1494 5281 1605 5337 videtur
1627 5278 1716 5335 inisse

73 5373 84 5429 i
99 5374 224 5431 Romam
238 5374 274 5429 ad
297 5391 363 5429 suos
384 5376 537 5428 sectatores
555 5372 717 5439 mittebant,
733 5377 811 5428 ante-
864 5370 1000 5438 micalus,
1014 5372 1049 5426 ad
1065 5388 1127 5427 eam
1143 5388 1203 5427 rem
1223 5372 1318 5444 ipsum
1333 5372 1448 5443 adigere
1465 5372 1599 5436 tentaret,
1622 5367 1715 5440 qualis

71 5461 186 5536 roprios
198 5462 256 5516 illis
269 5463 416 5534 episcopos
441 5461 576 5517 ordinare
595 5461 748 5532 coepissont
764 5461 812 5531 (De
866 5461 953 5516 modo
973 5459 1021 5530 sit,
1035 5465 1064 5516 et
1081 5462 1174 5532 qualis
1197 5465 1262 5517 ante
1285 5460 1372 5517 fuerit
1397 5457 1511 5529 quaudo
1531 5456 1566 5511 de
1585 5471 1615 5512 se
1642 5454 1716 5513 nibil
