3884 6112
72 223 140 275 {209

67 342 162 397 malas
177 345 236 396 tam
263 339 420 396 immanem
444 340 567 397 bestiam
595 342 741 398 videretur
763 344 916 400 vomuisse.

67 431 123 485 Ad.
141 429 257 485 Minime
270 445 336 484 vero
349 434 412 484 erat
425 429 548 484 arduum
563 447 670 487 scurras
682 432 750 486 huic
764 433 914 501 resistere;

67 533 128 573 non
143 517 220 572 enim
235 518 422 572 concederem
438 534 487 573 ors
501 525 601 574 nostro
625 521 704 575 exire
715 522 918 594 quodcumque

67 606 225 678 loquimur.
244 608 316 661 Num
327 622 392 678 qua
406 606 564 678 loquimur,
581 624 615 662 ea
629 609 824 679 significamus
839 631 847 676 ;
860 626 918 665 non

67 701 165 749 autem
181 710 246 766 qum
262 710 307 748 res
332 694 520 765 significatur,
536 695 586 750 sed
604 696 720 767 signum
734 713 791 769 qno
804 698 917 769 signifi·

67 787 151 837 catur
172 781 315 854 loquentis
330 798 378 836 ore
394 784 533 853 procedit,
549 784 604 837 nisi
626 800 691 839 cum
705 785 768 856 ipsa
782 786 864 857 signa
877 787 919 840 si-

68 871 264 943 gnificantur:
281 871 358 942 quod
372 887 464 942 genus
477 873 563 942 paulo
579 875 645 928 ante
660 874 852 930 tractavimus.

105 962 150 1015 et.
166 961 238 1027 Aug.
254 960 329 1013 Bene
339 964 370 1014 tu
385 960 501 1030 quidem
515 961 569 1016 hoc
582 960 667 1017 modo
683 963 818 1017 adversus
835 962 919 1019 illum

68 1065 146 1104 esses
167 1051 306 1119 paratus:
330 1054 528 1103 verumtamen
544 1049 617 1103 mibi
637 1049 707 1121 quid
722 1051 917 1120 respondebis,

69 1142 169 1191 utrum
184 1135 271 1190 bomo
285 1152 392 1190 nomen
407 1136 444 1190 sit
466 1137 651 1209 requirenti?
665 1139 720 1195 Ad.
750 1139 834 1205 Quid,
863 1139 918 1194 nisi

69 1238 132 1278 esse
147 1223 276 1276 nomen?
290 1224 362 1291 Aug.
378 1224 474 1289 Quid‘l
487 1242 552 1280 cum
565 1230 593 1280 te
607 1226 702 1293 video,
726 1245 797 1283 num
811 1244 918 1283 nomen

68 1309 176 1365 video?
190 1311 246 1366 Ad.
258 1312 330 1366 Non.
344 1314 417 1380 Auo.
430 1312 512 1367 Visne
522 1315 610 1384 igitur
623 1315 716 1370 dicam
730 1318 807 1387 quod
822 1317 919 1388 scqui-

68 1398 138 1454 tur‘?
152 1399 208 1453 Ad.
224 1400 263 1453 Ne
277 1416 394 1471 quaeso;
411 1417 478 1455 nam
493 1402 565 1456 mihi
579 1402 639 1473 ipse
653 1404 799 1469 renuntio,
814 1421 860 1459 me
870 1405 920 1459 ho·

67 1487 177 1543 minem
193 1504 251 1541 non
266 1502 338 1554 esse,
351 1487 401 1559 qui
424 1504 528 1544 nomeu
544 1505 604 1544 esse
629 1491 838 1562 responderim,
853 1508 920 1546 cum

67 1574 157 1630 homo
173 1580 270 1629 utrum
283 1591 390 1629 nomen
405 1581 479 1630 esset
491 1576 661 1648 inquireres.
688 1580 750 1633 lam
765 1580 842 1634 enim
857 1581 919 1651 pla-

69 1666 179 1729 cuerat,
194 1679 275 1717 exea
298 1680 329 1717 re
357 1680 422 1735 qum
450 1664 669 1736 significaretur,
698 1671 747 1721 aut
773 1669 924 1734 assentiri,

66 1759 119 1806 aut
133 1767 237 1822 negare
252 1751 329 1824 quod
343 1751 456 1806 dicitur.
470 1753 545 1821 Aug.
574 1758 610 1808 at
636 1755 708 1810 mihi
722 1756 834 1811 videtur
859 1774 918 1812 non

67 1844 98 1895 te
112 1840 218 1894 frustra
229 1840 258 1894 in
274 1840 346 1894 hanc
361 1841 578 1911 responsionem
593 1842 733 1898 decidisse
746 1861 752 1910 ;
768 1859 835 1898 nam
850 1844 919 1915 vigi·

67 1927 189 1982 lantiam
200 1932 278 1982 tuam
294 1927 437 1982 mentibus
452 1930 557 1983 nostris
567 1929 657 1984 indita
671 1931 733 2002 ipsa
747 1932 792 1986 lex
802 1931 919 1985 rationis

70 2016 177 2072 evicit:
195 2033 263 2071 nem
277 2016 301 2070 si
316 2032 477 2088 quaererem
492 2018 562 2088 quid
587 2022 661 2073 esset
674 2019 772 2085 homo,
799 2035 919 2091 respon-

69 2105 154 2161 deres
179 2105 309 2171 fortasse,
334 2105 468 2171 Animal,
497 2106 521 2159 si
546 2110 642 2161 autem
669 2123 829 2178 quererem
854 2124 918 2179 quas

68 2209 137 2266 pars
149 2192 286 2248 orationis
311 2196 385 2247 esset
411 2193 509 2260 homo,
524 2194 604 2248 nullo
632 2196 718 2250 modo
732 2213 830 2266 posses
841 2201 917 2251 recte

70 2281 242 2352 respondere
260 2280 324 2344 nisi,
349 2282 460 2336 Nomen
474 2298 482 2336 z
498 2283 687 2353 quamobrem
708 2301 773 2339 cum
790 2284 920 2340 homost

70 2385 187 2434 nomen,
200 2373 228 2423 et
242 2369 348 2424 animal
365 2385 425 2424 esse
438 2369 611 2440 inveniatur,
625 2371 697 2427 illud
714 2372 817 2428 dicitnr
837 2389 871 2428 ex
885 2389 919 2428 ca

69 2462 152 2529 parte
167 2473 224 2528 qua
236 2457 352 2527 signum
368 2462 419 2521 cst,
436 2457 490 2513 hoc
505 2475 539 2512 ex
552 2464 634 2530 parte
647 2460 689 2514 rei
703 2477 790 2533 quam
809 2461 918 2532 signiti-

68 2551 123 2600 eat.
139 2544 193 2611 Qui
208 2561 277 2614 ergo
288 2545 393 2616 quaerit
407 2550 505 2600 utrum
520 2547 607 2601 homo
622 2563 728 2602 nomen
744 2548 791 2617 sit,
806 2549 880 2604 nihil
893 2549 919 2604 ei

67 2634 147 2688 aliud
161 2648 249 2706 quam
263 2649 324 2688 esse
338 2634 528 2704 respondeam
540 2651 547 2689 :
558 2635 626 2689 sutis
640 2636 719 2690 enim
733 2636 918 2706 significator

67 2736 103 2776 ea
118 2728 198 2792 parte
212 2736 241 2774 se
256 2721 328 2775 velle
343 2722 452 2784 andire,
477 2739 534 2794 qua
561 2722 676 2794 signum
700 2728 751 2779 est.
769 2725 797 2780 Si
823 2728 918 2782 autem

69 2808 176 2880 quaerit
190 2811 287 2863 atrum
304 2808 408 2863 animai
424 2809 470 2876 sit,
485 2810 576 2865 multo
590 2811 745 2882 proclivius
769 2829 893 2868 annuam
910 2830 916 2868 :

67 2895 205 2967 quoniam
224 2896 358 2950 aitarens
373 2901 402 2951 et
416 2913 521 2952 nomen
536 2903 564 2952 et
577 2898 696 2966 animal,
722 2904 833 2954 tantum
848 2900 917 2973 quid

67 2989 142 3039 esset
155 2984 241 3039 bomo
256 2984 425 3056 requireret,
440 2985 543 3057 placita
558 2987 606 3041 illa
616 2988 753 3059 loquendi
768 2991 867 3060 regula
881 2990 916 3045 ad

66 3072 97 3128 id
114 3074 191 3144 quod
206 3074 317 3130 duabus
328 3075 639 3146 syllabissignilicatur,
656 3075 915 3143 animuscurreret;

66 3176 160 3231 neque
171 3161 330 3234 quidquam
347 3162 569 3233 responderetur
578 3162 632 3219 nisi
646 3164 764 3232 animal,
775 3163 820 3218 vel
829 3164 917 3219 etiam

65 3254 128 3305 tota
142 3250 270 3305 delinitio
286 3251 437 3317 diceretur,
451 3253 481 3306 id
497 3257 539 3307 est
552 3253 659 3308 animal
684 3252 823 3308 rationale
838 3269 916 3309 mor·

66 3339 125 3393 tale
148 3355 155 3393 ε
182 3355 218 3394 an
240 3339 293 3393 tibi
316 3355 374 3393 non
402 3339 535 3395 videtur?
558 3341 614 3396 Ad.
641 3341 759 3396 Prorsus
778 3341 916 3399 videtur:

67 3425 118 3481 sed
129 3443 194 3482 cum
212 3443 273 3482 esso
288 3443 394 3482 nomen
421 3428 655 3499 concesserimus,
679 3431 823 3501 quomodo
836 3431 916 3486 iliam

66 3516 278 3572 conclusionem
306 3517 391 3572 nimis
416 3518 622 3573 contumeliosa
651 3518 830 3584 evitabimus,
860 3536 917 3591 qua

66 3620 121 3660 nos
145 3603 276 3660 homines
303 3622 362 3661 non
391 3621 451 3660 esse
478 3606 650 3661 conficitur?
669 3608 741 3674 Aug.
767 3606 915 3671 Quomodo

65 3697 162 3763 putas,
175 3694 231 3748 nisi
245 3695 372 3750 docendo
399 3710 458 3750 non
487 3710 521 3750 ex
546 3711 580 3750 ea
608 3699 688 3766 parte
714 3695 834 3763 illatam,
860 3712 917 3767 qua

64 3780 256 3853 interroganti
290 3781 542 3839 assentiebamur?
568 3785 625 3837 Aut
655 3783 680 3836 si
704 3799 739 3838 ex
770 3799 804 3838 ea
837 3789 916 3855 parte

65 3868 146 3924 illam
159 3886 188 3924 se
202 3870 308 3925 fatetur
321 3870 437 3938 inferre,
454 3871 535 3926 nullo
550 3872 635 3927 modo
658 3875 701 3926 est
714 3872 914 3927 formidanda:

65 3956 138 4029 quid
153 3957 230 4012 enim
244 3962 370 4014 metuam
381 3958 540 4028 hominem,
555 3960 584 4015 id
611 3965 654 4014 est
667 3965 725 4015 tres
739 3959 808 4014 istas
831 3961 915 4033 sylla-

64 4044 117 4099 bas
131 4061 190 4100 non
204 4063 265 4101 esse
279 4063 326 4101 me
340 4047 494 4103 confiteri?
507 4047 562 4103 Ad.
580 4047 656 4102 Nihil
680 4051 724 4103 est
736 4048 839 4104 verius.
860 4050 917 4104 Cur

65 4148 136 4203 ergo
150 4134 280 4190 animum
295 4135 425 4196 offendit,
441 4152 506 4191 cum
521 4135 635 4201 dieitur,
651 4151 710 4190 non
724 4152 754 4190 es
767 4136 857 4208 igitur
870 4137 914 4191 ho·

65 4237 134 4289 mo;
150 4238 216 4278 eum
232 4224 388 4279 secundum
404 4224 453 4278 illa
467 4239 612 4291 concessa,
641 4223 715 4278 nihil
740 4224 834 4278 verius
860 4224 914 4279 dici

65 4309 222 4381 potuerit?
238 4312 309 4378 aas.
331 4311 404 4377 Quia
426 4327 485 4365 non
500 4325 618 4380 possum
634 4325 692 4363 non
721 4315 822 4381 putare
836 4310 871 4365 ad
888 4311 915 4366 id

64 4399 275 4454 conclusionem
287 4399 398 4466 referri,
424 4400 502 4471 quod
529 4398 574 4453 his
600 4397 711 4453 duabus
737 4397 853 4468 syllabis
880 4398 917 4452 si·

63 4486 229 4557 gnificatur,
244 4487 329 4543 simui
357 4494 443 4560 atque
457 4488 511 4542 ista
525 4487 611 4541 verba
625 4485 784 4547 sonuerint,
794 4501 827 4540 ea
840 4485 916 4540 scili-

64 4578 112 4630 cet
134 4577 245 4647 regula,
274 4592 339 4648 qua
367 4576 537 4631 naturaliter
560 4575 720 4646 plurimum
748 4575 834 4641 vaiet,
862 4591 914 4630 au·

64 4662 134 4718 ditis
147 4663 237 4735 signis
252 4665 287 4719 ad
301 4680 347 4719 res
373 4663 546 4735 significatas
565 4664 674 4719 feratur
694 4663 824 4718 intentio.
849 4665 910 4719 Ad.

62 4749 179 4823 Accipio
193 4753 272 4823 quod
283 4752 364 4809 dicis.

63 4839 178 4896 carot
193 4842 236 4895 lx.
250 4871 284 4882 —
298 4843 344 4897 Aa
358 4857 400 4897 res
413 4857 534 4912 quaque,
553 4842 595 4897 uel
613 4842 672 4912 ejus
691 4842 808 4910 cognitio
825 4842 915 4911 pluria

251 4931 375 4985 labendo
389 4933 426 4986 sit
440 4946 523 5000 quom
536 4932 623 5001 ipsius
637 4932 728 4999 siqua.

98 5019 144 5071 25.
157 5018 229 5084 Aug.
247 5020 310 5074 lam
326 5035 395 5090 ergo
407 5018 550 5091 intelligas
562 5019 638 5084 volo,
654 5033 699 5072 res
722 5034 787 5090 quos
800 5017 913 5089 signiti-

59 5108 175 5173 cantur,
191 5107 282 5178 pluris
297 5124 384 5179 qoam
399 5107 481 5179 signa
496 5124 556 5162 esse
571 5106 751 5178 pendendas.
770 5106 915 5179 Quidquid

60 5193 141 5248 enim
156 5200 275 5266 propter
289 5195 434 5263 aliudest,
458 5195 543 5251 vilius
570 5195 731 5250 sitnecesse
758 5198 801 5250 est
827 5212 915 5267 quam

60 5278 92 5335 id
105 5287 226 5352 propter
240 5281 315 5353 qnod
332 5285 390 5347 est;
404 5280 458 5335 nisi
472 5286 502 5336 tu
516 5282 595 5338 aliud
609 5282 763 5337 existimas.
785 5282 842 5338 Ad.
860 5283 915 5338 ·Vi·

60 5368 148 5424 detur
161 5368 234 5425 mihi
249 5385 306 5423 non
318 5372 426 5424 temere
442 5369 489 5424 hic
510 5385 571 5425 esse
591 5369 807 5426 assentiendum
823 5387 830 5427 :
847 5388 914 5427 nam

63 5473 131 5513 cum
143 5457 276 5528 dicimus,
292 5459 420 5525 Coenum,
437 5459 521 5530 longe
536 5458 590 5514 hoc
606 5475 713 5515 nomen
728 5458 851 5516 arbitror
872 5461 915 5516 rei

829 220 936 279 LIBER
956 220 1059 280 UNUS.

1755 220 1824 273 tntu

976 362 1064 419 quam
1079 347 1221 420 significat
1234 344 1414 410 antecellere,
1438 343 1521 407 Quod
1535 342 1613 397 enim
1628 357 1680 397 nos
1705 341 1824 397 offendit

974 437 1131 502 audientes,
1146 453 1205 491 non
1221 434 1256 489 ad
1272 434 1361 505 ipsius
1376 432 1454 487 verbi
1482 430 1606 502 pertinet
1632 446 1751 499 sonum;
1767 446 1824 484 cas·

973 541 1044 580 num
1059 525 1136 580 enim
1151 539 1267 590 nomen,
1284 524 1394 576 mutata
1406 535 1464 575 una
1478 519 1574 574 littera
1588 518 1691 575 coelum
1703 523 1763 584 est;
1779 518 1824 572 in-

973 618 1016 668 ter
1028 613 1077 667 illa
1089 629 1156 668 vero
1172 628 1236 685 quae
1253 610 1297 666 his
1311 608 1476 664 nominibus
1499 606 1705 678 significantur,
1728 621 1822 676 quan-

972 707 1036 756 tum
1051 702 1135 756 distet
1160 702 1300 756 videmus.
1329 697 1522 761 Quamobrem
1550 710 1734 768 nequaquam
1757 693 1823 748 huic

973 791 1055 862 signo
1071 790 1233 855 tribuerim,
1249 788 1326 860 quod
1339 787 1370 841 in
1386 802 1417 841 re
1431 801 1518 856 quam
1532 783 1674 855 significat
1693 781 1820 851 odimus;

974 884 1002 933 et
1016 884 1168 950 propterea
1183 877 1238 932 hoc
1253 877 1296 931 illi
1307 877 1372 947 jure
1399 878 1542 943 antepono
1559 889 1565 925 ε
1581 871 1717 926 libentius
1744 869 1821 924 enim

973 967 1026 1022 hoc
1040 968 1183 1031 audimus,
1199 982 1286 1037 quam
1300 965 1359 1019 ullo
1373 978 1458 1017 sensu
1473 960 1546 1015 illud
1555 957 1733 1029 attingimus.
1744 959 1821 1027 Aug.

976 1055 1200 1126 vigilantissime
1213 1054 1340 1109 omnino.
1358 1054 1456 1122 ltaque
1470 1050 1575 1104 falsum
1590 1053 1641 1113 est,
1658 1061 1757 1101 omnes
1776 1060 1822 1099 res

974 1145 1064 1216 pluris
1079 1160 1165 1215 quam
1182 1159 1280 1197 earum
1295 1142 1377 1211 signa
1390 1156 1450 1194 esse
1471 1137 1642 1210 pendendas.
1658 1134 1713 1189 Ad.
1728 1136 1769 1189 lta
1784 1133 1823 1187 vi·

975 1233 1065 1288 detur.
1081 1237 1158 1300 Aug.
1173 1232 1222 1286 Dic
1237 1247 1304 1301 ergo
1321 1228 1392 1283 mihi
1406 1225 1476 1299 qnid
1489 1223 1633 1280 arbitreris
1649 1239 1697 1278 eos
1711 1225 1822 1276 secutos

975 1336 1046 1387 esse,
1062 1321 1111 1391 qui
1125 1319 1191 1373 hnic
1201 1318 1244 1372 rei
1257 1323 1317 1372 tam
1329 1316 1412 1371 foedae
1426 1319 1512 1385 atque
1523 1310 1696 1382 aspernabili
1715 1325 1820 1364 nomen

974 1409 1159 1470 indiderunt:
1178 1408 1222 1462 vel
1237 1412 1334 1461 utrum
1350 1421 1399 1458 eos
1412 1405 1524 1474 probes,
1541 1417 1577 1454 an
1592 1399 1746 1470 improbes.
1762 1398 1820 1453 Ad.

975 1499 1033 1567 Ego
1048 1496 1193 1552 veroillos
1220 1510 1273 1550 nec
1302 1493 1433 1564 probare,
1460 1506 1512 1546 nec
1540 1488 1703 1559 improbare
1718 1486 1821 1551 audeo,

974 1602 1027 1640 nec
1037 1585 1104 1657 quid
1117 1584 1225 1639 tuerint
1235 1583 1323 1638 secuti
1338 1581 1405 1639 scio.
1420 1581 1493 1648 Aug.
1510 1579 1630 1632 Potesne
1642 1576 1743 1630 sallem
1752 1574 1823 1630 scire

974 1675 1044 1746 quid
1057 1689 1089 1728 su
1100 1673 1237 1744 sequaris,
1253 1687 1319 1726 cum
1335 1671 1389 1724 hoc
1402 1683 1508 1723 nomen
1522 1662 1676 1720 enuntias?
1690 1663 1747 1717 Ad.
1766 1664 1824 1716 lloc

974 1765 1059 1834 plane
1073 1778 1209 1833 possum,
1224 1758 1457 1831 namsignidcare
1472 1756 1547 1813 volo.
1559 1758 1592 1808 ut
1607 1769 1673 1807 eum
1688 1768 1754 1806 cum
1764 1766 1821 1823 quo

974 1852 1079 1923 loquor
1092 1850 1210 1905 doceam
1225 1849 1269 1903 vel
1285 1848 1456 1902 admoneam
1470 1843 1504 1898 de
1519 1858 1550 1897 re
1579 1840 1639 1906 illa,
1657 1840 1735 1911 quod
1756 1854 1823 1893 eum

974 1939 1070 1996 doceri
1083 1941 1128 1993 vel
1139 1937 1289 1993 admoneri
1317 1939 1449 2007 oportere
1478 1931 1610 1987 arbitror.
1626 1928 1699 1996 Aug.
1725 1927 1823 1992 Quid?

973 2030 1069 2100 ipsum
1085 2028 1186 2083 docere
1199 2031 1249 2082 aut
1263 2027 1428 2089 admonere,
1457 2021 1514 2076 sire
1531 2018 1627 2076 doceri
1653 2023 1702 2072 aut
1720 2017 1822 2071 admo·

974 2118 1049 2186 neri,
1080 2117 1157 2189 qnod
1184 2116 1227 2170 vel
1255 2120 1288 2169 tu
1314 2113 1429 2169 exhibes
1455 2100 1605 2166 commode
1629 2123 1682 2179 per
1708 2106 1760 2160 hoc
1776 2120 1824 2159 no-

975 2223 1053 2271 men,
1065 2206 1111 2259 rel
1126 2205 1275 2259 exhibetur
1288 2201 1360 2268 tibi;
1377 2216 1471 2255 nonne
1486 2197 1599 2253 charius
1625 2210 1712 2267 quam
1728 2193 1823 2265 ipsum

973 2310 1080 2349 nomen
1093 2292 1257 2349 habendum
1269 2291 1334 2346 est?
1348 2289 1407 2344 Ad.
1419 2287 1548 2344 Concedo
1558 2286 1650 2356 ipsam
1662 2281 1823 2350 scientiam,

974 2398 1040 2453 quae
1055 2396 1107 2452 per
1121 2381 1176 2435 boc
1189 2380 1304 2451 siguum
1319 2377 1423 2434 evenit.
1444 2376 1536 2430 eidem
1550 2375 1633 2444 signo
1661 2387 1723 2426 esse
1741 2375 1821 2424 ente-

973 2468 1157 2543 ppnendam
1175 2467 1221 2521 sed
1239 2482 1297 2520 non
1312 2465 1376 2520 ideo
1387 2463 1474 2519 etiam
1489 2479 1550 2517 rem
1564 2462 1657 2532 ipsam
1671 2464 1752 2530 puto.

1008 2559 1141 2624 testeo.
1158 2556 1190 2610 ln
1204 2555 1351 2625 illaigitur
1363 2551 1504 2607 sententia
1530 2554 1638 2617 nostra,
1659 2560 1823 2621 quanquam

974 2645 1138 2709 sitiebam,
1154 2659 1199 2698 res
1214 2659 1314 2697 omnes
1336 2640 1425 2712 signis
1448 2638 1505 2693 suis
1519 2635 1648 2708 proeponi
1675 2638 1822 2706 oportere,

973 2750 1032 2788 non
1048 2738 1144 2786 tamen
1157 2731 1262 2785 falsum
1276 2734 1329 2796 est,
1345 2744 1431 2783 omne
1446 2725 1655 2798 quodpropter
1677 2721 1754 2776 alind
1768 2724 1822 2785 est,

973 2820 1056 2875 vilius
1071 2834 1233 2889 essequam
1248 2817 1275 2871 id
1291 2821 1409 2888 propter
1425 2813 1559 2886 quodest.
1573 2808 1821 2881 Cognitioquippe

973 2908 1056 2972 coeni,
1073 2910 1191 2979 propter
1205 2921 1292 2977 quam
1307 2907 1361 2959 lroc
1374 2918 1479 2958 nomen
1491 2904 1534 2955 est
1545 2899 1720 2964 institutum,
1732 2895 1823 2969 pluris

972 2995 1104 3051 habenda
1118 2998 1161 3048 est
1172 2993 1233 3064 ipso
1257 2991 1383 3057 nomine,
1400 2990 1479 3063 quod
1494 2988 1586 3043 eidem
1612 3002 1693 3043 coeno
1709 3000 1821 3057 praepo·

972 3084 1101 3139 nendum
1114 3098 1174 3138 esse
1190 3080 1393 3152 comperimus.
1412 3080 1474 3134 Non
1501 3077 1578 3131 enim
1609 3075 1646 3130 ob
1670 3073 1748 3129 aliud
1769 3073 1824 3126 ista

972 3172 1098 3243 cognitio
1113 3171 1207 3242 signo,
1222 3170 1258 3224 de
1273 3185 1330 3240 quo
1344 3170 1457 3239 agimus
1469 3167 1593 3221 antelata
1607 3169 1660 3228 est,
1675 3163 1730 3218 nisi
1755 3161 1824 3234 quia

971 3261 1042 3315 iliud
1056 3265 1176 3330 propter
1190 3259 1274 3325 hanc,
1290 3274 1348 3312 non
1370 3259 1431 3311 brec
1454 3260 1572 3329 propter
1595 3252 1665 3308 illud
1680 3268 1740 3307 esse
1755 3266 1822 3305 con-

971 3345 1103 3401 vincitur.
1122 3347 1192 3401 Nam
1207 3345 1246 3399 its
1262 3360 1328 3423 curn¹
1356 3342 1473 3415 quidam
1499 3345 1624 3407 vorator,
1647 3337 1821 3406 ventrisque,

971 3440 1004 3489 ut
1018 3435 1055 3490 ab
1067 3435 1201 3505 Aposloio
1217 3433 1332 3502 dieitur,
1348 3433 1441 3486 cultor
1455 3431 1540 3501 (Rom.
1564 3445 1619 3495 xvi,
1646 3429 1700 3493 18),
1716 3424 1824 3480 diceret

971 3523 1037 3578 ideo
1050 3539 1079 3575 se
1104 3523 1208 3588 vivere,
1224 3527 1257 3577 ut
1275 3526 1455 3585 vesceretur;
1470 3534 1527 3572 non
1541 3515 1605 3571 tulit
1622 3514 1672 3585 qui
1686 3512 1822 3569 audiebat

971 3608 1047 3678 frugi
1060 3609 1159 3673 homo,
1175 3612 1214 3674 et,
1227 3608 1345 3674 Quanto,
1366 3605 1469 3677 inquit,
1484 3605 1580 3658 melius
1606 3601 1665 3655 ideo
1679 3601 1821 3654 vescereris

971 3700 1001 3750 ut
1014 3698 1117 3751 ciuem
1126 3696 1140 3750 ‘l
1150 3695 1228 3766 quod
1243 3694 1343 3766 utique
1357 3711 1390 3748 er
1406 3693 1506 3748 eadem
1520 3692 1576 3747 ista
1587 3690 1688 3762 regula
1711 3689 1822 3743 locutus

972 3789 1014 3839 est
1029 3785 1048 3838 ¹.
1067 3786 1138 3840 Nam
1153 3799 1247 3856 neque
1262 3783 1318 3837 alia
1339 3782 1374 3837 de
1400 3798 1484 3837 causa
1510 3781 1559 3836 ille
1583 3777 1737 3852 displicuit,
1765 3776 1822 3832 nisi

972 3873 1049 3941 qnod
1063 3871 1151 3927 vitam
1166 3887 1247 3926 suam
1261 3875 1319 3925 tam
1336 3869 1564 3941 parvipenderet,
1578 3871 1611 3922 nt
1625 3883 1688 3922 earn
1704 3865 1822 3920 duceret

971 3961 1094 4032 gutturis
1108 3960 1252 4032 voluptate
1267 3958 1407 4025 viliorem,
1417 3957 1536 4013 dicendo
1547 3973 1576 4011 se
1590 3959 1707 4027 propter
1721 3954 1820 4025 epulas

970 4049 1065 4103 vivere
1082 4066 1088 4105 :
1105 4064 1199 4121 neque
1213 4047 1259 4102 liic
1274 4047 1310 4101 ob
1326 4046 1404 4101 aliud
1413 4047 1479 4117 jure
1504 4045 1648 4109 laudatur,
1675 4041 1730 4096 nisi
1743 4039 1818 4112 quod

971 4136 1051 4191 iniis
1065 4136 1176 4191 duobus
1191 4134 1259 4207 quid
1276 4139 1393 4206 propter
1415 4133 1483 4204 quid
1499 4132 1591 4196 tieret,
1607 4130 1661 4185 boc
1685 4133 1727 4183 est
1750 4127 1820 4200 quid

971 4222 1018 4276 cui
1032 4222 1192 4291 subjectum
1206 4225 1280 4275 esset
1294 4221 1468 4291 intelligens,
1497 4217 1651 4274 cibandum
1678 4215 1775 4286 potius
1789 4218 1823 4268 ut

971 4310 1109 4374 vivamus,
1126 4325 1211 4381 quam
1229 4308 1380 4363 vivendum
1396 4314 1427 4363 ut
1440 4308 1578 4370 cibemur,
1595 4303 1754 4360 admonuit.
1775 4302 1819 4358 Si·
1896 4340 1899 4345 ι

971 4397 1078 4452 militer
1090 4400 1117 4450 et
1131 4402 1162 4451 tu
1177 4396 1306 4462 fortasse,
1321 4401 1350 4451 et
1364 4396 1486 4467 quilibet
1498 4393 1648 4448 hominum
1665 4391 1819 4462 nonimpc·

970 4486 1024 4541 rite
1039 4500 1084 4539 res
1099 4483 1313 4551 aestimantium,
1343 4483 1449 4539 dicenti
1470 4480 1594 4553 cuipiam
1611 4478 1725 4552 loquaci
1739 4495 1819 4533 ama-

970 4576 1084 4646 torique
1099 4575 1262 4629 verborum.
1279 4574 1344 4628 ldeo
1360 4573 1446 4627 doceo
1456 4575 1487 4624 ut
1501 4571 1612 4640 loquar,
1630 4569 1819 4639 respondere-

971 4663 1018 4730 tis,
1034 4664 1135 4724 Homo,
1151 4678 1202 4718 cur
1221 4678 1278 4717 non
1293 4661 1389 4732 potius
1404 4660 1467 4714 ideo
1495 4657 1622 4729 loqueris
1649 4661 1681 4712 ut
1695 4657 1820 4712 doceas?

971 4752 1051 4817 Quod
1067 4752 1088 4805 si
1103 4752 1163 4807 haec
1178 4767 1243 4805 vera
1269 4753 1344 4813 sunt,
1372 4746 1455 4801 sicuti
1474 4762 1534 4801 esse
1563 4744 1717 4818 cognoscis,
1743 4746 1820 4801 vides

969 4841 1095 4913 proiecto
1109 4843 1217 4912 quanto
1232 4838 1317 4891 verba
1331 4834 1450 4890 minoris
1463 4834 1593 4890 habenda
1607 4833 1674 4900 sint,
1688 4850 1775 4905 quam
1790 4834 1819 4888 id

970 4935 1089 5002 propter
1103 4927 1181 4999 quod
1196 4926 1303 4981 utimur
1318 4924 1409 4978 verbis
1421 4941 1428 4986 ;
1441 4923 1573 4994 cumipse
1586 4938 1655 4976 usus
1664 4921 1819 4975 verborum

967 5019 1029 5090 jam
1043 5018 1080 5071 sit
1094 5014 1187 5070 verbis
1202 5013 1436 5084 anteponendus:
1453 5012 1538 5067 verba
1552 5010 1629 5066 enim
1645 5014 1711 5064 sunt
1728 5008 1820 5062 uthis

970 5111 1087 5161 utamur
1099 5122 1106 5171 3
1123 5103 1232 5159 utimur
1244 5107 1340 5157 autem
1354 5101 1399 5157 his
1414 5102 1450 5156 ad
1463 5101 1625 5157 docendum
1651 5099 1762 5164 Quanto
1775 5101 1820 5151 est

970 5210 1038 5264 ergo
1053 5190 1451 5262 meliusdocerequamloqui,
1465 5195 1544 5245 tanto
1558 5188 1660 5244 melior
1673 5189 1717 5241 est
1730 5200 1818 5257 quam

970 5283 1064 5349 verbu,
1093 5279 1209 5336 locutio.
1241 5281 1327 5335 llulto
1349 5296 1417 5350 ergo
1445 5279 1547 5333 melior
1573 5275 1703 5332 doctrina
1730 5289 1817 5346 quam

1002 5408 1009 5440 ¹
1021 5406 1082 5455 llas.
1096 5404 1130 5454 at
1138 5404 1166 5453 in
1183 5403 1260 5465 sod,
1274 5406 1307 5455 ut
1321 5406 1421 5456 almer
1431 5408 1445 5454 t
1456 5405 1569 5466 uterque
1579 5403 1667 5451 tamea
1679 5411 1712 5451 ac
1724 5398 1817 5453 eodem

971 5467 1066 5530 recula
1076 5468 1178 5516 locutus
1187 5469 1231 5518 est.
