3884 6112
155 288 225 344 leet
639 281 685 336 DE
704 280 860 337 tionibus
879 279 1167 349 ululcflmuuuu,
1188 281 1216 338 S.
1238 279 1431 340 cucusum
1858 289 1896 344 itt

154 412 269 466 llomino
283 409 450 477 inanducal,·
464 409 571 476 pretias
584 408 657 460 enim
676 407 734 475 opit
754 407 815 460 lieo.
832 407 864 459 lit
884 407 934 474 qui
946 419 1003 458 noa
1058 410 1106 474 {lat
1120 408 1249 473 infirmis.
1266 406 1298 462 Si
1311 409 1385 460 enim
1399 407 1466 474 qiam
1484 405 1603 460 viderit
1619 419 1690 458 cum
1703 405 1755 472 qui
1768 404 1895 464 bubdam

113 480 118 487 ¹
154 503 313 568 ritanducat,
329 501 444 555 boiriino
458 514 513 551 iton
534 498 691 564 trucidarat,
707 500 731 548 el
744 498 851 564 aralius
865 498 924 564 epil
944 496 1002 549 Deo.
1061 497 1139 562 liarn,
1150 496 1182 547 in
1191 495 1273 548 idolio
1284 494 1499 559 recumbentem,
1512 508 1623 547 nonne
1631 495 1895 562 wrucicntiaq'um

154 591 325 646 Nemo·enim
341 588 608 653 nostramsibiiioil,
622 586 792 639 etneiriosibi
805 583 1006 639 iiior-ituasioe
1059 587 1094 638 sit
1108 585 1233 651 indricto,
1253 584 1434 650 edificantur
1454 584 1496 636 ad
1511 583 1768 637 manducandum
1785 584 1894 655 nebim

154 682 228 735 enim
243 682 370 746 vicimus,
385 679 500 731 batisino
514 679 631 730 uicimus
641 692 648 743 ,·
659 677 713 728 sive
727 677 875 741 istoriinur,
889 674 1005 727 Domino
1059 677 1083 726 et
1090 673 1364 740 peribiiinfirmusin
1375 675 1626 726 tucconscienlia
1634 673 1895 743 fratempmpteran

155 771 302 824 morimur.
319 767 380 822 Sica
392 769 465 819 ortior
479 768 605 833 ciciiaus,
617 766 825 827 sicomorimur,
837 763 948 817 domini
961 777 1005 813 su-
1060 761 1184 816 Clcrislus
1197 765 1322 814 mortuus
1336 767 1392 816 esi?
1406 763 1453 818 Sic
1463 767 1573 815 autern
1588 767 1743 830 peccantes
1757 765 1789 815 in
1800 764 1912 841 scottus¹

153 873 224 911 rrius.
235 858 267 910 ln
278 857 325 910 boc
335 858 410 909 enirn
420 855 547 912 Christus
558 859 583 907 ct
594 857 663 908 eicit
675 855 694 917 ¹,
707 857 731 905 ei
740 857 866 905 ermricus
875 856 922 918 est,
931 855 955 903 et
966 865 1005 902 re·
1055 853 1580 920 perculientesconscientiamipsorum
1590 853 1762 918 inpensam,
1771 852 1894 908 inlini·
1908 846 1913 873 '¹

152 941 1005 1007 surrceil,uteloioorumetmortuorumdomiuetur.l'uailam
1056 943 1180 1009 pacatis.
1196 940 1365 1009 Quapropter
1377 943 1402 994 si
1414 957 1477 994 esca
1492 941 1694 994 scandalizat
1708 942 1827 1008 [mtrem
1837 959 1893 996 reu

152 1034 334 1103 qicmjudicas
343 1036 462 1102 fratrem
473 1038 571 1086 laicos?
581 1037 630 1086 aut
641 1037 670 1085 tu
680 1046 765 1099 quare
773 1031 878 1098 spontis
887 1030 1005 1096 fratrem
1060 1045 1115 1082 nori
1131 1031 1298 1083 omrsducabo
1310 1045 1421 1084 carricm
1432 1032 1467 1084 in
1483 1035 1642 1084 salernum
1653 1046 1692 1084 ne
1703 1031 1894 1098 [summme

155 1129 252 1178 lucris?
262 1125 357 1179 Omnes
368 1126 440 1176 euim
451 1120 855 1176 stabimusanletribunalllei.
866 1118 1005 1186 Scriptum
1060 1120 1140 1173 licem
1155 1120 1177 1189 (1
1193 1119 1252 1174 Cor.
1270 1135 1327 1187 rm,
1344 1118 1453 1186 lete).

152 1215 277 1266 ostentm
296 1213 358 1282 (isa.
381 1227 441 1275 mv,
457 1210 503 1280 23,
525 1209 590 1280 ill:
615 1210 675 1263 Vioo
696 1224 752 1276 epo,
772 1209 837 1261 dicit
860 1207 1003 1270 Doricinus,
1095 1206 1139 1262 34.
1155 1207 1227 1261 ltem
1246 1207 1302 1262 alio
1316 1208 1392 1265 loco:
1412 1208 1491 1274 Ouid
1508 1214 1608 1278 erpo?
1623 1210 1692 1263 dico
1707 1211 1782 1278 quad
1800 1212 1893 1266 man

152 1303 285 1368 quioniam
300 1301 370 1354 resilii
382 1304 504 1370 linietur
515 1315 594 1352 ornae
606 1314 689 1366 perite,
704 1296 1006 1364 elconfitcbiluroomis
1059 1297 1193 1350 comiatum
1207 1299 1243 1349 sil
1256 1297 1382 1364 aliquid?
1393 1301 1446 1350 aiii
1457 1296 1562 1365 (μιυιίι
1579 1299 1700 1352 maliem
1715 1301 1893 1368 silcliaufflii

153 1390 251 1457 linqua
264 1391 325 1445 lleo.
342 1391 437 1456 ltaque
457 1390 645 1454 unscsqaisqne
662 1390 789 1439 nostrum
807 1401 856 1453 pro
875 1401 901 1436 sc
914 1385 1005 1437 ratio·
1059 1401 1119 1453 que
1132 1387 1279 1440 immolant
1293 1385 1394 1450 Genus,
1411 1387 1573 1441 demoniis
1588 1388 1765 1456 immolant,
1779 1394 1803 1442 el
1815 1390 1890 1443 nube

152 1493 216 1531 neon
228 1479 320 1531 reddet
333 1479 395 1532 liro.
409 1477 469 1531 Non
479 1492 540 1544 erpo
555 1477 675 1543 arreptius
686 1476 801 1527 inuicem
812 1473 1003 1541 diiecdicemns,
1059 1474 1127 1528 cloto
1140 1477 1233 1526 autem
1255 1489 1299 1527 vos
1312 1476 1394 1528 socios
1414 1477 1482 1542 deri
1503 1476 1747 1530 daemoniorum.
1767 1478 1823 1531 sion
1831 1484 1891 1546 palm

152 1567 197 1620 sed
211 1566 258 1619 boc
271 1567 395 1633 judicate
415 1567 511 1634 isiacis,
528 1580 561 1618 ue
577 1565 688 1632 ponatis
704 1563 898 1629 offendiculam
918 1563 1006 1629 fratri
1058 1563 1169 1615 calicem
1190 1564 1302 1616 Domini
1324 1563 1420 1631 bibere,
1441 1569 1470 1617 et
1488 1566 1623 1619 calicem
1643 1567 1891 1621 camenarum

153 1655 372 1710 sciscandalum.
384 1653 444 1709 Scio
457 1653 753 1721 elconfldainllomino
764 1652 837 1718 lesu,
853 1654 920 1719 quia
932 1651 1006 1705 riibil
1056 1652 1165 1720 potestis
1177 1667 1275 1705 manc
1290 1654 1399 1706 Domini
1412 1656 1583 1723 participes
1600 1670 1672 1719 esse,
1691 1661 1718 1708 et
1740 1657 1891 1710 omen

152 1758 295 1796 concinuos
305 1745 466 1810 peripsum,
476 1743 566 1794 nislei
580 1742 629 1807 qui
639 1741 778 1793 caisiimat
787 1740 855 1806 quid
863 1755 1006 1792 eornmune
1060 1741 1183 1793 nicrum.
1192 1740 1240 1795 An
1249 1743 1416 1794 eirtulamur
1427 1741 1625 1796 Dominum?
1636 1744 1792 1812 Numquid
1798 1744 1891 1812 ilblute

153 1847 213 1899 esse,
226 1833 269 1885 iili
280 1846 422 1884 cornrnune
432 1834 478 1882 cst.
493 1830 524 1885 Si
534 1832 608 1883 enim
615 1833 728 1899 propter
736 1829 827 1882 cibam
839 1829 1005 1895 fraterintas
1060 1844 1102 1882 res
1114 1835 1232 1882 sumus?
1246 1829 1345 1884 Ornnia
1356 1830 1427 1884 milii
1442 1832 1530 1885 licita
1540 1837 1632 1901 sunt,
1647 1834 1699 1887 sed
1709 1850 1767 1888 non
1775 1837 1890 1901 aarum

152 1923 344 1988 contristatur,
352 1917 1006 1987 noniumsmundumcliarilalemarribulas.Noli
1058 1919 1161 1971 diunt:
1175 1920 1270 1972 omitia
1280 1918 1351 1972 atila
1360 1919 1436 1972 licita
1450 1924 1535 1988 tunt,
1554 1922 1609 1974 sed
1621 1936 1685 1976 non
1698 1922 1796 1976 omnia
1803 1924 1889 1989 aditet

152 2009 208 2063 cibo
230 2013 276 2062 tuo
296 2009 408 2076 perdere
427 2008 519 2070 illuni,
531 2022 583 2075 pro
596 2021 650 2074 quo
670 2006 795 2062 Christus
812 2010 939 2059 mortum
956 2009 1003 2060 est.
1059 2005 1142 2059 Nemo
1157 2006 1229 2074 quod
1248 2022 1332 2060 suum
1346 2012 1383 2060 est
1396 2013 1525 2077 quaerat,
1544 2010 1600 2064 sed
1613 2012 1697 2078 quod
1717 2013 1833 2065 alterius.
1848 2011 1890 2066 dre

152 2098 213 2153 Non
228 2113 289 2166 erpo
297 2096 497 2165 blasphemetur
507 2096 609 2149 borium
617 2099 754 2148 nostrum.
764 2095 824 2148 Non
836 2099 874 2147 esi
887 2109 1005 2162 repnum
1059 2095 1131 2162 quod
1145 2096 1177 2148 in
1190 2098 1301 2149 rriucello
1314 2099 1398 2165 uenit,
1419 2098 1629 2168 manducate,·
1657 2100 1740 2153 nibil
1751 2103 1890 2167 intensae

153 2187 200 2241 liri
224 2201 282 2239 esca
305 2190 329 2238 et
344 2190 434 2253 potus,
456 2184 501 2237 sed
517 2185 631 2252 justitia
653 2188 677 2235 cl
699 2198 754 2249 pac
774 2187 797 2236 el
816 2183 952 2251 pendium
972 2185 1004 2236 in
1058 2185 1167 2250 propter
1179 2184 1380 2236 conscientiam.
1397 2182 1510 2251 Siquis
1526 2190 1640 2240 autem
1653 2187 1773 2253 dicerit,
1788 2189 1891 2242 licie*

152 2275 261 2344 Spiritu
281 2278 385 2328 sancto.
407 2272 460 2339 Qui
472 2274 547 2326 enim
561 2274 592 2326 in
613 2271 660 2325 boc
676 2274 759 2325 seruit
780 2272 897 2340 Christo,
917 2273 1004 2340 placet
1060 2272 1149 2324 latum
1163 2276 1201 2324 cst
1216 2271 1312 2339 idolis,·
1328 2273 1413 2325 nolite
1431 2275 1642 2344 manducare,
1665 2282 1785 2346 propter
1802 2275 1891 2341 lineri

153 2365 216 2431 lieo,
237 2367 260 2415 et
271 2362 406 2430 probatus
424 2364 462 2413 cst
479 2360 645 2415 leominibas.
667 2361 762 2426 ltaque
780 2374 840 2427 qua
849 2361 926 2428 pacis
939 2363 1005 2412 sient
1059 2359 1175 2429 indicat,
1200 2364 1225 2412 ct
1244 2365 1355 2429 propter
1372 2364 1610 2418 conscientiam:
1634 2368 1827 2420 conscientian
1842 2372 1891 2417 nu·

154 2454 295 2513 sectemur,
319 2453 343 2501 el
363 2463 423 2516 queo
442 2449 630 2516 edificationis
652 2451 718 2500 scint
742 2450 774 2500 in
789 2450 914 2502 invicem.
940 2448 1005 2502 Noli
1058 2450 1126 2518 dico,
1143 2453 1299 2517 nontuarn,
1314 2450 1359 2503 sed
1375 2451 1508 2504 alterius.
1538 2453 1658 2522 b'tquid
1673 2458 1753 2509 enim
1769 2457 1891 2509 lilerium

151 2541 263 2606 propter
276 2552 362 2590 acam
372 2537 509 2590 destruam
519 2551 584 2605 opus
594 2536 651 2590 liei.
667 2536 768 2591 Omnia
777 2536 886 2603 quidem
901 2536 1005 2588 inundo
1055 2538 1201 2607 iudicatur
1213 2538 1248 2591 ab
1261 2539 1319 2592 alia
1332 2541 1530 2594 conscientia?
1547 2541 1585 2597 Si
1601 2560 1655 2612 epo
1668 2561 1740 2598 cum
1749 2546 1831 2614 protis
1838 2543 1890 2611 pub

151 2629 226 2694 sarit,
241 2625 287 2678 sed
300 2625 408 2677 cisalum
421 2629 458 2677 cst
474 2623 582 2677 bomini
595 2624 879 2691 quiperoffcnsionem
889 2623 1004 2676 rimaclu-
1058 2629 1126 2694 oipo,
1141 2627 1208 2693 quid
1229 2627 1398 2696 blasphemor
1412 2643 1468 2696 pro
1498 2644 1564 2696 quo
1590 2637 1715 2700 pretias
1729 2640 1796 2703 opo?
1806 2633 1892 2695 sires

151 2718 205 2767 eat.
220 2713 327 2768 Bonum
342 2716 379 2766 cst
400 2727 455 2765 rien
474 2711 643 2765 inanducare
659 2726 781 2775 carneos,
797 2715 821 2763 ct
841 2727 897 2765 iton
918 2711 1004 2766 bibere
1059 2716 1242 2784 ntanducalis,
1257 2718 1312 2770 siue
1320 2717 1421 2784 bibitis,
1434 2719 1479 2770 cel
1493 2720 1590 2773 aliud
1602 2723 1683 2789 quid
1696 2724 1798 2791 soritis,
1810 2720 1892 2774 caree

85 2852 90 2860 ,
151 2804 259 2870 uinum,
275 2817 361 2870 neque
374 2803 405 2854 in
419 2816 473 2868 qno
485 2801 575 2868 [rator
588 2804 651 2853 luas
661 2799 817 2868 offaiditur,
833 2804 882 2853 aul
892 2800 1005 2853 scanda-
1058 2806 1177 2873 ploriam
1187 2805 1235 2859 liei
1243 2805 1333 2872 sain.
1345 2804 1411 2860 Sine
1422 2807 1587 2872 allerisionc¹
1601 2814 1694 2865 estotr-
1707 2807 1893 2865 ludebatis

153 2892 267 2958 litatur,
292 2893 343 2946 aul
357 2892 531 2957 infirmatur.
552 2890 591 2943 Tu
611 2889 691 2956 fidem
714 2888 792 2942 babes
809 2902 890 2957 pcrtcs
912 2892 1003 2941 temct-
1058 2899 1083 2946 et
1096 2894 1215 2947 licclesie
1228 2895 1285 2961 liei,
1301 2897 1371 2947 sicut
1387 2898 1474 2963 clepo
1493 2898 1647 2952 omatibus
1666 2915 1723 2969 per
1742 2898 1892 2965 aninum

152 2980 252 3046 ipsum,
277 2976 344 3030 bale
366 2993 459 3032 coram
482 2978 542 3031 lico.
565 2977 663 3032 Beatus
685 2979 734 3045 qui
757 2977 938 3043 conjudicat
962 2992 1003 3028 se·
1058 2998 1113 3036 aon
1128 2983 1335 3051 querensquod
1353 2982 1424 3036 milii
1439 2985 1515 3036 utile
1537 2991 1594 3054 est,
1614 2989 1669 3042 sed
1683 2990 1760 3056 quod
1782 2987 1892 3047 mulius

154 3067 296 3135 calipsum
320 3068 351 3120 ia
370 3082 398 3119 co
419 3066 493 3134 quod
508 3065 617 3134 probat.
642 3064 695 3131 Qui
713 3070 805 3119 autem
823 3066 962 3132 discernit,
979 3065 1004 3118 si
1058 3072 1128 3124 salvi
1144 3073 1223 3138 flaret.
1248 3070 1401 3124 imitatores
1421 3074 1478 3125 orlei
1494 3077 1599 3140 estole,
1628 3078 1712 3130 ment
1732 3082 1758 3131 et
1778 3071 1892 3145 melissi

152 3154 360 3208 ‘manducaverit
380 3155 529 3208 damnatus
552 3159 599 3222 cst,
624 3155 692 3222 quia
712 3170 768 3208 non
791 3170 823 3208 ec
839 3155 898 3222 side.
921 3153 1006 3208 Omne
1059 3160 1081 3228 (l
1097 3160 1158 3216 Cor.
1174 3175 1202 3227 x,
1219 3158 1315 3227 19-33,
1331 3164 1356 3212 et
1368 3175 1405 3228 11,
1422 3159 1461 3231 l).

153 3246 245 3296 autem
259 3242 331 3310 quod
344 3257 400 3295 noa
418 3246 455 3295 est
469 3259 501 3295 ee
513 3243 573 3310 fide,
587 3247 730 3312 peccatum
743 3247 790 3297 cst.
807 3243 935 3297 betericus
949 3258 1003 3296 an·
1094 3249 1138 3303 35.
1158 3249 1285 3318 Apparet
1297 3246 1396 3318 igilur,
1416 3251 1448 3302 ut
1461 3249 1590 3320 opinor,
1615 3268 1684 3325 quo
1703 3254 1763 3310 fine
1776 3270 1793 3308 e
1807 3247 1891 3307 emb·

154 3335 206 3385 tcrn
216 3346 264 3385 nos
272 3332 407 3398 [tristiores
419 3332 616 3385 imbecillitates
630 3333 809 3399 intirmorum
822 3333 965 3398 sustinere,
980 3335 1005 3384 ct
1059 3338 1088 3391 et
1100 3350 1117 3390 e
1130 3335 1195 3390 vino
1211 3335 1247 3391 sit
1256 3335 1468 3391 abstinendum.
1482 3338 1513 3391 ls
1529 3339 1608 3395 tium
1619 3346 1669 3397 est
1680 3343 1796 3414 triplex.
1807 3339 1894 3396 eloe

152 3435 209 3474 non
229 3419 305 3474 nobis
323 3421 439 3489 placere.
464 3421 653 3489 driusaaisquo
670 3424 797 3474 nostrum
812 3423 938 3490 proriam
955 3436 1004 3473 suo
1058 3423 1239 3497 primendem
1259 3424 1489 3492 delectationem,
1511 3442 1586 3498 qnae
1604 3429 1642 3485 in
1664 3431 1714 3486 bis
1732 3430 1840 3487 maxims
1853 3421 1893 3479 ἅ

148 3509 255 3579 placcat
268 3511 299 3563 in
317 3509 428 3577 bonum,
448 3509 485 3563 ad
500 3510 733 3577 edificationem&
753 3510 861 3564 dierum
879 3509 1005 3566 Ultrislus
1058 3512 1157 3568 heberi
1179 3513 1260 3577 solet,
1280 3517 1366 3585 elque
1382 3512 1413 3568 in
1428 3513 1478 3568 teli
1499 3520 1579 3586 potu
1603 3534 1711 3592 usque
1726 3520 1764 3576 ed
1778 3517 1892 3576 οὕτω·

152 3613 208 3652 rica
218 3598 271 3652 sibi
282 3599 389 3667 placuit
404 3597 489 3670 (liora
504 3614 559 3656 nv.
574 3603 600 3651 el
613 3614 658 3668 xv,
673 3597 744 3669 1-3).
1058 3600 1217 3672 pervenire.
1232 3602 1277 3657 Ad
1291 3601 1426 3657 tuendum
1437 3601 1675 3676 infirmitatem,
1687 3606 1892 3682 propterillrpt

187 3687 231 3741 33.
252 3685 364 3741 Satisne
389 3691 509 3757 apparet
531 3687 700 3757 Apostolum
725 3685 765 3742 eis
783 3685 952 3758 praecepisse
971 3690 1005 3741 nt
1058 3689 1253 3753 sacrificentur
1273 3694 1360 3762 elque
1379 3690 1520 3746 libantur.
1543 3693 1582 3749 Et
1604 3697 1696 3767 quod
1720 3696 1890 3753 maximian

152 3790 250 3830 cernes
264 3791 323 3830 non
338 3775 554 3844 manducarent,
569 3791 663 3847 neque
681 3774 781 3830 vinum
795 3773 925 3830 biberent
939 3773 1003 3846 qui·
1058 3779 1256 3835 mentiendum
1275 3784 1328 3847 est,
1347 3782 1464 3851 propter
1483 3779 1692 3854 charitatem,
1714 3803 1753 3843 ne
1767 3778 1891 3841 imbcullir

151 3878 274 3936 cumque
296 3863 438 3918 firmiores
459 3867 564 3931 essent,
583 3864 652 3935 quie
668 3863 798 3918 infirmos
820 3863 1004 3919 ollendebent
1057 3883 1122 3922 rum
1137 3866 1172 3923 ub
1193 3867 1238 3922 his
1257 3867 1468 3923 continentium
1489 3867 1678 3929 offendatur
1697 3867 1890 3931 infirmium

151 3966 212 4006 non
228 3949 268 4006 eis
283 3950 476 4022 congruendo,
493 3954 522 4006 et
535 3950 722 4006 iaciebantnt
743 3954 877 4022 putarent
892 3951 1004 4024 eosqui
1057 3961 1154 4013 eutem
1181 3956 1333 4013 immunde
1359 3972 1420 4012 esse
1451 3956 1581 4014 obsonie
1622 3962 1742 4032 dicitis,
1771 3977 1829 4019 cum
1847 3956 1890 4012 l'rt

151 4038 208 4095 tide
219 4037 316 4095 omnin
329 4038 623 4111 mundejudicebent,
634 4039 665 4094 in
674 4038 845 4112 obsequium
858 4039 1003 4095 idolorum
1056 4045 1208 4117 Apostolus
1222 4045 1320 4101 omnis
1334 4044 1443 4100 munde
1456 4059 1534 4114 esse,
1553 4048 1613 4104 sed
1632 4049 1665 4106 ei
1679 4053 1793 4108 melum
1809 4041 1889 4115 seete

151 4127 284 4185 etelibus
294 4127 387 4200 epulis
401 4132 429 4182 et
444 4131 515 4199 potu
527 4128 603 4183 nolle
617 4127 777 4184 abstineret
791 4129 848 4183 lloc
863 4127 1004 4200 significet
1028 4118 1109 4205 ‘per
1135 4132 1323 4190 offensionem
1350 4132 1518 4190 manducet.
1543 4135 1584 4190 Et
1615 4154 1749 4210 prorsus
1776 4137 1846 4194 credo
1863 4144 1890 4185 tt

151 4217 228 4274 etad
251 4216 413 4274 Corinthios
431 4214 485 4272 hoe
507 4216 592 4272 modo
614 4215 757 4272 scribens:
782 4219 818 4272 lle
831 4219 894 4271 escis
910 4222 1002 4273 utilem
1057 4220 1118 4275 istis
1133 4220 1226 4292 epulis
1235 4219 1392 4292 inquinari,
1403 4235 1437 4275 eo
1452 4219 1517 4292 ipso
1531 4238 1599 4294 quo
1612 4224 1778 4284 immunde
1788 4241 1838 4283 een
1848 4217 1890 4276 1ῐῦ

149 4309 348 4376 sacrificiorum
362 4322 422 4376 que
435 4307 515 4361 idolis
529 4308 722 4377 immolantur,
734 4309 835 4362 scimm
848 4308 915 4374 quia
928 4305 1002 4360 nibil
1057 4309 1183 4366 tremini.
1203 4309 1251 4365 bit
1273 4308 1349 4364 enim
1362 4325 1370 4365 ι
1385 4308 1466 4363 crac
1480 4315 1508 4362 et
1531 4314 1654 4382 conlido
1669 4318 1705 4372 in
1725 4318 1835 4372 omnino
1849 4312 1889 4364 ici

149 4398 304 4452 estidolam
317 4399 348 4451 in
364 4395 478 4461 riiccrtda,
494 4399 518 4449 et
532 4397 604 4465 quod
630 4397 726 4449 niellus
745 4397 815 4451 Deus
839 4397 895 4449 nisi
917 4410 1000 4449 unas.
1056 4401 1123 4467 quio
1137 4399 1210 4453 nibil
1223 4414 1365 4453 commune
1377 4400 1648 4468 peripsum5scdci
1662 4409 1718 4476 qni
1728 4399 1889 4462 sentinari

149 4487 222 4542 Nam
242 4487 292 4540 elsi
310 4490 377 4540 saal
394 4485 444 4553 aui
466 4485 598 4539 dicamur
618 4485 669 4552 dii,
690 4486 745 4538 sive
765 4486 796 4538 in
814 4483 886 4551 calo,
901 4484 956 4536 site
970 4483 1001 4534 in
1055 4488 1123 4557 quid
1139 4504 1281 4543 masmana
1294 4503 1355 4555 esse,
1376 4489 1422 4541 illi
1438 4502 1595 4545 commune
1617 4499 1672 4548 est.
1692 4495 1750 4551 Cui
1767 4498 1849 4551 eumn
1862 4487 1906 4542 tt·

151 4577 242 4643 terra‚·
258 4575 333 4627 nobis
347 4578 438 4627 laona
457 4589 532 4627 unus
550 4573 621 4626 deus
633 4573 725 4641 Pater,
741 4589 772 4627 ea
790 4588 842 4641 quo
856 4573 960 4640 munia,
975 4574 1000 4624 et
1056 4574 1137 4630 bium
1151 4580 1203 4642 est,
1216 4590 1369 4630 commune
1383 4575 1464 4630 illum
1478 4574 1686 4638 immundum
1703 4588 1736 4641 et
1750 4583 1888 4656 inquit&

149 4676 198 4713 nos
210 4664 241 4716 in
256 4663 313 4730 ilio,
334 4665 358 4715 et
373 4677 447 4715 unus
460 4663 595 4717 Dominus
615 4662 691 4715 lesus
707 4660 842 4729 Christus,
857 4675 999 4730 peramat
1057 4663 1190 4719 vocene?
1204 4663 1259 4720 Sed
1272 4665 1391 4719 stultum
1412 4667 1454 4719 est
1467 4664 1631 4726 vobiscum
1646 4687 1742 4744 agore
1755 4673 1792 4728 do
1803 4669 1887 4739 sti-ipit

148 4751 252 4817 onznia,
268 4753 292 4801 cl
306 4764 353 4802 nos
364 4764 415 4817 per
428 4751 529 4818 ipsum.
545 4751 597 4806 Scd
610 4766 667 4804 non
678 4752 709 4807 in
721 4749 849 4805 osoribus
863 4754 899 4803 est
912 4751 999 4804 scien·
1056 4751 1096 4807 ris
1118 4767 1183 4808 cum
1206 4756 1235 4808 et
1255 4751 1399 4807 renonem
1424 4751 1600 4822 pollicendo
1628 4759 1801 4833 decipietis,
1826 4763 1850 4814 et
1864 4765 1887 4808 ti

149 4840 197 4892 lia.
216 4835 333 4902 mildam
352 4840 490 4892 catania
510 4840 673 4893 conscientia
687 4853 739 4893 sua
757 4854 841 4906 usque
860 4838 950 4891 adbuc
967 4836 1000 4893 io
1056 4840 1164 4908 libros,
1189 4840 1219 4895 in
1244 4839 1347 4912 quibus
1367 4855 1473 4911 magne
1497 4846 1543 4897 est
1570 4846 1742 4920 religionis
1769 4828 1906 4904 cinctuti⁵¹

147 4926 230 4982 idolio
244 4927 324 4994 quasi
344 4925 529 4993 idolothytum
544 4928 724 4995 manducant,
740 4931 764 4980 et
777 4928 940 4980 comcieatia
954 4941 998 4980 co-
1054 4928 1131 4984 ielsis
1145 4928 1284 5001 capitibus
1299 4927 1435 4983 immissis
1449 4935 1614 5002 corruptos
1642 4952 1711 4993 esse
1736 4938 1842 4994 dicetis
1859 4932 1905 4999 le:

148 5031 214 5070 rum
226 5030 290 5070 cum
304 5015 340 5067 sil
354 5014 478 5081 intensa,
499 5017 679 5082 inquinatur.
695 5017 762 5072 lisca
773 5019 867 5070 autem
882 5031 929 5068 nos
943 5030 999 5068 oon
1053 5016 1132 5072 tione
1142 5016 1231 5089 igitur
1241 5016 1313 5072 mihi
1326 5016 1497 5089 persuadete
1511 5025 1676 5090 quomodo
1689 5030 1850 5083 vescentem
1859 5024 1904 5076 ct?

146 5104 316 5159 cocornendat
329 5103 390 5156 lieo.
406 5103 497 5170 Neque
510 5105 618 5158 enimsi
631 5105 898 5170 inanducaoerimus,
912 5102 999 5155 abaci·
1053 5122 1103 5162 nes
1117 5104 1313 5178 coinquinent,
1333 5106 1358 5161 si
1369 5105 1430 5160 sine
1444 5105 1505 5161 ulle
1520 5107 1711 5184 offensione,
1734 5116 1799 5172 sine
1816 5110 1886 5172 nllsit
1901 5126 1906 5169 ἰ

146 5194 291 5264 dabimus;
316 5207 401 5261 licque
424 5194 449 5245 si
463 5207 519 5245 oon
540 5193 809 5262 omrsducaverimus,
835 5190 996 5260 dirueretis.
1051 5195 1135 5250 firme
1148 5194 1294 5267 opinione,
1311 5193 1371 5249 sine
1384 5193 1444 5249 ulle
1458 5193 1587 5254 libidine
1604 5207 1799 5261 sumuntur?
1903 5192 1906 5197 ¹

152 5282 236 5339 Videte
253 5286 347 5338 autem
360 5297 394 5337 nc
413 5280 484 5351 [orte
503 5279 556 5335 bae
575 5281 685 5336 licentia
703 5287 792 5338 vestra
805 5283 998 5350 offendiculum
1116 5281 1227 5338 CAPUT
1243 5282 1299 5338 XV.
1314 5310 1349 5324 -
1362 5283 1446 5336 lisam
1458 5286 1602 5344 carnium
1619 5305 1678 5346 cur
1692 5295 1857 5350 interdicunt
1905 5254 1909 5301 Ι

561 5427 567 5440 .
900 5429 905 5440 ,
1399 5371 1558 5428 Mandaei.

146 5429 863 5557 1.¹.iieeel.leccl.r“³¹³⁰“0uuum
880 5428 922 5479 ¹¹¹⁰
943 5427 996 5477 ¹⁰⁰¹
1088 5460 1135 5515 ³⁶·
1159 5457 1259 5530 opere
1278 5457 1404 5530 pretium
1423 5461 1578 5519 esuum
1598 5440 1913 5553 superstitiosam}

177 5554 261 5606 lites.
275 5568 381 5616 novem,
389 5555 495 5620 placeat
504 5553 539 5606 od
553 5553 653 5606 bonam
665 5553 875 5608 educationem.
1087 5557 1093 5588 ¹
1106 5555 1166 5606 bles.
1180 5567 1285 5618 novem,
1300 5566 1359 5608 non
1371 5553 1452 5619 quod.
