3884 6112
101 249 148 303 stt

97 366 279 440 inpetriam,
311 367 498 436 Quintiliano,
527 369 576 441 qui
604 369 763 443 episcopale
788 389 891 429 rrrunns
913 375 953 429 ibi

103 458 230 530 gerebat,
255 458 358 514 littoris
384 460 762 517 commendavit.Fe1·ebaut
785 462 842 518 illae
858 480 954 521 secum

104 546 255 602 memorati
269 548 403 619 martyris
430 548 565 621 reliquias
579 566 585 605 :
606 550 681 616 Quos
695 566 747 606 raon
761 553 869 621 ipncrut
883 554 952 611 San-

100 639 182 693 ctitas
194 641 297 704 uestra,
307 642 341 692 nt
351 636 448 692 scribit
456 637 505 692 illc
517 638 552 693 ad
561 637 782 706 Quintilianum,
793 643 863 696 sicut
872 647 897 696 et
907 658 954 699 nos

96 727 223 792 semmua,
251 742 334 796 quam
357 729 542 782 concernentes
556 727 691 782 borrorare
710 728 828 785 debeatis
850 731 951 802 (Epist.

96 815 174 884 212).
188 816 245 870 Nec
259 815 344 886 longe
360 814 445 870 etiam
457 816 492 870 ab
507 816 560 870 hoc
574 822 704 887 ternpore
720 819 826 874 Uzalim
841 836 871 874 se
885 835 960 876 con-·

95 901 175 965 tulit,
189 901 240 957 ubi
254 901 417 958 Petroniam
433 902 619 959 clarissimam
635 905 771 960 laminam
785 907 820 962 ad
836 907 955 963 muscu-

96 989 171 1056 laam,
184 990 263 1060 quod
283 1007 335 1045 sua
349 1007 435 1046 cansa
449 989 525 1045 idern
547 991 717 1063 Stepbamus
728 993 867 1062 ediderat,
885 997 953 1051 scri·

93 1082 146 1150 pto
157 1076 254 1134 libello
271 1079 474 1135 declarandum
490 1079 625 1151 impulit:
641 1086 800 1154 auctorque
812 1083 867 1139 fuit
882 1086 953 1140 Ero·

94 1165 156 1234 diu,
173 1167 291 1222 utillud
306 1169 467 1240 quoqueub
483 1167 529 1239 iis,
545 1169 595 1240 qni
615 1169 704 1224 sanati
719 1171 820 1226 eadem
841 1173 952 1229 ratione

94 1261 202 1325 essent,
218 1257 399 1329 exigerettlle
410 1259 530 1314 Ciuitate
545 1261 602 1325 liei,
623 1260 669 1315 lib.
680 1262 725 1327 ii,
741 1277 804 1331 cap.
820 1264 836 1317 8
856 1279 884 1318 n.
895 1263 950 1334 tt).

439 1347 551 1402 CAPUT
571 1348 615 1402 Vl.

96 1439 105 1491 l
126 1436 223 1493 Seueri
236 1435 389 1491 Mileuitani
403 1438 522 1507 episcopi
533 1436 631 1492 obitus.
657 1440 673 1492 2
695 1441 733 1494 lle
751 1440 875 1496 Heraclia
890 1457 953 1512 prc-

130 1525 328 1596 sbptero.31n
351 1540 410 1579 eum
427 1526 482 1580 sibi
498 1541 674 1581 successorem
697 1527 868 1597 desipnctnm
892 1531 951 1586 An·

130 1615 259 1681 quatinus
270 1629 361 1668 rerum
375 1613 638 1670 administrationem
651 1617 793 1683 transfert.
807 1620 824 1673 t
837 1620 950 1674 Caisten-

130 1703 217 1757 tiones
236 1704 306 1757 irater
329 1702 522 1758 Adrumetinos
543 1705 687 1759 monachos
709 1719 790 1775 super
805 1709 951 1774 questione

130 1790 269 1859 depretia
282 1796 308 1847 et
321 1792 403 1847 libero
418 1792 543 1848 arbitrio.
567 1797 583 1847 5
607 1793 698 1848 Liberi
721 1794 833 1848 arbitrii
858 1800 951 1850 carrtra

130 1883 254 1947 pralium
270 1881 422 1946 defensores
437 1881 537 1935 adeunt
551 1881 589 1936 ad
602 1882 795 1951 neaustriam,
808 1899 825 1936 a
839 1900 891 1952 quo
902 1885 950 1938 do-

130 1972 238 2036 centur,
266 1972 291 2022 ct
311 1970 449 2038 accipiunt
475 1984 534 2022 cum
560 1969 630 2024 binis
657 1971 778 2039 epistolis
798 1971 897 2026 librum
919 1973 951 2027 de

132 2053 233 2113 Gratia
245 2061 270 2112 et
281 2057 378 2112 Libera
394 2057 528 2123 Arbitrio,
541 2057 579 2111 ad
598 2059 771 2114 Valentinum
786 2063 811 2112 ct
825 2075 884 2114 cerm
904 2062 950 2116 illc

130 2145 284 2200 monachos.
301 2145 424 2200 bAlium
437 2145 474 2200 ad
497 2146 600 2201 cosdem
614 2147 713 2201 librum
727 2147 760 2201 dc
779 2149 951 2219 Correpticne

131 2238 158 2288 ct
172 2233 272 2290 Gratia
284 2235 370 2289 mittit
385 2238 494 2289 sanctus
508 2237 613 2290 Ductor.

133 2325 159 2377 l.
174 2322 295 2377 Severus
310 2321 487 2376 ltlilevitanus
498 2323 659 2395 opiscopus,
674 2326 826 2398 Augustini
843 2327 951 2382 amicus

95 2413 125 2464 ct
135 2409 377 2483 pernecessarius,
388 2411 440 2465 snb
457 2411 524 2465 anni
533 2412 809 2485 quadringentesimi
820 2415 951 2487 vigesimi

96 2499 169 2555 sexti
184 2498 299 2573 initium
324 2515 357 2554 ex
372 2498 497 2554 haesita
513 2501 646 2571 migravit
662 2503 761 2574 (Epist.
787 2508 850 2570 itt,
865 2522 893 2559 n.
914 2505 948 2577 l).

97 2587 205 2643 lsante
221 2592 344 2643 mortem
369 2604 445 2656 earm,
463 2604 548 2661 quem
572 2590 686 2647 volebat
711 2593 764 2648 sibi
789 2594 950 2665 succedere,

95 2677 280 2749 designarem
298 2676 345 2731 sed
360 2693 421 2732 rem
441 2679 560 2750 populo,
573 2680 615 2735 nti
629 2697 681 2753 par
696 2686 765 2747 erat,
789 2699 950 2755 proponere

95 2765 218 2836 insuper
226 2766 345 2832 habens,
358 2767 488 2822 sulficere
500 2767 682 2838 existimarit,
692 2770 773 2826 illum
781 2788 880 2826 eornm
892 2771 950 2826 suis

94 2852 207 2908 clericis
226 2853 392 2909 instituisse.
421 2855 471 2910 llic
496 2861 592 2911 autem
622 2857 748 2913 deiectus
776 2876 860 2914 carisa
885 2860 947 2923 init,

94 2957 146 2998 cur
160 2959 195 2998 eo
220 2947 336 2998 mortuo
357 2944 478 3015 nequid
496 2945 646 3000 turbarum
672 2946 702 3001 in
716 2947 799 3018 plebe
814 2948 948 3018 oriretur,

94 3031 296 3087 subtimerent.
311 3032 447 3097 erocirca
461 3033 572 3101 iratres,
596 3034 746 3103 nimirum,
762 3041 794 3091 nt
808 3037 949 3108 conjicere

94 3120 175 3187 licet,
190 3118 285 3174 clerici
300 3124 385 3191 atquo
401 3120 432 3174 in
454 3121 555 3192 primia
576 3122 649 3177 servi
674 3124 734 3191 Dei,
761 3124 814 3179 hoc
832 3130 874 3180 est
888 3141 949 3181 mo·

93 3207 182 3263 nacbi
216 3207 407 3279 Augustinum
435 3213 584 3279 rogarunt,
615 3214 647 3264 ut
679 3212 714 3267 ad
741 3213 949 3270 consulendum

92 3295 300 3368 tranquillitati
319 3296 367 3351 illa
383 3297 536 3353 accederet.
562 3299 725 3371 Adspiravit
738 3301 764 3356 ei
780 3302 876 3359 divina
890 3305 947 3359 clo-

93 3385 216 3456 mentia,
232 3390 260 3441 et
273 3402 438 3458 quanquam
458 3388 590 3442 nonnulli
611 3389 797 3446 offensionem
823 3392 947 3466 aliquam

91 3474 130 3528 ob
156 3473 310 3529 consilium
325 3475 378 3529 boc
392 3491 408 3528 a
423 3474 528 3530 Severo
552 3476 608 3531 sibi
631 3493 689 3532 nou
705 3480 948 3537 communicatum

92 3580 155 3636 prae
170 3579 200 3618 se
215 3562 361 3628 iacebant;
379 3566 476 3618 tamen
494 3563 555 3619 haec
570 3565 694 3621 tristitiae
718 3568 859 3625 nubecula
879 3587 948 3625 con·

91 3652 190 3708 testim
203 3667 304 3707 sereno
318 3651 423 3706 leutitiae
443 3653 536 3719 cessit,
552 3657 659 3710 etcum
675 3655 801 3726 primum
817 3657 948 3730 designa·

93 3748 159 3796 tuns
170 3740 224 3796 sibi
235 3741 364 3795 futurum
377 3743 530 3812 praesulcm
544 3758 714 3814 cognovere,
728 3745 810 3800 illum
821 3748 948 3802 volentes

93 3830 283 3902 iubentesque
297 3845 450 3901 accepere:
466 3847 523 3901 quo
547 3835 629 3903 pacto
644 3838 743 3904 pacate
769 3851 801 3888 ac
824 3835 859 3889 de
879 3853 948 3890 con·

92 3918 948 3978 sensuomniumconsecratusest.Inductusfuithascerentn

92 4007 284 4080 Augustinus,
296 4011 329 4064 ut
343 4009 418 4080 apud
433 4024 462 4063 se
478 4009 572 4064 denuo
587 4010 744 4065 resolveret
759 4011 856 4065 turbas
871 4012 945 4080 illas,

91 4113 166 4171 quas
178 4113 255 4168 saepe
271 4112 391 4152 numero
403 4098 433 4152 in
448 4096 510 4151 aliis
525 4097 654 4152 Ecclesiis
667 4103 733 4170 post
747 4099 947 4171 episcoporum

92 4190 230 4257 mortem,
245 4186 347 4240 horum
364 4185 532 4255 ambitione,
547 4185 673 4241 illorum·
688 4192 755 4241 nato
778 4188 812 4242 ad
829 4193 946 4243 conten-

88 4274 317 4345 tionaaingenio
341 4274 474 4328 excitatas
500 4290 558 4329 non
585 4273 646 4330 sine
675 4275 772 4330 doloro
787 4283 944 4348 aspexerat.

93 4365 168 4434 Ergo
183 4362 337 4419 arbitratus
363 4366 462 4417 natum
481 4379 511 4417 se
526 4362 637 4417 duobus
655 4378 742 4433 supra
766 4367 946 4437 septuaginta

91 4451 176 4507 annis
190 4451 276 4507 vitam
288 4451 410 4506 multum
420 4452 574 4522 producere
582 4452 642 4522 jam
652 4467 709 4505 non
720 4467 812 4523 posse,
824 4454 947 4510 decrevit

90 4539 255 4614 prospicere
272 4540 402 4595 Ecclesiae
419 4556 477 4595 sne
491 4539 646 4606 securitati,
670 4557 790 4611 eamque
817 4543 854 4597 ob
873 4559 944 4611 rem,

90 4630 157 4703 quis
172 4629 228 4685 sibi
252 4645 434 4684 successurus
457 4632 541 4696 esset,
558 4628 718 4701 designare.
744 4630 774 4685 ld
789 4646 824 4685 ne
851 4632 943 4700 fieret,

92 4719 215 4775 Ecclesia
238 4720 412 4791 quandoque
431 4716 598 4790 prohibuit:
619 4734 719 4774 varum
748 4718 779 4774 in
805 4721 945 4792 ejusmodi

91 4808 189 4877 rebus,
204 4825 270 4880 qnae
284 4825 336 4881 per
351 4824 380 4862 se
395 4823 489 4879 neque
500 4806 575 4861 inter
588 4807 663 4862 bona
673 4824 767 4881 neque
783 4809 858 4864 inter
870 4810 946 4864 mala

90 4899 266 4962 referuntur,
287 4898 388 4953 eadem
410 4896 531 4951 Ecclesia
545 4912 606 4951 rem
620 4897 750 4952 camdem
777 4899 861 4953 modo
878 4914 945 4968 pcr-

90 4987 217 5054 mittere,
232 4985 317 5041 modo
343 4985 496 5057 prohibere
518 4988 620 5057 potest,
637 4990 722 5057 prout
736 4986 945 5041 conducibilius

86 5075 267 5148 judicaverit.
283 5077 319 5130 At
333 5079 407 5129 certa
423 5073 579 5146 prohibitio
600 5074 649 5130 illa
663 5075 698 5129 de
713 5091 874 5129 successore
890 5076 944 5131 sibi

90 5164 266 5219 instituendo
272 5164 302 5219 id
308 5163 633 5235 temporisnequaquam
641 5162 822 5217 obtinebatin
831 5162 924 5218 Africa
936 5184 943 5233 ;

89 5253 206 5325 qnando
223 5257 336 5307 sanctus
356 5251 533 5323 Augustinus
549 5255 576 5307 et
597 5251 658 5321 ipse
683 5250 735 5305 sibi
752 5267 943 5307 successorem

88 5341 379 5413 designarit,etidem
389 5341 496 5396 iliudin
505 5342 608 5396 Severo
624 5339 819 5410 comprobavit
830 5344 944 5411 ;estqne

90 5434 171 5484 extra
185 5446 302 5484 ornnem
318 5428 549 5495 controversiam,
563 5444 640 5497 cum,
655 5432 686 5482 ut
698 5428 752 5482 boc
765 5427 879 5491 iaceret,
893 5445 944 5483 ricc

89 5518 248 5574 ambitione
264 5534 316 5573 nee
329 5517 453 5590 propriae
481 5516 611 5573 utilitatis
627 5516 720 5571 studio
736 5517 865 5583 ductum,
895 5519 942 5573 sed

833 252 934 307 Aluan
955 249 1120 307 OCTAVUS.
1810 255 1862 310 stu

1011 390 1101 428 unum
1118 373 1248 428 Ecclesiae
1263 372 1446 428 commodum
1466 373 1520 428 sibi
1544 374 1737 445 proposuisse.
1763 377 1861 449 ltaque

1011 479 1139 518 resersus
1154 463 1254 518 llilero
1266 462 1311 517 die
1320 451 1440 528 sabbati,
1453 461 1575 533 septimo
1589 462 1726 518 kalendas
1740 465 1862 520 octobris

1010 552 1078 606 anisi
1092 567 1178 623 supra
1193 549 1647 623 quadringentesimumvigesimi
1657 550 1736 620 sexti,
1749 551 1862 622 plebem

1008 641 1119 714 rogavit
1128 641 1157 695 in
1169 640 1323 696 crastinum
1332 647 1436 713 quanta
1449 640 1572 695 maxima
1588 644 1683 712 posset
1698 639 1862 713 frequentia

1009 731 1181 797 conveniret,
1197 731 1232 786 dc
1252 729 1415 784 semanimi
1431 729 1570 785 momenti
1585 728 1727 784 auditura.

1043 825 1069 876 2.
1097 821 1188 892 Igitur
1213 819 1357 875 dominico
1388 819 1444 889 die,
1470 824 1548 874 sexto
1570 818 1707 874 kalendas
1734 818 1860 889 ejusdem

1008 910 1123 979 niensis,
1144 908 1174 964 in
1190 909 1336 965 basilicam
1356 908 1435 963 Pacis
1459 907 1860 980 Hipponensiurn-Regiorum

1008 999 1257 1054 coivitnumcrosa
1272 997 1372 1069 plebs;
1390 1013 1447 1068 quo
1461 994 1547 1052 etiam
1561 996 1737 1067 Augustinus
1750 995 1862 1051 duobus

1008 1087 1159 1160 episcopis,
1175 1086 1323 1158 Religiano
1340 1090 1368 1140 et
1392 1085 1570 1152 Alartiniana,
1586 1089 1695 1156 septem
1715 1083 1860 1157 presbyte-

1007 1177 1058 1246 ris,
1087 1193 1119 1230 ac
1147 1175 1266 1247 reliquis
1291 1192 1306 1229 e
1331 1175 1406 1229 clero
1430 1174 1633 1231 comitantibus
1656 1173 1736 1229 venit
1755 1174 1862 1244 (lem).

1007 1265 1186 1331 Sermonem,
1210 1266 1243 1317 ut
1268 1262 1312 1316 sui
1335 1262 1423 1316 moris
1443 1266 1513 1328 erat,
1530 1262 1641 1316 nullum
1662 1261 1773 1330 babuit,
1800 1278 1862 1317 cer·

1007 1358 1052 1407 lus
1067 1369 1127 1424 prae
1152 1351 1331 1423 impatientia
1347 1350 1546 1422 cognoscendi,
1574 1365 1638 1422 quac
1655 1366 1684 1406 sc
1704 1351 1861 1407 relaturum

1007 1441 1189 1515 promiserat,
1214 1441 1354 1512 populum
1369 1438 1404 1494 ad
1420 1439 1476 1494 alia
1491 1439 1619 1494 animum
1644 1439 1790 1494 advertere
1804 1455 1862 1495 non

1006 1547 1097 1602 posse.
1115 1532 1294 1601 Quapropter
1316 1545 1380 1584 cum
1406 1529 1503 1600 paucis
1518 1527 1726 1600 proposuisset,
1744 1532 1861 1601 quantae

1007 1620 1060 1674 sibi
1075 1624 1150 1674 esset
1165 1618 1352 1684 necessitatis,
1368 1617 1460 1688 plebis
1475 1633 1534 1671 snm
1545 1616 1609 1688 paci
1620 1617 1784 1672 consulere:
1800 1633 1863 1689 pro.
1885 1678 1889 1686 ⁸

1006 1709 1097 1764 fessus
1106 1712 1158 1774 est,
1171 1707 1438 1774 utincommodnm,
1451 1706 1529 1778 quod
1538 1705 1631 1761 llilevi
1641 1706 1775 1760 obortum
1786 1709 1859 1776 erat,

1006 1794 1804 1867 ingeret,nullamqueansamquerimoniarumcariquam
1818 1811 1862 1849 re·

1005 1885 1160 1956 linqueret,
1176 1884 1320 1939 declarare
1331 1900 1360 1937 se
1375 1884 1551 1938 voluntatem
1566 1900 1657 1950 suam,
1674 1900 1760 1956 qnam
1771 1888 1800 1938 et
1813 1883 1859 1938 di-

1008 1974 1079 2028 vium
1095 1988 1249 2028 consonam
1261 1972 1388 2043 putabat,
1398 1972 1550 2038 baucesse,
1564 1976 1596 2026 ut
1608 1971 1733 2027 Eraclius
1742 1972 1859 2044 presby-

1006 2067 1049 2117 ter
1065 2061 1118 2117 sibi
1134 2061 1166 2116 in
1181 2061 1374 2133 episcopatum
1390 2060 1562 2115 succederet.
1582 2060 1632 2115 Cui
1647 2060 1742 2115 statim
1758 2075 1858 2114 omnes

1006 2168 1070 2207 cum
1086 2152 1188 2222 plausu
1204 2155 1233 2204 et
1248 2148 1451 2204 acclamatione
1468 2149 1615 2221 suffragati
1632 2153 1707 2204 sunt.
1731 2149 1857 2203 Eraclius

1006 2243 1112 2306 alitem,
1129 2238 1187 2292 sive
1203 2237 1356 2305 Heraclius,
1374 2253 1431 2308 quo
1443 2237 1561 2292 nomine
1576 2237 1721 2292 interdum
1735 2237 1859 2310 appella-

1006 2333 1063 2395 tur,
1080 2333 1189 2399 septem
1203 2328 1447 2399 presbyterorum,
1462 2325 1586 2399 quicum
1598 2328 1694 2380 sancto
1717 2325 1860 2398 Episcopo

1005 2421 1158 2489 praesentes
1169 2417 1287 2472 aderant
1300 2415 1330 2470 in
1342 2431 1375 2470 eo
1385 2419 1538 2483 conventu,
1548 2413 1852 2484 nominatnrultimus,

1006 2506 1083 2561 unde
1093 2505 1283 2576 colligaseum
1296 2521 1330 2559 ex
1344 2504 1543 2576 antiquiorum
1556 2519 1677 2559 numero
1687 2519 1746 2558 non
1758 2502 1857 2558 tuisse.

1007 2595 1088 2650 Certe
1108 2593 1223 2664 quidem
1239 2599 1299 2647 crat
1322 2594 1414 2647 adhuc
1427 2592 1551 2664 juvenis,
1568 2610 1600 2648 ac
1614 2592 1780 2647 diaconatus
1795 2591 1858 2646 oili·

1006 2682 1050 2736 cio
1079 2686 1190 2736 tantum
1218 2680 1392 2751 tangebatur
1419 2681 1512 2751 (ibici,
1541 2697 1568 2735 n.
1594 2681 1630 2749 s),
1653 2696 1709 2752 quo
1728 2684 1858 2751 tempore

1005 2769 1182 2841 Augustinus
1197 2769 1347 2824 Sermones
1365 2769 1400 2823 dc
1414 2769 1472 2823 rita
1496 2774 1524 2822 et
1546 2767 1673 2822 moribus
1689 2767 1859 2839 clericorum

1005 2873 1122 2912 ariorum
1147 2857 1342 2928 pronuntiavit
1367 2858 1462 2929 (serm.
1492 2860 1554 2923 356,
1580 2873 1609 2911 n.
1636 2857 1673 2925 7).
1700 2857 1765 2928 Ejus
1789 2873 1857 2911 vero

1002 2946 1136 3018 jamtum
1151 2947 1221 3002 adeo
1236 2947 1294 3000 vita
1307 2946 1462 3013 eminebat,
1475 2950 1507 3000 ut
1519 2944 1657 3017 gaudium
1672 2945 1777 3000 iaceret
1791 2961 1855 2999 san·

1006 3036 1043 3089 cti
1059 3037 1202 3103 Prmsulis,
1216 3035 1265 3107 qni
1279 3050 1460 3107 nequaquam
1470 3033 1592 3088 habebat
1606 3049 1720 3088 necesse
1736 3033 1854 3105 populo.

1005 3124 1050 3179 cni
1064 3125 1153 3196 probe
1169 3128 1254 3179 notus
1270 3124 1316 3178 ille
1332 3129 1402 3189 erat,
1417 3129 1444 3177 et
1458 3139 1473 3177 a
1487 3138 1544 3193 quo
1559 3121 1670 3176 nemini
1686 3137 1745 3177 non
1758 3120 1858 3177 luisset

1005 3213 1193 3284 antepositus,
1209 3212 1368 3284 quidquam
1382 3210 1476 3266 dicere
1496 3210 1527 3265 in
1548 3210 1610 3281 ejus
1636 3209 1858 3265 commendatio-

1005 3318 1083 3371 nem,
1099 3317 1135 3356 ne
1151 3302 1232 3372 cnjus
1247 3300 1416 3373 sapientiam
1432 3300 1611 3373 praedicaret,
1626 3300 1745 3354 tederet
1759 3299 1857 3355 mode·

1005 3390 1088 3445 stiam
1101 3390 1204 3462 (Epist.
1219 3393 1282 3457 2¹3,
1298 3406 1324 3444 n.
1346 3389 1383 3459 a).
1400 3389 1503 3459 lpsius,
1521 3389 1633 3444 diaconi
1652 3389 1754 3457 adbuc,
1770 3403 1858 3460 opera

1004 3478 1033 3533 in
1053 3479 1141 3533 ocrrlis
1157 3477 1281 3533 universi
1302 3479 1400 3549 populi
1415 3477 1574 3532 radiabant.
1591 3479 1717 3547 Apparet
1731 3475 1856 3531 baeredi·

1004 3572 1090 3622 tatem
1105 3572 1255 3638 paternam
1273 3565 1314 3620 illi
1330 3565 1478 3620 obvenisse
1488 3565 1644 3619 admodum
1656 3565 1831 3618 luculentam
1844 3581 1851 3631 ;

1004 3673 1089 3728 qnam
1119 3655 1224 3727 partim
1251 3655 1407 3709 excitanda
1423 3653 1569 3708 memoriae
1590 3652 1728 3725 Martyris,
1755 3652 1783 3707 id
1812 3656 1856 3707 cst

1004 3745 1092 3799 sancti
1105 3744 1252 3815 Stephani,
1268 3743 1511 3815 quamadmodum
1537 3742 1631 3797 risum
1651 3740 1732 3797 nobis
1757 3758 1854 3814 supra,

1004 3833 1205 3903 insumpserat,
1221 3832 1326 3904 partim
1337 3831 1508 3903 Augustino,
1525 3836 1611 3903 prout
1626 3830 1712 3885 satius
1727 3847 1786 3885 essa
1807 3830 1854 3903 ju-

1004 3922 1119 3989 dicaret,
1136 3921 1362 3977 distribuendam
1389 3920 1500 3975 tradere
1529 3921 1666 3976 soluerat.
1683 3920 1716 3974 Et
1730 3924 1814 3985 certe,
1832 3919 1855 3973 si

1003 4026 1060 4081 qua
1080 4010 1210 4081 pecuniae
1231 4009 1385 4080 cupiditate
1400 4012 1513 4064 sanctiss
1538 4009 1645 4064 Praesnl
1666 4009 1767 4064 ductus
1786 4006 1855 4062 inis-

1003 4103 1055 4165 set,
1072 4115 1124 4154 ncc
1140 4098 1216 4153 aliud
1233 4098 1288 4152 nisi
1303 4113 1473 4169 pauperum,
1487 4113 1609 4168 quorum
1625 4097 1659 4151 ad
1672 4095 1856 4166 suspectabat

1003 4203 1080 4253 cura,
1095 4185 1281 4258 indigentiam
1297 4186 1512 4250 considerasset,
1532 4201 1591 4239 non
1614 4188 1674 4238 erat
1694 4182 1855 4238 istiusmodi

1003 4275 1111 4329 donum
1126 4275 1301 4344 rejecturus:
1319 4288 1419 4327 veram
1434 4288 1498 4327 curn
1521 4272 1605 4325 lamec
1626 4286 1684 4324 sirm
1700 4269 1852 4335 rationem,

1002 4380 1060 4417 nam
1075 4380 1136 4429 sua,
1150 4362 1198 4417 sed
1214 4362 1305 4432 plebis
1321 4361 1375 4416 sibi
1394 4361 1552 4417 commissas
1575 4374 1659 4413 causa
1681 4357 1749 4430 (ipsi
1776 4357 1854 4413 enim

1001 4451 1160 4506 subiciebat
1173 4451 1297 4523 propriae
1325 4449 1506 4505 conscientiae
1530 4445 1748 4516 testimoninm),
1764 4447 1854 4502 maxi-

1001 4556 1079 4595 mam
1092 4539 1226 4607 baberet,
1238 4543 1337 4595 auctor
1350 4538 1461 4594 Eraclia
1477 4535 1537 4598 luit,
1549 4539 1581 4590 nt
1590 4536 1643 4590 hac
1653 4535 1776 4608 pecunia
1791 4536 1855 4591 iun·

1001 4630 1070 4684 darm
1086 4633 1205 4684 emeret.
1223 4629 1321 4684 Paruit
1341 4628 1389 4682 illc
1404 4626 1450 4680 isti
1473 4624 1603 4690 consilio,
1620 4630 1647 4678 et
1662 4640 1762 4696 agrum
1777 4626 1855 4681 husie

1002 4717 1131 4773 Ecclesia
1146 4718 1266 4786 largitus
1280 4719 1331 4770 est.
1359 4713 1445 4785 Atqui
1469 4712 1546 4767 uliud
1571 4711 1658 4768 etiam
1680 4730 1740 4785 prae
1765 4715 1853 4769 oculis

1000 4806 1123 4862 babebat
1136 4806 1212 4861 idem
1227 4806 1346 4861 Sanctus
1357 4819 1364 4856 :
1375 4804 1481 4871 {Fateor
1495 4804 1566 4855 enim
1585 4802 1670 4869 uobis,
1687 4802 1781 4874 inquit
1805 4802 1852 4857 ille

1002 4897 1035 4951 od
1051 4895 1203 4967 populum,
1213 4895 1309 4962 etipsa
1319 4895 1443 4962 suspecta
1453 4891 1523 4945 mibi
1531 4891 1620 4947 adbuc
1635 4894 1692 4962 ejus
1702 4895 1767 4947 aetos
1776 4893 1851 4958 tuit:

1000 4990 1025 5040 et
1039 4985 1149 5039 uerebar
1160 4999 1193 5037 nc
1206 4983 1287 5048 sorta
1302 4985 1331 5035 nt
1345 4984 1408 5034 sacrat
1423 4980 1552 5047 Aemines,
1568 4982 1653 5035 matri
1663 4980 1721 5049 ejus
1735 4981 1781 5034 boc
1796 4978 1852 5033 dis·

997 5075 1126 5144 plicaret:
1142 5076 1167 5127 et
1184 5072 1284 5126 eliceret
1297 5069 1436 5124 inductum
1450 5084 1467 5122 a
1481 5084 1522 5124 me
1537 5071 1624 5136 facisse
1649 5069 1850 5132 adolescentem,
1921 5082 1926 5090 ·

1000 5168 1029 5219 ut
1049 5163 1116 5217 bona
1129 5163 1187 5232 ejus
1206 5164 1322 5230 paterna
1344 5173 1533 5222 consumerem,
1550 5163 1574 5214 et
1588 5174 1647 5212 eum
1668 5160 1785 5223 epentem
1806 5170 1852 5209 re-

1000 5254 1157 5320 linquerem.
1174 5250 1235 5304 idco
1249 5249 1334 5302 coluit
1348 5248 1405 5317 ejus
1418 5250 1563 5317 pecuniam
1586 5250 1615 5300 in
1629 5247 1678 5300 illc
1686 5245 1851 5314 possessione

1000 5340 1105 5392 seruari
1115 5355 1122 5404 ;
1134 5343 1163 5391 ut
1178 5339 1204 5392 si
1216 5336 1335 5405 aliquid,
1351 5336 1423 5406 qrcod
1438 5340 1507 5393 Deus
1531 5339 1647 5399 auertat,
1672 5333 1754 5389 utitor
1768 5349 1851 5402 quum

1001 5426 1272 5494 uotrcmuseacnisset,
1287 5425 1446 5480 redderetur
1459 5427 1537 5489 cillo,
1562 5438 1594 5477 nc
1615 5424 1771 5493 culparetur
1789 5424 1850 5494 epi-

1000 5519 1075 5586 scopi
1088 5517 1175 5582 fama.
1189 5503 1333 5573 Scio'ersim
1348 5521 1479 5586 quaestum
1494 5514 1567 5569 uobis
1582 5515 1619 5568 sit
1642 5517 1720 5580 sumu
1732 5528 1789 5568 mea
1802 5529 1851 5569 nc-
