3884 6112
635 274 682 329 DE
701 272 832 329 LIBERO
850 270 1031 338 enarrate,
1053 269 1080 326 S.
1101 269 1294 328 AUGUSTlNl
1795 273 1852 328 trra

88 284 155 338 tart

86 404 165 478 qnod
180 401 420 459 absurdissimum
436 399 612 468 estetlonge
625 411 642 450 a
655 394 772 451 raritate
786 394 939 460 seclusum,
995 392 1065 448 catis
1078 392 1193 461 nostris,
1209 397 1237 448 et
1251 397 1382 449 nostrum
1400 394 1432 449 in
1453 394 1609 466 peccando
1638 393 1774 450 liberum
1791 397 1857 451 arbi

85 510 146 550 non
160 498 188 550 te
202 493 346 547 volentem
361 489 478 545 beatum
505 487 644 541 futurum.
660 484 740 541 Sient
762 493 811 539 aut
832 483 935 539 voluu-
989 483 1088 538 trium.
1108 483 1178 538 Nam
1196 487 1225 537 et
1238 483 1349 556 justum
1360 484 1450 538 Deum
1464 498 1585 538 necesse
1602 487 1651 538 cst
1666 483 1825 554 fateamur,
1834 488 1857 538 et

86 587 175 639 tatem
189 578 386 647 beatitudinis,
399 592 463 632 eum
477 591 537 630 esse
552 573 673 646 ceperis
686 573 797 644 beatus,
812 589 869 629 uon
885 571 939 628 tibi
992 571 1155 644 praescium.
1171 570 1225 625 Sed
1240 570 1482 644 acircvellemqua
1494 571 1616 642 justitia
1627 571 1740 642 puniat
1750 577 1860 642 peccata

87 672 181 726 aufert
193 667 371 742 prescientia
385 666 446 733 Dei,
460 680 524 736 que
539 663 683 734 hodieque
706 663 741 718 de
767 668 818 718 tua
843 662 939 717 futura
993 674 1058 731 que
1073 673 1188 714 necesse
1202 661 1246 713 cst
1259 658 1343 726 fieri;
1363 663 1412 714 aut
1425 659 1576 732 quomodo
1595 674 1662 713 non
1688 659 1730 713 sit
1752 675 1860 715 necesse

86 758 265 815 beatitudine
280 760 357 810 certa
371 758 429 808 est:
443 753 484 807 sic
496 751 582 807 etiam
597 749 896 821 voluntaseulpabilis,
914 747 938 803 si
992 746 1055 803 lieri
1061 764 1125 819 que
1138 747 1235 802 interra
1241 763 1302 802 esse
1310 748 1465 819 prescivit;
1477 752 1528 803 aut
1537 749 1699 819 quomodo
1710 749 1859 804 nonCrea-

89 863 147 920 qua
162 847 192 901 in
207 851 234 900 te
248 845 345 899 lutura
360 847 411 911 est,
422 844 644 912 nonpropterea
656 839 785 893 voluntas
799 854 858 893 non
873 836 937 905 erit,
992 836 1049 892 tori
1063 836 1262 907 deputandum
1278 841 1331 906 est,
1346 836 1487 911 quidquid
1500 837 1533 892 in
1550 838 1621 909 ejus
1650 841 1792 893 creature
1804 837 1860 893 lieri

89 934 227 1008 quoniam
244 935 318 988 Deus
337 947 401 986 eum
415 931 541 985 futuram
555 944 616 984 esse
627 928 779 1000 prescivit.

993 941 1107 981 neeesse
1122 929 1174 980 est.

123 1027 149 1079 8.
161 1021 285 1077 Attende
299 1020 386 1085 enim,
402 1035 511 1090 queso,
535 1020 642 1089 quante
670 1016 795 1071 cecitate
815 1015 937 1081 dicatur,
1031 1016 1074 1071 to.
1089 1015 1125 1068 A.
1142 1014 1222 1069 Unde
1242 1013 1295 1069 tibi
1321 1014 1431 1070 videtur
1456 1015 1615 1070 adversum
1645 1031 1713 1069 esse
1742 1015 1859 1071 libemm

85 1109 478 1183 Siprescivitlleusinturam
489 1107 667 1161 voluntatem
683 1120 788 1171 meam,
800 1103 939 1175 quoniam
994 1103 1144 1158 arbitrium
1159 1106 1289 1158 noe-trum
1295 1102 1482 1174 praescientiae
1497 1103 1576 1158 liei?
1589 1102 1666 1174 quia
1679 1103 1859 1175 prescientia

87 1199 159 1255 nihil
175 1199 257 1253 aliter
270 1202 365 1270 potest
377 1196 440 1251 fieri
451 1211 539 1268 quam
549 1193 701 1266 prescivit,
722 1209 836 1248 necesse
851 1195 940 1247 estut
994 1195 1046 1259 est,
1062 1207 1099 1246 en
1113 1190 1181 1262 quia
1196 1190 1248 1246 Dei
1262 1191 1441 1263 prescientia
1456 1193 1524 1247 est?
1536 1193 1576 1247 Ε.
1587 1191 1668 1257 Quia
1679 1192 1743 1247 -nei
1758 1193 1857 1264 potius.

86 1289 173 1343 velim
187 1286 325 1360 quodille
339 1284 500 1358 prescivit3
517 1283 540 1338 si
553 1287 649 1337 autem
670 1297 784 1337 necesse
800 1286 852 1348 est,
878 1296 939 1335 non
993 1279 1241 1351 abstergere
1251 1284 1281 1334 tu
1291 1280 1635 1352 prescirespeccaturum
1651 1281 1856 1354 essealiquem,

85 1375 316 1447 jamvoluutate,
330 1373 379 1428 sed
395 1372 561 1427 necessitate
575 1371 605 1426 id
632 1386 678 1424 me
696 1370 768 1425 velle
789 1368 939 1425 latendum
993 1386 1053 1425 uon
1069 1374 1269 1424 essetnecesse
1285 1371 1533 1440 utpeccaret‘lls'.
1561 1370 1630 1424 lmo
1653 1387 1780 1426 necesse
1794 1375 1858 1426 esset

88 1468 140 1520 est.
157 1465 179 1519 0
196 1463 345 1517 stultitiam
362 1460 552 1532 singularem!
565 1459 715 1524 Quomodo
730 1473 798 1529 ergo
813 1474 872 1513 non
886 1474 938 1529 po·
993 1463 1026 1514 ut
1039 1463 1183 1531 peccaret:
1195 1457 1338 1529 nonenim
1346 1457 1427 1513 aliter
1434 1463 1510 1514 essct
1520 1459 1857 1530 prescientiameu,uisi

87 1556 144 1607 test
157 1551 235 1606 aliud
252 1549 314 1603 lieri
328 1563 415 1620 quam
429 1547 571 1619 praescivit
584 1548 669 1614 Deus,
694 1546 717 1600 si
732 1547 862 1601 voluutas
880 1561 940 1600 non
994 1554 1070 1604 certa
1084 1548 1257 1620 prescirem.
1273 1549 1309 1604 A.
1325 1549 1388 1602 Nou
1403 1547 1577 1621 igiturquia
1603 1549 1658 1604 Dei
1679 1551 1858 1621 praescientia

88 1640 252 1711 crit,quam
265 1636 577 1692 voluntatemiuturam
591 1634 839 1707 illepresciscrit‘l
853 1634 940 1691 Omit-
994 1642 1046 1705 est,
1063 1652 1175 1692 necesse
1196 1642 1239 1690 est
1266 1635 1328 1691 lieri
1357 1652 1421 1708 que
1445 1635 1621 1707 prescierit,
1648 1638 1705 1692 sed
1738 1644 1856 1694 tantum·

87 1732 118 1784 to
137 1728 208 1783 illud
224 1743 307 1799 eque
335 1730 558 1792 monstruosum,
585 1725 662 1796 qnod
689 1725 774 1797 paulo
799 1728 864 1779 aute
879 1722 938 1779 dixi

89 1817 224 1872 eumdem
240 1814 387 1870 hominem
403 1814 509 1882 dicere,
535 1814 652 1868 Necesse
676 1818 718 1868 est
742 1817 773 1867 ut
786 1813 827 1868 ite
841 1812 937 1877 velim,

90 1904 141 1977 qui
156 1903 325 1960 necessitate
341 1903 487 1974 supposita
500 1902 611 1956 auierre
626 1902 728 1956 nititur
740 1901 939 1956 voluntatem¹.

89 1993 118 2048 Si
132 1992 209 2047 enim
224 2007 338 2047 necesse
354 1996 395 2046 est
411 1995 442 2046 ut
456 1991 532 2057 velit,
545 1990 620 2045 unde
634 1990 711 2045 volet
725 2005 791 2044 cum
809 1990 941 2044 voluntas

88 2098 147 2137 uon
157 2079 322 2152 erit?,0uod
337 2081 360 2134 si
375 2095 434 2134 non
443 2080 589 2134 hocmodo
599 2079 713 2146 dixerit,
724 2079 774 2134 sed
785 2078 888 2134 dixerit
899 2093 940 2146 se,

90 2171 159 2242 quie
172 2184 288 2225 necesse
303 2172 345 2222 est
369 2174 401 2223 ut
412 2169 491 2236 velit,
515 2168 607 2239 ipsam
632 2169 804 2223 voluntatem
819 2167 850 2223 in
865 2172 942 2239 pote

89 2262 161 2314 state
177 2273 234 2312 non
250 2257 375 2312 habere:
392 2260 558 2311 occurretur
571 2272 604 2310 ex
619 2273 653 2311 eo
669 2257 745 2328 quod
756 2256 817 2329 ipsc
832 2255 941 2323 dixisti,

91 2360 157 2399 cum
173 2360 334 2415 quaererem
350 2349 448 2399 utrum
461 2344 567 2399 invitus
581 2345 681 2399 beatus
696 2345 810 2400 iuturus
831 2345 882 2399 sis:
892 2359 941 2398 re·

91 2429 234 2500 spondisti
250 2429 328 2484 enim
344 2429 422 2500 quod
433 2429 494 2499 jam
508 2445 583 2483 esses
595 2430 706 2499 beatus,
719 2431 742 2485 si
756 2435 883 2502 potestas
895 2445 942 2485 es-

92 2523 136 2574 set
148 2517 179 2574 in
195 2523 240 2586 te;
256 2519 458 2585 velleenimte,
473 2518 521 2573 sed
536 2519 664 2574 nondum
676 2536 759 2592 posse
773 2519 875 2574 dixisti
891 2517 944 2573 Ubi

92 2623 148 2679 ego
164 2606 272 2677 subjeci
285 2607 319 2662 de
334 2611 362 2661 te
385 2608 522 2662 clamasse
540 2607 704 2663 veritatem:
725 2608 875 2662 nonenim
895 2623 944 2662 ne·

92 2711 161 2768 gare
175 2710 329 2766 possumus
343 2695 449 2751 habere
460 2700 696 2767 nospotestatem,
712 2695 768 2751 nisi
782 2695 851 2750 dum
862 2695 944 2750 uobis

92 2799 150 2839 nou
162 2784 240 2839 adest
258 2783 336 2856 quod
351 2785 482 2838 volumus
493 2800 500 2851 ;
511 2783 580 2838 dum
596 2789 693 2838 autem
715 2784 847 2838 volumus
858 2784 882 2839 si
896 2799 943 2839 ro·

92 2873 186 2927 luntas
200 2872 264 2944 ipsa
283 2871 363 2926 deest
376 2871 466 2938 uobis,
478 2887 537 2926 non
557 2871 809 2943 utiquevolnmus.
825 2872 904 2938 Quod
920 2872 945 2926 si

93 2959 156 3016 lieri
166 2976 224 3015 non
240 2964 382 3031 potestat
397 2959 466 3015 dum
482 2961 614 3015 volumus
631 2975 690 3015 non
704 2961 835 3028 velimus,
865 2961 946 3015 adest

94 3049 192 3121 utique
206 3049 340 3103 voluntas
362 3048 544 3116 volentibus3
572 3065 622 3103 nee
637 3048 714 3104 aliud
729 3049 887 3121 quidquam
903 3053 945 3104 est

92 3138 124 3192 in
138 3141 288 3209 potestate,
302 3135 358 3191 uisi
371 3137 446 3208 quod
463 3137 626 3192 volentibus
640 3137 728 3193 adest.
741 3139 877 3193 Voluntas
894 3137 946 3209 igi·

93 3229 141 3281 tur
154 3229 252 3279 nostra
265 3240 318 3279 nec
332 3225 463 3280 voluntas
477 3231 561 3295 esset,
579 3225 632 3280 n'isi
648 3231 722 3281 esset
736 3227 765 3281 in
780 3232 878 3281 nostra
892 3242 944 3297 po-

93 3317 205 3368 testate.
221 3315 321 3378 Porro,
338 3314 406 3384 quia
423 3313 508 3367 estin
523 3318 673 3384 potestate,
689 3313 780 3368 libera
794 3320 836 3369 est
850 3314 943 3369 nobis.

95 3403 158 3458 Non
172 3402 300 3456 enimest
312 3401 395 3456 nobis
407 3401 541 3468 liberum,
556 3401 631 3472 quod
642 3401 816 3472 inpotestate
826 3418 885 3457 uon
896 3402 945 3456 ha-

93 3491 206 3559 bemus,
222 3495 271 3545 aut
283 3495 379 3562 potest
394 3507 451 3546 non
467 3507 528 3545 esse
544 3491 622 3562 quod
647 3490 795 3545 habemns.
812 3491 854 3544 lta
866 3490 899 3545 nt
913 3493 946 3545 nt

94 3584 124 3635 et
138 3581 227 3634 Deum
244 3596 301 3634 non
316 3596 521 3652 negemusesse
531 3579 682 3652 prescium
697 3579 953 3634 omniumiuturo*

94 3683 172 3738 rum,
186 3673 215 3723 et
228 3684 281 3722 nos
295 3673 393 3723 tamen
406 3670 526 3724 velimus
541 3669 619 3741 quod
633 3670 774 3724 volumus.
787 3669 858 3724 Cum
867 3667 946 3722 enim

95 3755 134 3810 sit
160 3757 297 3828 prescius
324 3757 478 3812 voluntatis
501 3763 614 3823 nostre,
647 3757 728 3828 cujus
742 3763 785 3812 est
809 3756 945 3828 prescius

95 3843 159 3914 ipsa
173 3844 238 3900 erit.
255 3842 392 3898 Voluntas
406 3860 475 3915 ergo
488 3845 552 3911 erit,
568 3845 637 3916 quia
651 3845 803 3899 voluntatis
818 3851 860 3900 est
871 3859 945 3916 pre-

96 3930 181 3985 scius.
204 3932 260 3985 Nec
279 3931 410 3985 voluntas
429 3947 490 3987 esse
503 3932 620 4004 poterit,
637 3932 661 3986 si
680 3933 711 3987 in
724 3937 863 4004 potestate
887 3947 947 3987 non

97 4019 161 4073 erit.
179 4020 252 4090 Ergo
268 4024 297 4074 et
309 4021 458 4091 potestatis
472 4025 514 4076 est
535 4020 681 4092 prescius.
711 4022 773 4076 Non
789 4021 877 4093 igitur
894 4036 948 4092 per

97 4107 160 4179 ejus
173 4108 384 4180 prescientiam
400 4109 472 4164 mibi
486 4113 610 4181 potestas
636 4108 783 4177 adimitur,
800 4125 865 4180 que
881 4125 946 4181 pro-

96 4202 196 4269 pterea
208 4197 280 4253 mihi
293 4197 399 4252 certior
413 4198 513 4264 aderit,
530 4198 600 4269 quia
610 4197 658 4253 ille
669 4198 750 4269 cujus
765 4197 948 4270 prescientia

96 4300 157 4341 uon
170 4285 293 4352 fallitur,
308 4286 474 4341 adiuturam
486 4286 558 4341 mihi
582 4301 643 4341 esse
658 4285 808 4359 prescivit.
823 4287 861 4341 Ε.
879 4287 947 4341 Ecce

94 4374 155 4447 jam
172 4391 230 4430 non
245 4391 320 4447 nego
335 4375 375 4430 ita
390 4390 504 4430 necesse
516 4391 577 4430 esse
591 4375 655 4430 lieri
669 4390 859 4447 quecumque
872 4391 946 4446 pre·

98 4463 180 4519 scivit
192 4465 278 4532 Deus,
289 4469 318 4519 et
332 4465 372 4518 ita
388 4481 455 4519 eum
480 4468 597 4536 peccata
623 4469 720 4518 nostra
745 4464 887 4535 prescire,
917 4466 948 4518 ut

98 4557 214 4608 maneat
232 4559 330 4608 tamen
349 4554 433 4608 nobis
445 4554 576 4609 voluntas
590 4553 691 4624 libera,
705 4558 790 4624 atque
805 4552 836 4607 in
850 4557 948 4607 nostra

97 4641 191 4712 posite
206 4646 354 4712 potestate.

99 4747 212 4803 CAPUT
227 4749 270 4802 tv,
286 4777 320 4789 -
338 4751 407 4804 Deus
420 4764 587 4820 prenoscens
610 4764 663 4805 raon
686 4749 755 4816 cepit
779 4746 816 4802 nd
838 4762 949 4818 peccon-

241 4836 316 4903 dem,
328 4842 410 4907 atquc
428 4839 495 4894 adeo
507 4843 619 4910 peccata
626 4839 702 4909 juste
713 4839 805 4908 punit.

135 4947 161 4999 9.
178 4944 213 4998 Α.
231 4942 304 5008 Quid
324 4959 391 5015 ergo
407 4945 568 5001 temeret?
584 4945 707 5000 auferte
734 4943 839 5000 oblitus
861 4942 950 5015 quid-

97 5032 193 5106 prime
203 5036 300 5088 nostra
312 5031 466 5103 disputatio
490 5035 633 5105 peregerit
659 5032 778 5106 negabis
806 5033 885 5087 nullo
901 5047 948 5086 eo-

99 5125 195 5192 gente,
209 5125 259 5174 aut
273 5119 433 5191 superiore,
444 5125 494 5173 aut
508 5120 652 5189 inferiore,
669 5123 719 5174 aut
733 5119 846 5191 equali,
861 5118 950 5172 sedea

98 5224 152 5263 nos
166 5209 312 5264 voluntate
322 5207 461 5280 peccaret
470 5209 507 5264 E.
523 5209 600 5263 Nihil
611 5210 716 5264 horum
729 5224 845 5280 prorsus
859 5207 950 5261 audeo

98 5312 205 5368 negare
222 5314 228 5353 :
245 5298 295 5353 sed
309 5302 417 5364 tamen,
431 5298 534 5366 fateor,
552 5297 682 5353 noudum
704 5296 786 5351 rideo
802 5294 949 5368 quomodo

99 5385 154 5441 sibi
164 5402 224 5440 non
233 5387 419 5442 adversentur
432 5387 494 5442 hee
506 5387 575 5456 duo,
589 5385 767 5458 prescientia
780 5384 832 5439 Dei
841 5383 876 5438 de
887 5398 952 5455 peo-

132 5509 139 5540 ¹
157 5508 244 5558 Editi:
262 5512 311 5568 Qut
325 5514 483 5562 necessitate
496 5507 786 5574 superpositeeaferre
795 5511 895 5560 ntttrser
909 5519 950 5557 ne

102 5569 246 5620 tentarem.
263 5574 410 5631 octatius..
427 5575 473 5636 qui
486 5574 642 5626 necesstiate
651 5572 801 5636 supposita.

994 1727 1079 1782 modo
1093 1725 1162 1797 quia
1175 1724 1355 1797 prescientia
1369 1730 1430 1793 est;
1444 1741 1510 1797 que
1531 1726 1555 1779 si
1573 1741 1637 1780 non
1652 1732 1740 1782 certa
1755 1744 1858 1799 preno-

995 1816 1056 1881 scit,
1069 1815 1167 1887 utique
1176 1815 1255 1868 nulla
1269 1818 1312 1868 est
1319 1815 1355 1868 Ε.
1368 1813 1519 1868 Consentio
1534 1815 1608 1869 :sed
1623 1831 1777 1886 quorsum
1789 1816 1857 1871 ista?

995 1907 1030 1960 A.
1047 1903 1128 1970 Quia,
1145 1903 1200 1958 nisi
1210 1903 1303 1970 fallor,
1318 1918 1376 1957 nou
1388 1901 1525 1956 coutiuim
1540 1907 1574 1956 tu
1589 1919 1721 1974 peceare
1736 1900 1856 1976 cogeres,

996 2010 1082 2066 quem
1100 1997 1284 2065 peccaturum
1310 2008 1371 2046 esse
1399 1979 1546 2062 prescires
1562 2008 1570 2059 ;
1588 2009 1692 2064 neque
1709 1993 1776 2065 ipsa
1791 2011 1856 2066 pre-

996 2083 1114 2139 scientia
1128 2088 1179 2137 tua
1192 2097 1309 2154 peccare
1323 2096 1390 2136 eum
1400 2085 1522 2152 cogeret,
1537 2081 1681 2153 quamvis
1696 2082 1764 2137 sine
1778 2083 1857 2137 dubio

995 2177 1164 2246 peccaturus
1180 2175 1254 2226 esset
1271 2170 1439 2225 :nonenim
1469 2169 1554 2224 aliter
1576 2170 1609 2224 id
1638 2171 1781 2226 futurum
1804 2187 1856 2225 esse

995 2261 1154 2335 prescires.
1170 2259 1248 2316 Sicut
1261 2259 1358 2331 itaque
1372 2275 1429 2314 non
1445 2257 1500 2313 sibi
1509 2258 1711 2314 adversantur
1721 2260 1785 2315 hec
1798 2261 1855 2328 duo,

996 2355 1029 2406 ut
1044 2356 1076 2406 tu
1090 2348 1271 2422 prescientia
1283 2353 1332 2403 tua
1345 2347 1457 2402 novaris
1467 2347 1545 2419 quod
1560 2347 1639 2402 alius
1648 2365 1709 2404 sua
1719 2351 1856 2404 voluntate

996 2440 1123 2496 facturus
1138 2443 1180 2493 est
1191 2458 1199 2508 3
1215 2437 1254 2492 ita
1263 2438 1337 2492 Deus
1348 2436 1534 2492 nemincmad
1541 2438 1737 2507 peccandum
1748 2455 1855 2510 cogens,

997 2529 1134 2602 presidet
1147 2533 1245 2582 tamen
1259 2543 1306 2581 eos
1320 2526 1370 2598 qui
1384 2524 1502 2597 propria
1516 2524 1673 2580 voluntate
1690 2528 1853 2598 peccabunt.

1036 2621 1077 2673 tt.
1096 2618 1153 2673 Cur
1165 2632 1234 2687 crgo
1249 2632 1306 2671 non
1320 2614 1442 2670 vindicet
1452 2614 1558 2684 justus,
1581 2630 1652 2686 que
1664 2616 1736 2671 fieri
1751 2634 1807 2672 nou
1818 2633 1855 2671 ce

999 2706 1041 2780 git
1054 2705 1213 2779 prescius?
1226 2704 1304 2760 Sicut
1319 2704 1399 2759 enim
1414 2708 1446 2758 tu
1459 2703 1602 2758 memoria
1617 2709 1674 2759 tua
1695 2722 1758 2761 nou
1786 2706 1854 2775 cogis

998 2796 1073 2852 iacta
1096 2811 1156 2850 esse
1180 2811 1245 2865 que
1268 2793 1484 2867 preterierunt3
1501 2792 1541 2847 sic
1571 2793 1652 2847 Deus
1678 2795 1854 2866 prescientia

999 2901 1051 2939 sua
1067 2900 1125 2939 non
1139 2883 1215 2955 cogit
1235 2882 1364 2938 iacienda
1378 2897 1443 2954 que
1456 2880 1553 2936 lutura
1579 2885 1663 2936 sunt.
1690 2885 1726 2939 Et
1745 2884 1853 2939 sicutte

999 2972 1132 3044 quedam
1147 2987 1211 3042 que
1225 2969 1317 3025 iecisti
1330 2968 1497 3039 meministi,
1513 2984 1567 3023 nec
1584 2972 1692 3024 tamen
1705 2987 1774 3042 que
1798 2986 1852 3025 me·

999 3059 1109 3114 ministi
1120 3058 1216 3113 omnia
1234 3057 1340 3112 iecisti:
1368 3056 1408 3111 ita
1423 3056 1497 3110 Deus
1517 3055 1620 3110 omnia
1648 3073 1783 3129 quorum
1800 3059 1853 3129 ipse

998 3153 1098 3204 auctor
1112 3152 1155 3202 est
1167 3148 1291 3218 prescii,
1305 3161 1357 3201 nee
1370 3150 1468 3200 tamen
1480 3144 1614 3199 omnium
1638 3162 1713 3218 que
1738 3146 1850 3220 pressit

997 3239 1060 3311 ipso
1073 3240 1171 3292 auctor
1185 3241 1235 3291 est.
1252 3235 1379 3300 Quorum
1392 3237 1488 3288 eutem
1502 3237 1616 3287 nonest
1628 3236 1852 3302 malusauctod,

994 3328 1090 3400 ¹justus
1106 3325 1245 3381 estultor.
1262 3324 1333 3379 llinc
1358 3338 1426 3395 ergo
1439 3322 1501 3393 jem
1516 3320 1651 3393 intellige
1677 3340 1741 3396 qua
1749 3324 1853 3395 justitia

999 3417 1074 3471 Deus
1088 3419 1204 3486 peccata
1219 3413 1330 3486 puniat,
1346 3412 1494 3484 quiaque
1509 3410 1591 3465 novit
1607 3410 1729 3482 lutura,
1745 3429 1805 3468 non
1816 3412 1852 3466 ie·

999 3505 1055 3561 cit:
1071 3520 1138 3559 nem
1151 3503 1175 3558 si
1191 3507 1341 3575 propterca
1355 3516 1415 3556 non
1441 3499 1525 3554 debet
1551 3499 1727 3556 retribuere
1756 3502 1854 3573 suppli·

999 3594 1077 3650 cium
1090 3591 1284 3665 peccantibus,
1302 3590 1368 3662 quia
1383 3588 1518 3661 presidet
1530 3593 1720 3658 peccaturos,
1730 3593 1853 3645 necrecte

999 3681 1169 3738 iacientibus
1178 3680 1262 3735 debet
1278 3678 1397 3751 premia
1409 3676 1579 3743 retribuere,
1592 3677 1668 3748 quia
1684 3684 1717 3734 et
1735 3685 1809 3734 recte
1822 3677 1854 3732 a·

1000 3778 1095 3827 cturos
1109 3769 1297 3824 nihilominus
1307 3766 1454 3838 previdet.
1469 3765 1529 3819 lmo
1537 3779 1607 3820 vero
1620 3764 1775 3822 fateamur
1786 3772 1813 3822 et
1825 3765 1853 3819 ad

999 3859 1210 3934 prescientiam
1222 3859 1284 3930 ejus
1298 3857 1441 3928 pertinere
1456 3871 1491 3909 ne
1507 3853 1578 3926 qaid
1605 3871 1680 3910 eum
1716 3857 1804 3911 lateat
1816 3855 1854 3909 ln-

1001 3955 1143 4018 turorum,
1158 3953 1188 4002 et
1201 3947 1237 4002 ad
1261 3945 1415 4019 justitiam,
1430 3947 1635 4016 utpeccatum,
1658 3945 1734 4017 quia
1759 3946 1853 4000 volun·

1001 4044 1059 4095 tate
1082 4036 1282 4102 committitur,
1301 4035 1341 4089 ita
1358 4032 1466 4105 judicio
1482 4032 1544 4103 ejus
1571 4031 1703 4104 impune
1727 4050 1787 4089 non
1800 4033 1853 4096 fiat,

1001 4128 1076 4182 sicut
1088 4123 1268 4197 prescientia
1281 4138 1341 4177 nou
1355 4121 1468 4192 cogitur
1482 4119 1556 4175 fieri.

1002 4215 1116 4272 CAPUT
1129 4213 1184 4267 XV.
1209 4242 1243 4252 —
1270 4214 1340 4267 Deua
1360 4210 1394 4266 dc
1412 4213 1541 4265 creature
1563 4210 1649 4264 etiem
1680 4226 1744 4280 que
1768 4213 1854 4282 peeet

1073 4305 1240 4372 misereque
1252 4301 1370 4356 obusto
1383 4304 1409 4354 et
1420 4298 1597 4369 productione
1611 4298 1790 4355 meede.

1042 4396 1085 4449 ta.
1102 4393 1164 4447 lam
1180 4390 1251 4445 illud
1263 4389 1341 4461 quod
1356 4387 1441 4443 tertio
1455 4387 1518 4441 loco
1544 4386 1683 4458 posuisti,
1713 4387 1855 4460 quomodo

1002 4499 1061 4539 nou
1075 4480 1201 4537 Creatori
1216 4478 1414 4550 deputandum
1429 4476 1466 4531 sit
1482 4475 1624 4547 quidquid
1654 4477 1689 4531 in
1704 4479 1770 4548 ejus
1783 4492 1854 4531 crea·

1002 4578 1069 4628 ture
1079 4570 1143 4626 fieri
1157 4584 1271 4624 necesse
1285 4570 1345 4634 est;
1360 4565 1461 4636 regula
1474 4563 1524 4618 illa
1537 4563 1656 4635 pietatis
1671 4565 1759 4621 facile
1787 4557 1870 4619 com'

981 4659 1153 4726 -monebit¹,
1167 4672 1255 4729 quam
1269 4653 1434 4711 meminisse
1450 4668 1502 4706 uos
1526 4652 1675 4722 convenit,
1700 4653 1855 4725 gratianum

1003 4749 1144 4804 actionem
1158 4763 1209 4801 nos
1222 4744 1325 4800 debere
1341 4741 1468 4799 Creatori
1486 4745 1595 4795 nostro.
1625 4741 1719 4812 Cujus
1733 4742 1855 4814 proiecto

1004 4837 1164 4909 largissima
1178 4835 1291 4890 bonitas
1304 4830 1461 4904 Justissime
1473 4829 1652 4898 laudaretur,
1676 4829 1796 4885 etiamsi
1808 4829 1855 4884 ali·

1004 4943 1061 4998 qno
1076 4925 1211 4980 interiore
1225 4925 1363 4977 creature
1380 4919 1470 4991 gradu
1482 4933 1536 4972 nos
1549 4916 1743 4974 condidisset.
1756 4919 1855 4983 Quam·

1004 5017 1046 5071 ris
1059 5015 1136 5070 enim
1150 5013 1247 5068 anima
1260 5015 1358 5066 nostra
1385 5006 1507 5080 peccatis
1532 5005 1677 5060 tabeioeta
1705 5006 1757 5075 sit,
1774 5006 1855 5061 subli-

1004 5105 1080 5160 mior
1094 5108 1242 5157 esttamen
1257 5105 1285 5154 et
1300 5097 1412 5163 melior,
1426 5110 1514 5168 quam
1532 5093 1556 5147 si
1570 5094 1601 5148 in
1615 5093 1693 5149 hanc
1708 5096 1805 5149 lucem
1820 5093 1856 5146 ri·

1038 5189 1238 5241 ¹Deestrnelas
1252 5187 1280 5235 in
1295 5185 1410 5235 editione
1425 5184 1497 5240 Lor,;
1523 5180 1657 5231 sedadest
1678 5181 1707 5231 in
1729 5181 1857 5251 antiquio·

1005 5252 1244 5304 ribnseditionibus
1255 5248 1320 5298 Bad.
1337 5247 1426 5299 etEr..
1437 5244 1644 5294 necnoniublss.
1661 5245 1857 5307 septemdecim.

1037 5319 1047 5352 2
1062 5314 1254 5365 SicEr.etLov.
1262 5309 1362 5361 steen,
1372 5303 1859 5370 sicbabettltequtecetpietotis.sccite

1004 5378 1078 5429 nobis
1091 5376 1214 5426 monebit.
1229 5375 1290 5422 tiss.
1303 5369 1532 5435 quinqueltequta
1543 5370 1654 5432 pietatis
1667 5367 1752 5440 [aeth
1762 5379 1858 5418 sonte

1006 5441 1164 5498 movebitur,
1171 5438 1216 5486 atii
1227 5442 1341 5492 trenna
1355 5431 1517 5490 macredinem
1526 5435 1627 5494 septem
1637 5430 1695 5490 ehi,
1705 5431 1803 5491 regestu
1813 5428 1857 5479 itta

1004 5499 1259 5566 ptetettalacitcnon
1269 5495 1389 5553 resonabit:
1399 5492 1858 5553 Corbeieusisdemumcodex,re9e

1007 5567 1066 5617 tam
1080 5564 1157 5616 ruem
1169 5561 1277 5626 pietatis
1290 5558 1370 5623 sorite
1382 5570 1436 5608 non
1446 5554 1568 5606 movebit.
