3884 6112
691 311 796 366 LIBER
822 311 1006 370 SEPTIMUS.

81 422 248 479 defunctum
278 440 339 480 csse
363 427 515 496 nesciebat,
544 430 664 501 scriptas
698 448 822 504 purgare

71 516 140 569 ocra
160 515 274 583 Christi,
297 533 324 571 a.
348 517 404 587 31.)
423 517 535 574 Litterae
565 522 720 577 successori
743 521 822 578 illius

71 619 95 671 n,
118 603 238 659 redditae
252 608 329 671 sunt,
359 622 417 660 111
429 623 494 662 cum
516 608 612 664 libello
631 610 708 678 ndei,
735 627 821 683 quem

71 691 211 762 mittebat,
227 692 375 748 desinente
390 694 420 748 ia
433 695 495 750 hac
506 697 611 752 rerba:
627 701 688 753 Haec
700 700 820 771 callides,

71 781 221 850 entissime,
241 796 323 851 quom
338 783 367 835 iu
382 784 501 838 Ecclesia
516 785 647 840 cattolica
662 786 819 856 didicimus,

71 883 105 924 ue
125 885 228 939 semper
245 872 379 925 tacuimus
393 876 418 926 et
434 877 560 928 tenemus.
576 875 613 928 Iu
628 890 683 944 qua
695 876 719 929 si
731 877 821 930 miaccs

71 961 114 1013 rut
117 974 218 1028 parum
226 963 303 1013 coacte
308 959 416 1029 aliquid
424 962 617 1032 sortepositum
624 968 672 1029 est,
683 962 822 1018 eamdari

71 1061 95 1101 rs
110 1061 127 1100 o
141 1050 174 1113 te,
191 1049 240 1116 qui
253 1050 328 1102 Petri
342 1052 367 1102 ct
377 1049 457 1117 fidem
467 1053 492 1103 et
501 1049 590 1104 sedem
599 1055 668 1105 tcaes
680 1051 820 1121 (Appcud.

71 1135 96 1201 b,
106 1139 182 1204 part.
202 1138 229 1201 1,
242 1136 337 1190 Libelt.
355 1135 423 1207 fidei
437 1139 551 1205 Patami,
567 1142 632 1207 etc,
649 1155 676 1193 a.
695 1142 751 1209 13),
765 1145 819 1195 111.

71 1228 113 1277 tus
128 1222 216 1277 etiam
231 1223 265 1277 ab
288 1223 343 1278 isto
362 1225 499 1294 Zosimus,
522 1226 594 1281 sicut
617 1244 670 1298 pro
689 1228 820 1283 Coelcstio

71 1315 88 1376 t,
97 1326 151 1382 pro
161 1309 276 1382 Pelagio
286 1327 401 1383 quoque
412 1312 562 1384 epistolam
572 1316 691 1369 alteram
701 1315 736 1371 ad
747 1316 821 1370 Airi-

71 1399 206 1471 praesules
218 1401 272 1454 hoc
287 1401 388 1455 eodem
400 1418 486 1471 anno,
501 1402 706 1459 dieundecimo
722 1405 820 1459 kalen-

71 1487 165 1556 tobris,
184 1487 271 1554 misit,
302 1489 332 1543 in
353 1506 410 1560 qua
425 1489 456 1549 ia
475 1492 608 1546 iteratam
630 1496 659 1547 et
683 1493 820 1547 Lazarum

71 1574 165 1630 eribus
181 1577 271 1630 multo
287 1593 376 1648 quam
386 1577 416 1632 in
432 1579 575 1650 superiori
594 1579 714 1651 epistola
728 1581 821 1636 verbis

71 1669 114 1719 tar
129 1681 136 1718 ε
153 1663 239 1736 idque
255 1665 409 1736 pollicetur
424 1666 488 1733 sibi,
507 1668 566 1723 iore
591 1673 621 1722 ut
636 1667 689 1740 ipsi
705 1686 820 1742 quoquc

71 1752 238 1825 ripreesulcs
250 1754 316 1809 inde
327 1771 393 1809 cum
401 1755 462 1827 ipso
470 1756 580 1827 pariter
589 1759 728 1828 persuasi,
742 1760 820 1814 Pela·

71 1844 90 1896 11
103 1842 269 1897 Coelestium
279 1859 330 1914 pro
342 1843 486 1898 catholicis
499 1844 633 1912 babeant,
648 1846 725 1916 quod
734 1847 820 1901 ambo

71 1932 194 1987 ornanda
208 1931 389 2000 damnarent,
410 1936 439 1987 11
454 1934 598 2005 sequenda
620 1940 819 2006 sequerentur,

71 2022 132 2092 post
145 2025 266 2095 mortem
278 2024 306 2075 et
318 2020 466 2076 interitum
478 2020 820 2094 revixissentinventique

71 2153 73 2164 ,
87 2112 160 2180 puta
172 2109 209 2164 ad
223 2109 309 2163 fidem
323 2110 482 2176 redeundo,
506 2111 555 2165 sed
570 2110 688 2166 omnino
712 2110 819 2166 mortui

71 2202 140 2253 1111
161 2214 214 2254 111
235 2198 396 2270 periissent,
425 2200 459 2253 da
479 2199 582 2270 quibus
602 2199 732 2255 videlicet
750 2201 820 2255 falsa

71 2301 85 2340 1
104 2290 172 2340 1111
187 2287 273 2358 (Part.
297 2289 322 2357 l,
346 2288 571 2357 lippomacsttcoa
595 2292 689 2343 coatro
715 2288 818 2355 Petam,

74 2390 112 2430 ce.
129 2377 219 2444 9-10).

72 2463 131 2518 nod
150 2468 245 2518 autem
264 2463 375 2519 Zosimo
390 2463 521 2536 Pelagius
540 2462 724 2536 imposuerit,
745 2463 818 2520 nihil

71 2555 98 2606 lo
111 2550 227 2606 mirum.
242 2552 291 2606 llic
311 2551 388 2606 enim
399 2556 457 2607 tam
469 2552 570 2608 callide
583 2554 669 2607 verba
679 2569 730 2608 sua
744 2569 820 2608 com·

71 2641 113 2708 11,
127 2644 263 2712 tantaque
273 2640 413 2696 industria
427 2640 660 2713 aequivocationis
666 2642 819 2713 caliginem

71 2731 108 2784 rat
127 2728 251 2795 ceritati,
275 2732 307 2782 ut
334 2746 399 2783 cum
415 2729 477 2800 ejus
498 2730 603 2800 scripta
616 2729 647 2784 in
661 2731 819 2785 Alricama

71 2818 81 2872 ’1
97 2816 220 2873 luissent
241 2817 417 2887 transmissa,
433 2817 479 2871 rix
494 2816 614 2888 ipsemet
628 2818 816 2889 Augustinus,

70 2905 241 2960 acatholica
252 2905 405 2975 judicaret,
422 2906 514 2977 deque
534 2906 643 2977 Pelagii
665 2906 759 2961 reditu
782 2906 818 2961 ad

71 2992 177 3050 itidem
191 2995 347 3062 letaretur,
364 2992 417 3049 sibi
427 2994 630 3066 temperaverit
647 2995 698 3063 (lie
708 2997 818 3050 Peccata

71 3082 112 3150 rii,
125 3099 153 3137 u.
170 3084 223 3152 11)).
239 3083 292 3139 Sed
307 3082 394 3151 virus,
406 3083 483 3154 quod
494 3083 524 3136 in
536 3083 740 3155 prolixioribus
755 3083 816 3154 ejus

71 3170 321 3238 animadverterat,
338 3171 430 3226 ellecit
445 3175 477 3226 ut
491 3171 544 3226 ista
562 3187 678 3243 quoque
695 3170 751 3242 ipsi
770 3188 818 3227 su-

78 3263 191 3315 essent:
209 3276 273 3330 quae
288 3277 353 3315 cum
368 3259 538 3330 inspexisset
555 3259 701 3326 attentius,
718 3276 818 3314 eorum

71 3360 95 3400 re
109 3345 327 3416 ambiguitatem
349 3363 380 3401 ac
395 3346 496 3401 vitium
516 3345 713 3419 deprehendit.
736 3347 818 3411 Quod

71 3433 198 3500 lestium,
222 3435 430 3506 rescripserunt
452 3434 578 3489 Africani
600 3436 737 3507 praesules
760 3451 819 3489 nou

71 3537 111 3591 re,
127 3523 168 3577 ait
181 3523 368 3594 Augustinus,
398 3522 474 3593 quod
489 3539 519 3577 se
543 3523 715 3594 generaliter
731 3524 818 3578 lano·

71 3609 195 3682 episcopi
208 3610 309 3665 litteris
320 3611 478 3666 consentire
493 3610 650 3679 fatebatur,
663 3612 710 3666 sed
721 3617 818 3682 aperte

70 3696 155 3755 ebera
173 3699 413 3755 anathematizare
428 3716 492 3771 quae
507 3700 536 3754 in
552 3716 604 3754 suo
620 3700 715 3754 libello
731 3716 819 3770 prava

71 3790 104 3843 Ι11
117 3787 227 3859 (Contra
246 3792 320 3844 Duos
335 3790 472 3858 Epistulas
490 3790 594 3857 Petam,
617 3805 639 3842 1.
657 3790 694 3858 3).
717 3788 754 3842 Ex
771 3805 818 3843 eo-

72 3875 177 3947 pistola
198 3878 234 3932 ad
258 3878 401 3932 Zosimum
424 3877 454 3932 in
485 3877 606 3932 concilio
630 3877 818 3932 ducentorum

71 3965 186 4021 rrdecim
202 3966 402 4037 episcoporum
417 3967 520 4037 scripta
530 3967 584 4021 hoc
594 3965 739 4020 decretum
753 3981 818 4038 pro-

71 4069 183 4126 uspar:
204 4055 398 4112 Censtituimus
414 4057 442 4109 ia
462 4044 600 4121 Pelopiam
627 4058 709 4124 atque
735 4056 819 4110 11111-

71 4158 114 4212 per
126 4143 303 4197 umerabilcm
314 4145 466 4213 episcopum
476 4144 664 4197 Innocentium
678 4142 711 4196 de
724 4142 819 4198 beatis-

71 4233 163 4286 roaloti
187 4233 262 4286 Petri
283 4231 350 4286 Sede
368 4233 505 4301 prolatam
530 4246 636 4285 moriere
649 4234 818 4299 senteutiam,

71 4320 239 4392 apertissimo
259 4321 423 4387 consessione
436 4321 589 4386 fateantur,
605 4319 699 4386 pratia
711 4320 759 4373 Dei
770 4335 820 4388 per

86 4409 226 4465 Christum
259 4409 399 4462 Dominum
422 4412 553 4472 nostrum,
582 4422 635 4460 aaa
670 4407 756 4460 solum
783 4407 821 4462 od

71 4496 188 4563 midam,
205 4512 297 4551 uuum
311 4496 596 4563 etiamadsacieadam
606 4495 757 4564 justitiam,
772 4511 819 4551 aas

71 4589 109 4640 tus
122 4585 243 4652 stapulas
265 4585 417 4654 adjacueri,·
439 4587 480 4638 ita
494 4589 524 4638 ot
537 4587 595 4638 siaa
608 4584 658 4638 itta
668 4584 739 4637 uitii
752 4601 821 4640 aare

71 4688 122 4744 que
133 4676 247 4744 pietatis
263 4675 369 4738 babere,
386 4675 514 4742 cogitare,
526 4673 624 4740 dicere,
640 4687 718 4740 apere
731 4673 821 4728 ualea-

71 4776 177 4832 roapcr,
194 4765 291 4818 Contra
307 4763 475 4827 collatorem,
491 4778 521 4815 a.
541 4761 593 4831 15).

73 4865 136 4906 nno
164 4851 355 4922 subsequente
370 4849 495 4904 Zosimus
518 4847 658 4902 Africanis
682 4846 821 4918 episcopis

71 4937 120 4994 rdit
129 4955 183 5010 per
192 4939 300 4993 litteras
311 4937 480 4993 duodecimo
491 4936 627 4991 kalendas
637 4936 733 5007 aprilis
743 4936 822 4990 datas

71 5026 109 5082 td.
141 5029 207 5081 tauri
237 5029 278 5096 lt),
303 5031 378 5097 part.
402 5029 429 5089 1,
459 5027 557 5080 Zosimi
581 5026 659 5094 epist.
689 5023 726 5078 ad
755 5024 821 5090 Asc.

92 5115 125 5170 de
153 5130 235 5170 causo
261 5113 385 5184 111111),
415 5113 520 5185 quibus
547 5129 594 5167 eos
621 5112 755 5167 certiores
781 5112 822 5165 te·

72 5203 126 5259 ihil
151 5220 180 5257 se
213 5207 276 5275 post
300 5207 428 5273 acceptas
461 5201 589 5273 ipsorum
624 5201 734 5255 litteras
765 5200 822 5254 im-

71 5308 110 5360 se,
130 5292 179 5346 sed
201 5292 233 5346 in
246 5291 347 5346 eodem
363 5295 438 5345 statu
453 5294 564 5353 cuncta,
579 5287 823 5361 quemadmodum

71 5397 98 5434 rs
112 5380 148 5435 nb
162 5379 232 5451 ipsis
259 5381 362 5445 iuerat,
390 5378 549 5450 reliquisse.
573 5379 670 5449 Neque
691 5391 743 5448 pcr
757 5391 823 5429 eum

79 5470 236 5545 quominus
250 5470 281 5524 in
301 5469 425 5526 Coelestii
437 5485 561 5536 causam,
587 5485 621 5523 ex
639 5468 757 5522 illorum
774 5483 823 5521 ro-

71 5557 285 5632 scensilioque,
304 5556 470 5630 diligentius
492 5553 697 5643 inquireretur.
720 5552 824 5608 Verum

1675 333 1727 385 tut

877 450 942 490 cum
958 436 1020 507 ejus
1035 439 1187 509 praesentia
1201 445 1377 510 posceretur,
1405 449 1437 498 ut
1451 446 1535 499 certis
1550 462 1582 501 ac
1596 446 1728 504 dilucidis

877 523 1113 594 responsionibus
1124 528 1168 581 vel
1182 527 1285 583 astutia
1296 529 1431 599 hominis,
1445 534 1488 587 vel
1504 535 1642 590 correctio
1657 537 1727 591 dilu-

877 616 1011 680 cesceret,
1039 616 1067 669 et
1093 614 1167 669 nulli
1185 616 1321 688 ambigua
1339 624 1516 687 remancret3
1535 638 1565 675 se
1588 623 1728 678 subtraxit

876 699 924 754 ille
939 704 968 755 et
978 701 1092 772 negavit
1103 702 1228 758 examini
1244 706 1353 774 (Contra
1374 711 1447 762 Duas
1468 710 1607 779 Epistulas
1625 713 1727 782 Petam,

877 789 924 845 tib.
940 792 967 855 1,
979 805 1008 858 a,
1023 793 1063 861 5).
1082 792 1179 862 Neque
1198 792 1284 847 etiarn
1300 794 1442 865 Pelagius,
1458 797 1571 851 tametsi
1590 797 1667 853 risus
1686 805 1729 855 est

877 875 912 931 ad
927 880 1041 950 tempus
1055 879 1164 951 aliquid
1175 879 1279 947 dicere,
1296 882 1371 953 quod
1386 882 1453 937 tidei
1468 884 1613 940 catholicae
1627 902 1727 943 conre-

876 964 960 1032 niret,
979 967 1136 1021 Romanam
1152 967 1254 1023 Sedem
1275 986 1364 1041 usque
1385 970 1413 1025 in
1428 971 1516 1027 linem
1535 973 1633 1028 fallere
1652 991 1727 1046 pree·

876 1054 967 1110 valuit
984 1055 1032 1126 (De
1056 1059 1163 1111 Peccata
1189 1059 1328 1126 ampiecti,
1359 1075 1387 1113 a.
1414 1060 1468 1128 11).
1492 1062 1565 1132 ,Post
1590 1055 1727 1134 rescripta

877 1143 983 1215 quippe
997 1143 1124 1198 Africani
1139 1143 1261 1210 concilii,
1278 1161 1336 1199 non
1351 1162 1384 1200 ea
1395 1152 1506 1201 tanturn
1516 1149 1651 1219 pestilera
1665 1152 1726 1222 ejus

877 1231 1021 1301 dogmata,
1041 1232 1148 1305 quaein
1166 1232 1289 1286 Africam
1303 1239 1501 1304 pervenerant,
1517 1236 1563 1290 sed
1579 1237 1635 1292 1111
1655 1255 1726 1310 quo·

876 1336 931 1391 que
946 1319 1035 1392 ipsius
1050 1321 1080 1375 in
1098 1321 1169 1375 urbe
1180 1322 1281 1390 Roma,
1291 1321 1341 1375 ubi
1358 1321 1517 1377 diutissime
1537 1325 1656 1393 vixerat,
1682 1332 1724 1382 at·

876 1423 932 1480 que
947 1408 977 1463 in
991 1408 1035 1463 bis
1045 1409 1138 1464 111111
1147 1409 1227 1481 prius
1242 1410 1422 1465 sermonibus
1438 1403 1726 1486 contentionibusque

876 1502 1013 1563 versatus,
1029 1513 1097 1553 cura
1123 1498 1253 1553 fidelium
1276 1497 1398 1552 fratrum
1419 1494 1531 1570 prolata
1551 1504 1724 1572 patuerunt;

876 1602 942 1657 quae
967 1587 1083 1641 tandem
1108 1603 1183 1657 papa
1201 1587 1329 1642 Zosimus
1352 1587 1386 1641 ab
1416 1588 1554 1642 universis
1575 1590 1726 1644 Catholicis

877 1674 1048 1729 exsecranda
1069 1674 1189 1728 censuit.
1214 1675 1389 1730 Posteriores
1413 1675 1470 1730 illae
1493 1675 1596 1730 Zosimi
1622 1676 1725 1732 litterae

875 1766 1066 1833 pervenerunt
1085 1761 1115 1816 in
1135 1761 1259 1817 Africam
1274 1762 1358 1817 tertio
1374 1763 1510 1818 kalendas
1525 1764 1627 1820 maias.
1648 1767 1726 1822 Tunc

875 1849 1014 1921 temporis
1028 1850 1166 1920 presules
1177 1850 1378 1921 Carthaginem
1389 1850 1595 1905 conveniebant
1609 1853 1642 1906 ad
1657 1868 1725 1907 con·

876 1938 985 2009 cilium,
997 1939 1072 2011 quod
1083 1939 1136 1994 hac
1148 1938 1177 1993 in
1191 1939 1261 1993 urbe
1276 1939 1345 2010 ipsis
1359 1939 1490 1994 kalendis
1499 1938 1581 1993 maiis
1596 1938 1725 1994 habitum

877 2031 1003 2096 notatur,
1019 2031 1106 2099 atque
1117 2027 1152 2082 ab
1166 2027 1326 2100 Augustino
1342 2026 1447 2081 dicitur
1460 2027 1623 2099 plenarium
1637 2027 1725 2082 totius

876 2115 977 2170 Africae
993 2116 1093 2187 (Epist.
1114 2117 1176 2182 115,
1192 2133 1220 2171 u.
1240 2117 1277 2186 1).
1295 2116 1364 2170 lnde
1386 2115 1508 2186 proiecti
1522 2120 1589 2170 sunt
1604 2120 1667 2170 octo
1683 2115 1725 2170 illi

875 2203 933 2257 sire
948 2219 1048 2258 novem
1065 2208 1163 2258 eontra
1178 2203 1361 2274 Pelagianam
1376 2203 1510 2258 haeresim
1526 2219 1658 2265 canones,
1675 2202 1725 2276 qui

876 2291 1043 2347 ldilcvitanae
1058 2291 1166 2363 synodo
1180 2292 1294 2346 fuerant
1308 2293 1378 2346 falso
1399 2290 1533 2362 adscripti
1558 2291 1638 2361 (Vide
1649 2294 1724 2346 Prae·

873 2382 927 2447 sat.
944 2382 974 2435 ia
988 2385 1088 2436 tomum
1113 2382 1165 2452 10).

909 2468 1180 2525 austerissima
1201 2473 1261 2524 tam
1283 2467 1426 2540 frequenti
1447 2467 1567 2522 concilio
1594 2484 1653 2522 non
1670 2467 1724 2522 soli

874 2553 1023 2625 praebuere
1038 2552 1185 2625 Pelagiani
1200 2570 1206 2608 :
1223 2553 1364 2625 siquidem
1375 2569 1499 2607 canones
1514 2569 1629 2624 quoque
1644 2552 1675 2606 in
1690 2569 1723 2606 eo

873 2644 971 2715 plures
989 2641 1097 2697 conditi
1121 2641 1306 2713 reperiuntur
1329 2640 1472 2707 derebus,
1489 2641 1604 2711 quoead
1630 2643 1722 2695 liona·

874 2731 953 2787 tisias
983 2729 1175 2803 pertinebant.
1203 2729 1346 2784 Generalis
1369 2729 1495 2801 synodus
1523 2728 1617 2783 idibus
1634 2728 1723 2798 juniis

875 2819 942 2874 anni
956 2815 1233 2891 quadringentesimi
1247 2815 1362 2886 septimi
1375 2820 1470 2869 111111
1482 2814 1663 2884 Carthagine,
1676 2831 1721 2868 ec-

874 2907 973 2961 clesias
996 2921 1028 2961 ac
1057 2905 1189 2977 populos,
1220 2903 1271 2975 qui
1299 2901 1512 2957 Donatistarum
1532 2902 1721 2956 secessionem

874 2999 939 3050 ante
955 2995 1047 3067 legera
1075 2992 1191 3048 honorii
1215 3008 1291 3046 anno
1311 2989 1592 3062 quadringentesimo
1621 2989 1721 3060 quinto

874 3084 960 3137 latam
974 3081 1167 3153 reliquissent,
1180 3082 1317 3135 statuerat
1329 3079 1388 3134 iore
1399 3077 1526 3151 episcopi
1540 3077 1626 3146 illius,
1639 3093 1723 3149 aquo

874 3171 994 3227 fuissent
1015 3170 1163 3237 conversi;
1195 3168 1266 3225 alios
1291 3183 1357 3222 vero
1386 3170 1531 3221 secuturos
1564 3167 1722 3221 antistitem

876 3259 953 3316 urbis
975 3259 1047 3331 ejus,
1070 3257 1125 3325 cui,
1149 3258 1218 3313 dum
1240 3255 1426 3310 schismaticis
1446 3255 1576 3326 partibus
1591 3255 1719 3310 adhaere·

874 3351 953 3418 bant,
968 3348 1075 3404 subditi
1089 3351 1171 3402 eraut
1181 3347 1288 3417 (Codice
1310 3347 1447 3402 Cououum
1466 3345 1568 3412 Afric,
1585 3359 1663 3399 carra.
1676 3346 1721 3411 98,

875 3440 928 3509 91).
945 3440 983 3493 Ex
999 3453 1033 3493 ea
1046 3435 1249 3491 constitutione
1266 3435 1330 3488 lites
1345 3433 1420 3487 inter
1440 3432 1589 3502 episcopos
1607 3432 1641 3485 de
1658 3431 1721 3485 tini·

874 3526 927 3580 bus
953 3523 1111 3579 dioeeeseon
1134 3537 1253 3577 suarum
1279 3523 1359 3585 ortae,
1390 3517 1542 3572 concilium
1575 3517 1724 3588 praesentis

876 3613 955 3683 anni,
967 3611 1042 3668 utin
1057 3628 1091 3666 ea
1111 3608 1244 3665 nonnihil
1266 3608 1444 3675 immutaret,
1466 3605 1606 3677 impulere
1628 3605 1722 3674 libid„

874 3718 953 3758 carra.
972 3705 1033 3771 117,
1054 3699 1127 3770 118).
1154 3701 1295 3753 Praeterea
1314 3698 1578 3768 quantumcumque
1598 3692 1722 3747 studium

875 3788 1077 3861 exstinguendi
1092 3787 1303 3842 Donatistarum
1325 3783 1436 3839 discidii
1460 3799 1519 3853 prae
1541 3798 1570 3836 se
1591 3780 1724 3836 tulissent
1751 3838 1754 3843 ,

874 3879 936 3934 Airi
949 3877 1100 3947 antistites,
1122 3881 1204 3931 erant
1217 3878 1315 3928 tamen
1334 3873 1410 3927 inter
1435 3871 1486 3925 hos
1505 3869 1647 3935 nonnulli,
1674 3869 1724 3940 qui

875 3964 910 4019 da
932 3961 1130 4019 convertendis
1152 3960 1196 4026 iis,
1222 3975 1293 4031 quos
1318 3956 1396 4029 plebi
1423 3972 1481 4010 suae
1496 3953 1637 4010 admixtos
1663 3968 1725 4009 csse

875 4051 1093 4124 cognoscebant,
1111 4065 1214 4120 parum
1229 4046 1386 4102 admodum
1407 4043 1544 4116 gerebant
1559 4041 1724 4096 sollicitudi-

875 4141 929 4197 nis.
944 4143 976 4195 In
989 4139 1060 4195 istos
1074 4135 1273 4193 animadvertit
1287 4133 1449 4197 concilium,
1468 4135 1497 4186 et
1518 4129 1657 4202 quosdam
1672 4129 1724 4183 hac

874 4231 947 4285 inre
969 4226 1057 4283 oflicii
1072 4225 1116 4280 sui
1128 4224 1308 4295 negligentes
1326 4215 1627 4276 excommunicationis
1640 4231 1725 4287 prena

874 4316 961 4388 plecti
982 4313 1065 4385 jubet
1087 4311 1179 4382 (ibid,
1216 4325 1276 4364 cau.
1316 4312 1392 4379 113).
1426 4304 1591 4372 Restabant,
1620 4317 1721 4373 quem·

875 4403 1030 4460 admodum
1059 4398 1201 4470 conjicere
1229 4401 1281 4464 est,
1314 4393 1428 4466 negotia
1448 4407 1508 4447 non
1532 4405 1633 4462 pauca,
1658 4406 1723 4461 qnae

876 4507 988 4548 moram
1012 4488 1233 4560 longiusculam,
1258 4489 1290 4540 ut
1310 4482 1560 4547 constituerentur,
1582 4477 1725 4533 desidere·

875 4582 945 4636 hant
960 4597 967 4634 ε
983 4577 1072 4651 igitur
1089 4591 1125 4631 ne
1150 4574 1257 4630 diutius
1278 4576 1320 4627 tot
1337 4568 1474 4641 presules
1496 4566 1666 4638 Carthagine
1680 4582 1725 4621 ra·

877 4669 1044 4728 tinerentur,
1064 4663 1146 4719 electi
1162 4665 1228 4716 sunt
1243 4677 1275 4715 es
1287 4670 1459 4727 unaquaque
1473 4653 1618 4724 provincia
1640 4651 1725 4720 terni,

877 4757 927 4829 qui
937 4771 1000 4811 oum
1009 4752 1137 4817 Aurelio,
1154 4747 1292 4823 quidquid
1303 4748 1376 4800 essct
1384 4742 1499 4814 reliqui,
1511 4744 1725 4813 componerent.

878 4841 1041 4900 ENumidia
1053 4857 1119 4896 cum
1132 4837 1233 4909 Alypio
1248 4839 1276 4888 et
1299 4831 1443 4887 Restituto
1455 4830 1580 4886 delectus
1600 4829 1655 4883 fuit
1668 4830 1726 4882 Au-

878 4932 1022 5003 gustinus.
1039 4928 1088 4982 Hic
1103 4926 1199 4995 itaque
1214 4920 1309 4993 quoad
1318 4919 1347 4973 in
1360 4916 1557 4973 Mauritaniam
1567 4913 1728 4987 proticisce-

877 5025 967 5086 retur,
992 5016 1042 5072 ubi
1066 5014 1175 5070 decimo
1204 5013 1306 5082 quarto
1337 5012 1366 5064 et
1397 5005 1566 5062 duodecimo
1591 5002 1727 5058 kalendas

878 5106 1000 5163 octobris
1020 5104 1133 5175 agebat,
1159 5097 1297 5155 remansit
1317 5096 1486 5168 Carthagine
1502 5111 1509 5148 :
1527 5108 1583 5166 qua
1602 5091 1632 5145 in
1656 5090 1727 5144 urbe

878 5197 960 5250 illurn
975 5189 1226 5264 occupatissimum
1249 5187 1326 5242 varia
1341 5185 1529 5242 detinuerunt
1543 5179 1658 5251 negotia
1679 5179 1727 5248 (De

879 5287 965 5341 Gestis
981 5298 1040 5337 cum
1054 5280 1183 5343 Emerita,
1198 5293 1227 5330 a.
1250 5276 1286 5346 l).

914 5377 940 5428 6.
959 5370 1092 5427 Nondum
1103 5365 1271 5437 Carthagine
1282 5363 1449 5420 discesserat
1461 5355 1646 5430 Augustinus,
1662 5368 1727 5408 cum

879 5460 972 5517 allatis
987 5459 1023 5515 ad
1035 5456 1160 5529 Africam
1180 5453 1288 5509 nuntiis
1305 5449 1457 5524 comperit,
1472 5442 1640 5516 Pelagianos
1665 5446 1727 5497 tum

880 5546 1070 5621 Imperatoris
1091 5545 1165 5616 lege,
1183 5547 1245 5599 tum
1265 5538 1429 5613 apostolicae
1454 5531 1533 5589 Sedis
1556 5530 1726 5586 auctoritate
