3884 6112
48 210 108 263 ute

47 345 133 387 sam:
155 349 214 388 nou
237 332 325 405 igitur
346 333 420 390 nihil
443 335 557 391 scimus.
574 338 744 410 Quanquam
758 356 906 411 nunquam

47 421 162 477 efficiet
173 426 205 477 ut
215 423 345 492 ingratus
370 423 434 493 sim,
449 441 566 494 prorsus
581 443 633 497 ego
661 429 739 483 illam
762 428 905 484 defiuitio-

47 524 125 567 nem
138 511 316 566 verissimam
328 512 437 583 judico.
451 516 509 569 Aut
529 515 605 569 euim
621 522 740 586 possunt
753 517 863 588 percipi
877 521 906 572 et

47 598 137 661 falsa,
153 599 231 670 quod
251 601 450 656 vehementius
463 603 751 670 Academici‘timent,
764 611 792 659 et
807 622 906 661 revera

48 687 212 742 absurdum
227 692 284 753 est;
300 694 349 744 aut
363 706 416 744 nec
430 705 464 745 ea
479 698 609 761 possunt,
625 709 690 765 quae
702 699 768 748 sunt
780 694 856 748 falsis
870 694 905 749 si-

47 777 149 832 milia:
170 776 246 832 unde
269 777 319 833 illa
342 778 471 835 definitio
492 796 557 835 rere
578 785 629 836 est.
655 783 710 838 Sed
728 783 788 853 jam
803 787 905 839 caetera

47 864 213 920 videamus.

163 953 277 1010 CAPUT
292 957 321 1010 ll.
338 985 373 996 -
395 959 451 1011 lieo
466 958 688 1012 Academicorum
703 958 797 1026 effatu.

90 1044 137 1097 22.
162 1043 295 1107 Quamvis
321 1044 394 1112 hae,
419 1044 474 1099 nisi
497 1046 590 1112 fallor,
618 1046 730 1117 possint
753 1047 788 1101 ad
816 1046 903 1101 victo-

48 1130 130 1185 riam
152 1132 218 1186 satis
243 1148 314 1199 esse,
330 1149 389 1188 non
414 1137 512 1188 tamen
525 1135 645 1189 fortasse
669 1136 705 1190 ad
720 1135 844 1190 victoriae
858 1152 903 1190 sa-

48 1219 193 1274 tietatem.
211 1222 272 1275 Duo
288 1226 354 1276 sunt
366 1238 431 1294 quae
442 1223 477 1277 ab
488 1222 663 1278 Academicis
675 1223 819 1286 dicuntur,
835 1239 902 1279 con·

48 1311 100 1362 tra
115 1324 189 1379 quae,
205 1313 235 1363 ut
256 1309 392 1377 valemus,
409 1310 506 1366 venire
523 1311 714 1366 instituimus:
735 1313 813 1370 Nibil
826 1327 903 1382 posse

45 1398 175 1466 pereipi;
193 1400 231 1463 et,
246 1398 323 1455 Nulli
347 1401 388 1453 rei
399 1399 493 1453 dehac
506 1403 642 1456 assentiri.
660 1402 699 1455 lie
723 1401 902 1455 assentiendo

48 1499 120 1539 mox
128 1484 206 1552 alias,
216 1502 291 1540 nunc
300 1488 626 1560 pausadaperceptione
636 1489 772 1544 dieamus.
788 1488 902 1544 Nihilne

47 1588 170 1645 prorsus
182 1573 274 1629 dicitis
288 1591 371 1645 posse
382 1577 607 1648 comprehendi?
617 1576 666 1631 llic
681 1575 825 1647 evigilavit
835 1577 900 1631 Car-

49 1662 158 1717 neades
170 1678 176 1716 :
193 1679 260 1718 nam
274 1679 359 1719 nemo
370 1664 492 1720 istorum
504 1665 600 1720 minus
610 1667 666 1720 alte
677 1680 766 1737 quam
779 1665 828 1720 ille
839 1666 902 1720 dor·

49 1752 143 1812 misit,
153 1756 182 1806 et
190 1752 390 1823 circumspexit
399 1770 494 1809 rerum
506 1754 688 1809 evidentiam.
701 1753 899 1825 ltaquecredo,

51 1855 152 1895 aecum
167 1840 238 1910 ipse,
264 1847 296 1896 ut
310 1841 352 1909 lit,
369 1841 504 1913 loquens:
521 1843 640 1912 Ergone,
657 1842 707 1912 ait,
731 1840 899 1896 Carneades.

49 1926 180 1983 dicturus
202 1944 232 1983 es
253 1929 361 1984 nescire
379 1935 407 1985 te
431 1935 530 1985 utrum
544 1931 631 1985 homo
646 1930 693 1999 sis,
713 1946 751 1984 an
765 1929 902 1985 formica?

48 2017 109 2072 Aut
123 2015 158 2071 de
172 2022 200 2072 te
221 2018 397 2089 Chrysippus
421 2019 630 2090 triumphabit?
654 2018 787 2074 Dicamus
801 2034 834 2072 ea
849 2032 901 2072 nos

50 2105 161 2161 nescim
172 2122 236 2178 quae
251 2107 521 2178 iuterphilosophos
532 2107 734 2180 inquiruntur;
749 2111 850 2161 catera
865 2106 901 2161 ad

49 2208 172 2250 nosnon
188 2194 342 2266 pertinere,
358 2199 390 2250 ut
403 2196 469 2251 siin
483 2197 545 2251 luce
560 2195 719 2251 titubavero
732 2194 901 2266 quotidiana

49 2287 81 2339 et
95 2283 217 2354 vulgari,
238 2284 273 2338 ad
288 2284 351 2338 illas
373 2284 574 2355 imperitorum
588 2284 721 2340 tenebras
735 2299 899 2354 provocem,

48 2370 102 2427 nbi
121 2371 176 2426 soli
196 2371 312 2443 quidam
328 2372 417 2427 divini
433 2373 508 2427 oculi
522 2372 633 2428 rident:
650 2373 701 2444 qui
715 2389 760 2426 me
776 2371 900 2426 etiamsi

49 2460 240 2532 palpitantem
251 2466 337 2532 etque
345 2462 493 2516 cadentem
504 2460 678 2533 aspexerint,
691 2461 771 2516 caeeis
780 2461 901 2532 prodere

50 2552 208 2619 nequeant,
219 2549 380 2620 prasertim
391 2550 603 2621 arrogantibus,
614 2556 642 2605 et
651 2566 723 2620 quos
737 2549 833 2604 doceri
847 2548 900 2603 ali-

48 2635 120 2707 quid
135 2636 249 2707 pudeat.
267 2637 355 2691 haute
379 2637 507 2708 quidem,
530 2653 655 2708 ograeca
669 2637 818 2703 industria,
836 2653 898 2690 suc-

47 2722 143 2779 cincta
158 2729 187 2779 et
199 2730 299 2795 parata
317 2725 463 2796 procedis;
483 2726 531 2781 sed
545 2742 605 2780 non
621 2725 738 2797 respicis
751 2725 831 2781 illam
851 2724 899 2778 de·

46 2811 211 2868 finitionem
220 2817 248 2867 et
257 2813 405 2870 inventum
418 2830 478 2869 esse
491 2814 665 2885 philosophi,
674 2818 703 2869 et
716 2814 747 2868 in
761 2813 900 2868 vestibulo

47 2899 244 2973 philosophica
259 2902 345 2956 mam
358 2906 444 2974 atque
453 2902 613 2958 fundatam.
623 2902 714 2966 Quam
723 2901 747 2955 si
757 2900 900 2956 succidere

47 2989 184 3056 tentabis,
200 2989 293 3044 rediet
310 2989 443 3060 bipennis
464 2991 494 3045 in
508 3007 611 3046 crura:
635 2991 685 3045 illa
699 2990 777 3045 enim
792 2988 899 3044 labefa-

46 3080 137 3146 ctata,
151 3091 211 3131 uon
224 3077 317 3132 solum
332 3083 430 3149 potest
443 3079 552 3150 aliquid
566 3078 684 3150 percipi,
701 3077 751 3133 sed
771 3077 856 3132 ctiam
871 3076 900 3131 id

45 3169 146 3237 potest
159 3165 236 3235 quod
249 3165 430 3221 simillimum
442 3166 512 3220 falso
526 3169 578 3233 est,
593 3165 617 3220 si
632 3181 695 3220 eam
710 3181 767 3220 non
782 3163 900 3218 audebis

45 3255 188 3309 evertere.
205 3253 252 3307 Fst
266 3253 344 3307 euim
363 3254 515 3309 latibulum
530 3259 613 3309 tuum
629 3254 705 3308 unde
720 3253 750 3307 in
771 3252 899 3307 incautos

44 3341 173 3397 transire
188 3341 336 3412 cupientes
359 3343 514 3397 vehemens
538 3341 666 3413 erumpis
681 3346 767 3412 atque
790 3341 898 3395 exsilis:

45 3429 156 3501 aliquis
171 3435 198 3484 te
214 3430 348 3485 Hercules
363 3428 458 3485 intua
474 3431 609 3502 spelunea
623 3435 761 3501 tauquam
775 3429 898 3484 semiho-

43 3516 160 3574 minem
170 3517 274 3573 Cacum
288 3520 297 3556 ¹
309 3518 470 3587 suffocabit,
481 3524 510 3574 et
524 3518 652 3590 ejusdem
666 3517 791 3572 molibus
805 3515 901 3588 oppri-

44 3609 119 3672 met,
133 3606 238 3661 docens
247 3606 356 3678 aquuid
367 3622 427 3662 esse
437 3607 466 3661 in
481 3605 665 3678 philosophia
675 3605 752 3678 quod
761 3610 899 3676 tanquam

44 3693 145 3750 simile
159 3695 230 3753 falso
246 3693 387 3749 incertum
400 3695 449 3750 abs
464 3698 491 3749 te
506 3693 568 3749 lieri
581 3710 640 3749 non
654 3693 754 3764 possit.
771 3694 853 3749 Certe
862 3693 899 3748 ad

44 3783 107 3840 alia
121 3784 326 3854 properabam3
343 3784 395 3839 hoc
421 3783 551 3856 quisquis
565 3788 659 3855 urget,
675 3783 810 3853 teipsum,
832 3782 899 3837 Car·

44 3873 165 3937 neades,
184 3888 289 3943 magna
302 3872 391 3928 allicit
405 3873 589 3935 contumelia,
617 3888 703 3944 quem
719 3888 735 3926 a
749 3887 795 3926 me
812 3871 899 3925 veluti

45 3966 200 4017 mortuum
208 3965 290 4032 putat
300 3961 473 4033 ubicumque
489 3965 538 4016 aut
552 3959 751 4031 undecumque
761 3975 842 4031 posse
855 3976 900 4013 su-

45 4049 156 4122 per-ari.
173 4049 202 4104 Si
216 4054 311 4104 autem
323 4064 383 4104 uon
396 4054 488 4120 putat,
503 4047 705 4103 immisericors
720 4053 773 4114 est,
788 4048 838 4118 qui
853 4064 899 4102 me

44 4136 159 4209 passim
180 4137 310 4192 deserere
325 4137 458 4208 presidia
477 4140 613 4192 attacum
627 4136 659 4190 in
673 4151 775 4207 campo
790 4141 900 4190 certare

46 4224 143 4296 cogit:
160 4225 190 4280 in
204 4240 291 4297 quem
306 4225 476 4280 descendere
495 4241 561 4279 cum
585 4224 745 4294 coepissem,
760 4223 820 4277 solo
849 4228 899 4277 tuo

47 4313 169 4368 nomine
180 4315 294 4369 territus
308 4314 411 4385 pedem
422 4313 516 4381 retuli,
526 4317 554 4367 et
567 4314 601 4367 de
616 4312 764 4384 superiore
779 4312 842 4367 loco
852 4328 901 4366 ue·

48 4404 112 4458 acio
122 4402 198 4474 quod
206 4403 348 4473 jaculatus
359 4419 432 4470 sum,
447 4402 524 4475 quod
535 4408 632 4456 utrum
644 4401 681 4456 ad
690 4406 718 4455 te
728 4401 900 4471 pervenerit,

47 4492 97 4547 vel
113 4490 183 4562 quid
191 4492 281 4562 egerit
295 4491 416 4546 viderint
430 4492 482 4546 sub
497 4506 620 4561 quorum
635 4489 767 4545 examine
783 4489 900 4544 dimica·

51 4594 129 4636 mus.
146 4579 199 4634 Sed
210 4579 279 4652 quid
288 4584 386 4634 metuo
402 4580 535 4651 ineptus?
549 4580 578 4634 Si
591 4579 664 4634 bene
678 4577 806 4647 memini,
823 4593 900 4632 mer·

48 4671 121 4724 tuus
136 4683 176 4734 es,
192 4683 244 4723 nec
268 4669 331 4739 jam
345 4685 397 4740 pro
412 4669 543 4739 sepulcro
557 4672 607 4722 tuo
624 4668 689 4738 jure
712 4671 822 4739 pugnat
835 4668 900 4738 Aly-

48 4757 135 4830 pius:
151 4757 232 4812 faeile
248 4773 294 4812 me
308 4760 407 4812 eontra
418 4756 552 4811 umbram
563 4760 643 4810 tuam
657 4757 732 4810 Deus
747 4754 899 4826 adjuvabit.

87 4847 134 4901 23.
160 4845 235 4900 Nihil
256 4845 298 4900 ais
310 4845 342 4899 in
365 4844 547 4916 philosophia
569 4860 650 4915 posse
679 4844 796 4915 percipi.
825 4845 859 4898 Et
873 4846 903 4897 ut

49 4933 214 4989 orationem
229 4938 309 4988 tuam
321 4935 400 5005 large
415 4935 528 5005 lateque
538 4933 687 4998 dillundas,
700 4932 803 5003 arripis
814 4932 900 5000 rixas,

49 5020 302 5092 dissensionesque
316 5021 565 5092 pbilosophorum,
583 5023 610 5075 et
630 5035 677 5074 eas
692 5019 745 5074 tibi
759 5023 859 5073 contra
870 5019 902 5073 il·

10 5168 17 5177 ,
47 5110 97 5167 los
107 5125 188 5164 arma
206 5109 369 5165 ministrare
384 5109 541 5165 arbitraris.
558 5108 708 5174 Quomodo
736 5108 814 5162 enim
826 5107 902 5162 inter

48 5197 248 5254 Democritum
268 5201 297 5252 el
318 5197 479 5269 superiores
506 5196 638 5268 physicos
657 5196 692 5250 dc
709 5212 765 5249 uno
781 5195 901 5264 mundo,

49 5291 81 5343 et
105 5286 364 5341 innumerabilibus
388 5285 468 5340 litem
489 5284 721 5355 dijudicabimus,
742 5299 808 5338 cum
827 5284 904 5339 inter

49 5407 234 5524 cathndscim
244 5406 676 5473 llsa.,semr?tomiaemsuffurohit,
688 5406 785 5456 omisso
796 5406 903 5457 nomine

107 5483 161 5520 um.

795 213 903 270 LlBEll
927 212 1088 271 TERTIUS.

1760 223 1811 275 ale

961 340 1055 412 ipsum
1067 340 1267 413 haeredemque
1280 342 1341 413 ejus
1356 343 1508 414 Epicurum
1524 346 1676 400 eoncordia
1694 363 1809 402 manere

962 429 1142 501 nequiverit?
1158 431 1229 485 Nam
1251 430 1304 485 isle
1334 432 1496 487 luxuriosus
1519 450 1584 487 cum
1604 438 1712 488 atomos
1728 438 1808 506 quasi

961 518 1109 574 ancillulas
1124 535 1198 587 suas,
1215 519 1243 574 id
1260 524 1302 574 ast
1316 522 1484 591 corpuscula
1499 539 1563 593 quae
1579 521 1745 576 intenebris
1763 525 1808 578 lie-

960 610 1006 661 tus
1026 608 1215 678 amplectitur,
1234 624 1291 663 non
1310 612 1407 664 tenere
1420 609 1495 664 riam
1511 627 1602 677 suam,
1619 612 1666 665 scd
1688 611 1716 665 in
1738 613 1806 666 alie-

960 711 1012 749 nos
1027 696 1131 751 limites
1143 698 1249 770 passim
1269 703 1369 768 sponte
1385 699 1528 753 declinare
1545 699 1700 769 permittit3
1716 703 1807 754 totum

958 784 1163 855 patrimonium
1174 787 1258 841 etiarn
1270 804 1321 858 per
1328 787 1425 858 jurgia
1440 787 1594 858 dissipavit.
1614 789 1672 841 lloc
1682 804 1747 841 vcro
1761 789 1804 842 ni-

959 872 1000 927 hil
1015 873 1048 928 ed
1066 891 1112 929 me
1127 875 1237 930 attinet.
1253 875 1283 931 Si
1297 876 1374 930 euim
1386 875 1420 929 ad
1434 875 1602 946 sapientiam
1619 875 1744 946 pertinet
1757 877 1806 929 ho-

958 975 1024 1014 rum
1044 961 1152 1033 aliquid
1173 963 1253 1030 scire,
1283 963 1310 1017 id
1331 979 1387 1017 non
1403 969 1495 1034 potest
1524 965 1612 1018 latere
1637 963 1803 1034 sapientem.

959 1047 987 1102 Si
1003 1054 1097 1104 autem
1113 1050 1190 1105 aliud
1204 1051 1340 1122 quiddam
1357 1056 1400 1105 est
1414 1052 1555 1122 sapientia
1570 1054 1593 1119 ¹,
1612 1052 1690 1107 illam
1702 1052 1756 1106 scit
1770 1070 1808 1106 sa·

957 1136 1049 1207 piens,
1065 1139 1119 1193 ista
1143 1139 1309 1193 contemnit.
1336 1141 1443 1194 Tamen
1470 1157 1523 1211 ego
1538 1141 1588 1211 qui
1611 1141 1697 1211 longe
1712 1141 1806 1195 adhuc

959 1224 1057 1279 absum
1072 1226 1140 1280 vela
1155 1226 1299 1279 vicinitate
1312 1227 1458 1296 sapientis,
1476 1228 1505 1281 iu
1518 1228 1579 1281 istis
1593 1228 1718 1299 physicis
1734 1246 1806 1282 nen-

958 1312 1040 1379 nihil,
1056 1314 1124 1368 scio.
1144 1315 1258 1369 [crisim
1274 1314 1352 1368 euim
1366 1315 1469 1382 habeo,
1481 1320 1631 1370 autunum
1646 1333 1706 1370 osse
1722 1334 1805 1372 mun·

957 1401 1036 1464 dum,
1053 1408 1102 1456 aut
1121 1419 1179 1457 non
1197 1419 1304 1469 unum;
1321 1403 1387 1457 etsi
1402 1419 1461 1456 non
1478 1420 1579 1469 unrrm,
1597 1408 1646 1457 aut
1663 1404 1736 1458 liniti
1752 1421 1806 1458 nu·

958 1490 1041 1557 meri,
1062 1495 1111 1545 aut
1125 1490 1242 1546 infiniti.
1268 1492 1354 1545 lstam
1369 1491 1538 1545 sententiam
1556 1492 1714 1546 Carneades
1729 1491 1805 1546 falsae

957 1593 1016 1632 esse
1032 1578 1155 1633 similem
1181 1579 1288 1634 doceat.
1310 1581 1381 1633 item
1404 1579 1461 1634 scio
1479 1581 1620 1634 muudum
1644 1580 1732 1634 istum
1752 1597 1804 1632 no-

957 1670 1057 1735 strum,
1075 1672 1125 1722 aut
1142 1671 1244 1722 natura
1260 1684 1423 1738 corporum,
1450 1673 1499 1722 aut
1513 1668 1608 1740 aliqua
1629 1668 1807 1740 providentia

956 1756 997 1811 sic
1012 1772 1072 1810 esse
1099 1756 1284 1827 dispositum;
1312 1773 1436 1828 eumque
1457 1761 1507 1812 aut
1527 1772 1641 1828 semper
1664 1757 1749 1811 fuisse
1778 1761 1806 1810 et

955 1844 1028 1914 fore,
1041 1849 1091 1899 aut
1101 1845 1218 1916 cepisse
1232 1862 1292 1899 esse
1309 1846 1428 1900 minime
1446 1845 1623 1912 desiturum-3
1638 1850 1687 1899 aut
1710 1850 1806 1899 ortum

957 1949 990 1988 ex
1004 1938 1134 2005 tempore
1147 1950 1207 1988 uon
1230 1933 1347 2000 habere,
1371 1934 1420 1987 sed
1434 1933 1600 1987 habiturum
1623 1933 1804 1997 csse.linem;

956 2028 1007 2078 aut
1020 2028 1048 2078 et
1063 2039 1178 2078 manere
1191 2021 1321 2095 coepisse,
1338 2027 1366 2078 et
1386 2038 1444 2076 non
1458 2027 1598 2092 perpetuo
1613 2036 1674 2075 esse
1689 2037 1805 2075 mansu-

955 2127 1035 2167 rum:
1052 2118 1080 2166 et
1092 2111 1316 2166 innumerabilia
1335 2109 1452 2182 physica
1467 2111 1520 2163 hoc
1535 2111 1619 2164 modo
1642 2110 1717 2164 novi.
1735 2111 1806 2163 Vera

956 2200 1033 2254 enim
1047 2199 1101 2254 ista
1116 2204 1181 2254 sunt
1196 2199 1346 2269 disjuncta,
1358 2214 1411 2252 uec
1419 2197 1608 2252 similitudine
1624 2197 1721 2267 aliqua
1735 2197 1798 2250 falsi

956 2303 988 2343 ea
1008 2290 1103 2357 potest
1117 2286 1269 2357 quisquam
1284 2286 1468 2339 confundere.
1485 2285 1539 2340 Sed
1555 2301 1667 2339 assume
1683 2285 1803 2355 aliquid,

955 2375 996 2430 ait
1008 2374 1202 2430 Academicus.
1229 2375 1313 2429 Nolo:
1331 2389 1397 2427 nam
1415 2373 1469 2428 hoc
1484 2378 1526 2427 est
1541 2374 1644 2439 dicere,
1662 2372 1804 2447 Relinque

955 2462 1034 2534 quod
1049 2463 1111 2529 seis,
1122 2462 1167 2517 dic
1182 2463 1259 2533 quod
1273 2462 1374 2515 nescis.
1391 2461 1445 2516 Sed
1458 2462 1562 2533 pendet
1581 2462 1731 2516 sententia.
1749 2462 1803 2515 llle-

954 2550 1011 2604 lius
1025 2554 1099 2605 certe
1114 2549 1219 2620 pendet
1234 2565 1320 2620 qnam
1349 2549 1442 2602 cadit:
1472 2565 1577 2619 nempe
1606 2551 1692 2618 plana
1718 2548 1803 2616 est²;

954 2655 1059 2710 nempe
1071 2638 1131 2709 jam
1150 2642 1244 2709 potest
1258 2642 1308 2691 aut
1320 2638 1400 2703 falsa,
1417 2641 1465 2690 aul
1480 2653 1546 2690 vera
1560 2637 1714 2691 nominari.
1728 2639 1805 2691 llane

955 2743 1025 2797 ergo
1040 2742 1086 2781 me
1101 2725 1253 2780 sciredieo.
1270 2725 1311 2779 Tu
1327 2725 1438 2795 quinec
1448 2724 1483 2778 ad
1493 2724 1704 2794 philosophiam
1716 2725 1805 2794 perti-

956 2831 1025 2870 nere
1040 2815 1093 2869 ista
1108 2829 1204 2882 negas,
1221 2816 1250 2867 et
1278 2827 1379 2866 eorrvm
1400 2811 1464 2865 sciri
1490 2811 1562 2865 nihil
1586 2827 1668 2880 posse
1691 2811 1802 2877 asseris,

955 2903 1073 2958 ostende
1089 2902 1202 2956 meista
1229 2900 1352 2955 nescire:
1369 2899 1413 2954 dic
1428 2899 1496 2953 istas
1519 2899 1724 2970 disjunctiones
1753 2905 1804 2953 aut

955 2993 1039 3047 falsas
1055 3007 1125 3057 esse,
1142 2994 1191 3044 aut
1206 2989 1313 3061 aliquid
1342 3003 1494 3043 commune
1509 2988 1615 3042 habere
1639 3003 1704 3042 cnm
1720 2989 1801 3056 falso,

955 3097 1007 3152 per
1021 3080 1099 3151 quod
1114 3078 1235 3133 discerni
1249 3077 1367 3132 omnino
1381 3093 1440 3132 uon
1456 3077 1575 3147 possint.

955 3170 1067 3225 CllPUT
1082 3169 1126 3223 lil.
1143 3198 1177 3206 -
1191 3170 1235 3222 Ea
1262 3182 1387 3222 sensuum
1410 3167 1593 3221 imbecillitate
1611 3181 1664 3219 raon
1687 3167 1760 3234 efflei
1773 3171 1803 3219 ut

993 3258 1131 3315 nihilacri
1141 3258 1321 3327 percipietur.
1338 3257 1429 3324 Neque
1441 3271 1475 3310 ca
1489 3270 1579 3310 somno
1593 3259 1619 3308 ct
1627 3254 1731 3320 furore

989 3349 1034 3402 24.
1071 3345 1162 3413 Unde,
1202 3344 1307 3415 inquit,
1343 3343 1396 3398 scis
1433 3359 1494 3398 esse
1527 3343 1614 3396 istum
1650 3342 1801 3402 mundum,

954 3433 979 3486 si
994 3449 1093 3488 sensus
1106 3433 1427 3503 falluntur?Nunquam
1442 3431 1567 3486 rationes
1578 3434 1677 3483 vestrae
1695 3429 1801 3482 itaviru

954 3537 1090 3575 sensuum
1105 3520 1234 3576 refellere
1250 3525 1415 3591 potuerunt,
1440 3523 1472 3573 ut
1495 3517 1699 3572 convinceretis
1717 3516 1801 3570 nobis

954 3609 1026 3664 nihil
1041 3609 1129 3663 videri
1140 3628 1148 3676 3
1160 3623 1213 3663 nec
1228 3608 1347 3662 omuino
1359 3608 1421 3661 ausi
1434 3607 1501 3661 estis
1511 3606 1664 3676 aliquando
1677 3604 1729 3658 ista
1742 3608 1801 3658 ten·

953 3701 1029 3764 tare;
1046 3698 1189 3769 sedposse
1217 3696 1295 3750 aliud
1323 3711 1382 3751 esse
1407 3711 1440 3749 ac
1467 3694 1587 3761 videtur,
1618 3693 1802 3748 vehementer

954 3786 1126 3857 persuadere
1143 3784 1322 3840 incubuistis.
1348 3786 1405 3855 Ego
1421 3783 1518 3854 itaque
1534 3785 1586 3838 lroc
1612 3787 1716 3844 totum,
1731 3798 1801 3853 qua-

954 3875 1105 3946 lecumque
1121 3878 1163 3929 cst
1177 3874 1255 3945 quod
1268 3889 1320 3927 nos
1335 3872 1473 3942 continet,
1488 3877 1572 3943 atque
1585 3871 1651 3938 alit3
1679 3872 1742 3938 hoc,
1760 3871 1802 3925 iu-

954 3978 1049 4033 quam,
1065 3962 1140 4033 quod
1160 3961 1250 4016 oculis
1276 3960 1347 4015 meis
1369 3963 1530 4032 apparet,a
1552 3975 1654 4030 meque
1679 3959 1802 4013 sentitur

954 4051 1059 4106 habere
1073 4054 1178 4105 terram
1191 4055 1220 4104 et
1233 4051 1348 4116 coelvrm,
1364 4054 1415 4103 aut
1438 4048 1520 4120 quasi
1545 4052 1662 4113 terram,
1679 4053 1707 4102 et
1721 4047 1801 4118 quasi

954 4140 1068 4206 eratum,
1085 4137 1225 4193 mundum
1236 4153 1313 4192 voco.
1325 4137 1354 4192 Si
1366 4137 1436 4191 dicis
1448 4136 1520 4190 nihil
1537 4135 1609 4189 mihi
1619 4134 1718 4198 videri,
1730 4150 1802 4188 nun·
1873 4197 1879 4207 Ι

955 4243 1042 4299 quam
1057 4227 1170 4281 errabo.
1196 4228 1222 4279 ls
1242 4224 1318 4279 enim
1344 4228 1430 4294 errat,
1446 4224 1496 4296 qui
1520 4223 1596 4294 quod
1611 4221 1666 4275 sibi
1680 4221 1800 4290 videtur,

954 4323 1063 4370 temere
1078 4314 1192 4386 probat.
1211 4315 1297 4368 Posse
1312 4313 1389 4366 onim
1404 4314 1508 4367 l'alsum
1522 4310 1612 4365 videri
1630 4310 1800 4365 csentienti-

955 4403 1009 4458 bus
1019 4399 1301 4469 steinenbrunnen
1310 4417 1368 4455 non
1378 4399 1480 4454 dicitis.
1491 4401 1609 4454 Prorsus
1620 4396 1697 4450 enim
1708 4397 1801 4451 omnis

954 4489 1155 4561 disputationis
1178 4505 1264 4544 causa
1288 4489 1414 4551 tolletur,
1444 4488 1493 4542 ubi
1514 4500 1634 4556 regnare
1658 4486 1799 4554 voslibet,

956 4579 979 4633 si
990 4594 1049 4633 non
1062 4578 1155 4642 sotim
1170 4577 1242 4632 nihil
1257 4578 1372 4643 scimus,
1389 4575 1536 4630 sedetiam
1546 4573 1617 4627 nihil
1633 4572 1713 4627 nobis
1728 4573 1803 4629 vide·

955 4671 1012 4722 tur.
1028 4665 1058 4720 Si
1071 4669 1167 4720 autem
1181 4666 1235 4721 hoe
1249 4665 1327 4737 quod
1348 4663 1418 4717 mihi
1431 4662 1545 4716 videtur
1559 4677 1645 4732 negas
1660 4662 1801 4717 mundum

955 4770 1026 4821 esse,
1046 4754 1081 4809 de
1096 4754 1212 4809 nomine
1236 4752 1456 4808 controversiam
1478 4749 1557 4819 facis,
1585 4765 1650 4804 curn
1668 4750 1696 4804 id
1724 4767 1801 4807 amc

956 4843 1076 4898 dixerim
1092 4843 1233 4897 mundum
1247 4841 1352 4896 vocari.

991 4934 1036 4986 25.
1052 4930 1193 5000 Etiamne,
1221 4929 1344 5000 inquies,
1362 4927 1385 4982 si
1410 4926 1528 4992 dormis,
1549 4928 1675 4982 mundus
1694 4934 1736 4983 est
1749 4928 1801 4983 iste

957 5034 1044 5090 quem
1058 5017 1157 5073 vides?
1171 5018 1234 5072 Jam
1248 5016 1418 5080 dictumest,
1434 5014 1575 5086 quidquid
1596 5016 1651 5069 tale
1675 5015 1746 5070 milri
1759 5015 1800 5069 vi·

957 5107 1049 5176 detur,
1061 5106 1200 5161 mundum
1211 5104 1332 5176 appello.
1343 5103 1397 5159 Sed
1408 5103 1431 5157 si
1444 5119 1508 5158 eum
1519 5103 1710 5174 solumplaeet
1722 5118 1802 5156 mun-

957 5194 1026 5249 dum
1049 5209 1159 5261 vocare,
1175 5193 1225 5264 qui
1242 5193 1355 5247 videtur
1376 5191 1589 5264 evigilantibus
1612 5191 1655 5245 vel
1681 5191 1803 5245 etiama

957 5284 1048 5349 sanis;
1063 5283 1134 5338 illud
1148 5281 1298 5349 contende,
1313 5281 1337 5336 si
1359 5285 1450 5352 pates,
1475 5296 1524 5336 eos
1539 5280 1589 5351 qui
1611 5277 1757 5333 dormiunt
1771 5294 1803 5332 ac

973 5392 998 5442 '¹
1017 5406 1056 5454 rra
1067 5406 1129 5454 nna.
1144 5405 1176 5453 xi
1190 5404 1266 5459 airu..
1282 5403 1536 5466 sapientissimam.

990 5470 1001 5502 ¹
1015 5468 1118 5531 Septem
1133 5469 1205 5527 Mea,
1218 5466 1297 5531 pleae
1308 5468 1354 5517 est.
