3884 6112
102 269 168 326 liti
490 255 734 321 bubonibus
753 248 1176 319 ECCLESIAECATHOLICAE,
1197 247 1223 304 S.
1246 247 1440 306 lucustis!
1807 251 1855 305 tes

101 391 216 462 (licor
234 403 272 454 ιι,
290 387 344 456 ιιι).
370 382 445 439 Αιιιιι
468 386 497 437 et
518 379 689 453 prophetam
712 380 874 444 canentem,
897 376 949 432 Gor
1001 377 1050 430 aut
1068 373 1141 430 nihil
1157 358 1325 445 putatasss,
1341 373 1398 428 nisi
1413 387 1547 446 corpus;
1568 374 1628 427 aut
1643 370 1760 428 etiamsi
1785 379 1855 429 anes

99 478 231 535 mundum
244 490 305 531 creo
319 477 349 528 in
362 489 411 536 me.
438 474 520 538 Deus,
536 474 561 524 et
574 471 704 540 spiritum
717 473 819 523 rectum
845 468 948 521 inncoa
1001 461 1084 516 ritate
1095 465 1250 530 commota
1273 461 1395 517 latentur
1410 460 1530 560 aliquid
1564 475 1639 516 esse
1670 459 1855 532 incorporem,

100 566 288 623 invisceribus
313 565 377 618 meis
404 558 716 630 (Pscl.1.,lil.Quid
742 560 841 612 contra
862 555 947 611 istam
1001 550 1035 606 de
1049 550 1099 605 illo
1112 554 1209 606 tamen
1222 549 1278 605 nisi
1296 565 1349 622 per
1375 548 1527 623 imagines
1560 564 1731 622 corporeas
1758 552 1856 623 cog'tarr

100 653 328 712 convenientiam
351 650 416 718 dici,
442 648 497 704 nisi
522 665 539 704 a
567 647 648 703 cecis
687 647 870 703 latratoribus
893 662 947 717 po·
1000 638 1171 711 nonpossit,
1187 644 1216 694 et
1229 639 1285 695 iulo
1299 638 1410 711 aliquid
1434 654 1503 695 esse
1519 638 1673 709 credere,
1700 640 1784 712 quale
1797 639 1856 695 ullu
1880 668 1884 683 ·

101 746 178 800 test?
1000 727 1129 799 corporis
1143 744 1242 783 seusus
1254 727 1370 797 infligit.
1384 719 1505 783 Ad'hoc
1517 727 1622 784 otiam
1638 727 1856 801 valetqoudpre

101 832 214 889 CAPUT
233 830 287 885 llll.
301 859 335 870 -
349 828 495 884 sensibilia
516 828 607 882 onnia
626 829 800 890 contemnere,
821 827 846 877 et
860 819 947 878 sotum
1001 815 1106 888 cipitur
1120 817 1280 872 nuendum
1294 831 1357 871 esse
1372 832 1388 871 a
1404 817 1596 873 simulacris.

344 919 429 972 Deum
448 931 540 971 umere
558 915 699 986 jabenus.
1037 908 1081 961 39.
1098 905 1169 960 Huic
1182 920 1251 976 ergo
1263 904 1425 961 auctoritati
1441 905 1520 961 Nori
1537 905 1745 975 Testamenti,
1760 922 1810 978 qna
1826 909 1854 978 je·

135 1012 178 1065 37.
189 1006 331 1062 lllecebrae
346 1009 442 1060 autem
456 1004 584 1076 corporis
599 1003 661 1058 sitae
676 1000 778 1056 suntin
792 999 838 1054 his
853 998 946 1054 omni·
1001 993 1103 1048 bemnr
1118 992 1188 1048 nibil
1204 993 1304 1049 mundi
1317 993 1404 1065 hujus
1419 993 1554 1066 diligere
1575 993 1603 1065 (1
1617 997 1706 1050 Joon.
1722 1011 1754 1064 ιι,
1769 996 1853 1063 titillo
1880 1018 1884 1075 p

98 1097 152 1152 bus
168 1111 233 1168 quoe
247 1109 401 1166 corporeus
424 1108 523 1147 sensus
539 1091 664 1163 attmgit,
681 1107 744 1163 quea
769 1104 785 1142 a
799 1087 948 1142 nonnullis
1000 1081 1125 1137 maxime
1150 1081 1292 1137 sonnatio
1306 1096 1363 1152 qua
1377 1081 1488 1137 dictum
1504 1087 1570 1149 est,
1588 1084 1689 1140 Nolite
1717 1084 1852 1150 eostm‘

99 1180 567 1240 etiamsensibilianominantur:
584 1178 735 1251 inquibus
759 1176 881 1231 maxime
898 1174 948 1230 lux
1002 1171 1064 1226 bute
1078 1170 1178 1225 mundo
1194 1168 1282 1240 (Rom.
1304 1186 1353 1238 au,
1373 1171 1419 1241 tl:
1437 1170 1533 1226 simul
1561 1171 1650 1227 euim
1683 1172 1850 1228 demonstrar-

99 1273 153 1329 ista
167 1271 291 1343 vulgaris
318 1269 437 1328 excellit,
453 1268 521 1340 quia
536 1272 565 1323 et
586 1266 655 1338 ipsis
678 1264 809 1320 sensibus
831 1263 947 1330 nostris,
1001 1258 1070 1315 dum
1084 1264 1127 1314 est
1139 1259 1166 1313 oi
1179 1259 1221 1313 rei
1229 1275 1373 1331 quemque
1383 1259 1574 1315 conformari
1585 1276 1686 1333 quam
1696 1261 1849 1334 diligittbus

99 1359 307 1433 quibusanima
319 1374 371 1428 per
386 1373 490 1426 corpus
499 1353 679 1422 utitur,nibil
692 1357 735 1407 est
745 1352 834 1408 oculis
845 1351 947 1424 praetc-
1001 1364 1069 1420 crgo
1097 1347 1269 1418 auctoritati,
1296 1348 1320 1402 si
1341 1348 1375 1403 de
1403 1349 1501 1403 Veteri
1534 1351 1740 1406 Testamenta
1755 1367 1848 1423 οοιιιι

99 1447 237 1512 rendum3
254 1450 283 1500 et
297 1445 360 1498 ideo
375 1444 404 1497 in
426 1441 580 1513 Scripturis
596 1440 710 1501 sanctis,
725 1439 880 1495 visibilium
895 1455 947 1495 no·
1001 1435 1072 1506 quid
1086 1451 1261 1507 comparem,
1275 1437 1358 1508 plura
1368 1436 1486 1509 quidem
1507 1437 1664 1493 invenio:
1680 1439 1735 1494 sed
1749 1440 1848 1494 nausis

100 1535 178 1589 mine
192 1532 338 1589 sensibilia
360 1535 462 1585 cuncta
475 1530 637 1601 significant
653 1530 672 1583 ¹.
691 1530 787 1599 ltaque
817 1528 846 1582 in
871 1529 948 1583 Νοιο
1001 1523 1125 1579 lemonia
1139 1524 1221 1591 liber,
1240 1523 1417 1579 Ecclesiastes
1434 1524 1486 1596 qui
1519 1525 1652 1594 dicitur,
1682 1526 1847 1598 copiosissint

99 1626 279 1680 Testamenta
302 1620 341 1674 sic
354 1621 391 1674 ab
406 1619 527 1674 istorum
542 1633 640 1673 amore
655 1617 861 1689 prohibemur:
890 1619 948 1674 Non
1001 1611 1031 1666 in
1049 1627 1194 1667 summum
1208 1616 1405 1684 contemptum
1414 1612 1518 1667 omnia
1529 1613 1594 1669 ista
1609 1615 1764 1685 perducit.
1778 1613 1848 1684 inopi

99 1714 278 1781 respicientes,
290 1707 393 1779 inquit,
404 1708 608 1776 qnaevidentur,
620 1707 667 1761 sed
680 1705 946 1775 queenonoteientnr.
1002 1699 1079 1755 enim
1096 1700 1153 1756 sic:
1171 1702 1286 1756 Venitne
1310 1703 1495 1756 vanitantium
1520 1700 1574 1772 (ο),
1594 1702 1679 1757 ιιιόιίι
1696 1704 1847 1758 umnam

99 1801 243 1867 Quaenine
266 1797 403 1862 uidentur,
420 1796 580 1866 temporatia
599 1799 681 1849 sunt:
698 1809 757 1864 qua
784 1798 873 1848 autem
895 1810 949 1850 non
1001 1792 1110 1844 ucnitus
1124 1792 1354 1859 vanitantium‚et
1368 1792 1603 1846 omniooonitos.
1622 1792 1847 1858 Quantosne

98 1887 235 1953 sidentur,
250 1891 352 1941 eterna
364 1885 399 1956 ιιι
417 1884 477 1939 Gor.
494 1899 531 1949 ιι,
548 1884 605 1954 ta).
622 1883 661 1937 Ex
676 1897 734 1953 quo
749 1881 873 1953 intelligi
893 1899 946 1954 po·
1003 1878 1106 1933 nmini
1118 1881 1149 1933 in
1163 1879 1335 1933 omnilobore
1347 1893 1406 1950 auo,
1421 1895 1503 1949 quern
1519 1883 1588 1950 ipse
1604 1881 1780 1938 ιοιιοιοιιιιι
1794 1879 1847 1936 nti

98 1980 164 2042 test,
177 1991 264 2047 quam
279 1971 416 2029 christani
427 1988 486 2027 non
500 1971 557 2026 sint
571 1970 622 2042 qui
638 1970 728 2025 solem
744 1974 771 2024 et
782 1970 948 2027 lunamnou
1003 1960 1098 2037 (noete
1113 1983 1132 2035 r,
1157 1969 1182 2034 ι,
1201 1968 1241 2038 3.)
1256 1968 1321 2022 llaec
1334 1966 1420 2022 rerba
1433 1967 1542 2023 omnia
1574 1968 1601 2024 si
1628 1970 1816 2034 attendantur,
1834 1968 1846 2021 i

98 2065 185 2120 modo
215 2062 385 2134 diligendos,
413 2061 462 2116 sed
479 2061 567 2115 etiam
590 2059 725 2113 colendos
747 2062 858 2129 putant.
875 2057 949 2122 Quid
1002 2054 1229 2127 perpendantur,
1267 2054 1291 2109 si
1318 2054 1525 2122 discutiantur,
1560 2058 1667 2112 multa
1694 2058 1847 2114 invenimur

98 2153 177 2208 euim
195 2152 334 2221 ridemus,
349 2150 373 2205 si
386 2150 477 2205 solem
492 2153 520 2204 et
533 2149 632 2203 lunam
649 2163 709 2202 non
728 2145 877 2202 videmus?
895 2147 948 2201 Ve-
1002 2143 1564 2216 pernecessariaiisquibuncmuudum
1572 2145 1699 2218 fugere,
1710 2146 1847 2217 etrdngen

98 2241 143 2296 titi
159 2245 255 2297 autem
269 2255 368 2295 sumus
387 2237 514 2293 converti
537 2237 572 2292 ad
595 2253 629 2291 ea
644 2252 710 2308 quae
723 2236 867 2291 videntur.
885 2237 949 2290 Non
1003 2231 1034 2287 iu
1049 2232 1139 2287 Deum
1154 2232 1337 2288 desiderant:
1353 2231 1402 2287 sed
1417 2232 1548 2304 longum
1567 2238 1628 2305 est,
1645 2239 1678 2292 et
1694 2235 1752 2292 alio
1767 2237 1848 2291 teum

99 2332 166 2384 sunt
179 2328 268 2398 igitur
282 2327 369 2381 etiam
384 2326 439 2380 ista
459 2324 605 2397 diligenda
619 2324 645 2379 ei
660 2324 710 2396 qui
724 2340 853 2379 amorem
866 2324 948 2380 illum
1002 2320 1104 2376 oratio.
1128 2321 1188 2376 'lali
1215 2325 1311 2375 nmen
1338 2319 1482 2392 principio
1505 2322 1699 2393 constituto,
1716 2324 1848 2397 exsequor

99 2416 299 2486 incorruptum
308 2416 366 2470 Deo
381 2412 642 2485 cogitatexhibere.
659 2411 712 2467 Sed
724 2411 779 2466 erit
791 2411 862 2466 mihi
876 2411 949 2467 alius
1002 2409 1111 2473 omnia,
1136 2409 1293 2464 vanitantes
1312 2424 1373 2465 esse
1397 2409 1518 2480 eosqui
1536 2411 1636 2468 rebus
1651 2411 1848 2485 ιιιιιιιιοιοιιιιι

99 2505 180 2559 locus
192 2520 250 2576 quo
270 2502 304 2558 de
322 2501 384 2558 istis
409 2500 576 2572 diligentius
595 2499 768 2572 requiretur.
785 2500 847 2555 Non
871 2500 949 2556 enim
1002 2497 1101 2553 luatur
1113 2514 1121 2566 3
1134 2497 1260 2569 idipsum
1285 2502 1382 2552 autem
1395 2513 1454 2569 quo
1469 2497 1631 2555 falluntur
1646 2502 1799 2558 vanitatem
1815 2516 1847 2553 re

99 2592 306 2658 nuncdetide,
335 2590 384 2646 sad
406 2589 441 2645 de
456 2588 618 2645 situdicere
646 2588 766 2655 institui,
784 2605 837 2659 per
862 2604 948 2661 quam
1003 2602 1080 2653 cans,
1096 2601 1154 2641 non
1182 2587 1261 2658 quod
1287 2587 1361 2642 Deus
1390 2585 1446 2640 ista
1460 2601 1527 2642 non
1551 2591 1721 2657 emoreris,
1744 2590 1788 2645 sed
1805 2587 1848 2660 qui

101 2695 245 2736 mmemur
260 2679 331 2734 scire
347 2678 424 2750 quod
438 2677 590 2733 credimus.
607 2675 854 2747 Amandusigitur
872 2677 949 2732 solus
1003 2674 1143 2746 subjicere
1172 2690 1201 2729 se
1225 2674 1357 2730 homines
1371 2673 1474 2730 volunt
1500 2675 1543 2730 iis
1560 2678 1661 2734 rebus
1676 2695 1732 2752 per
1754 2682 1847 2752 peceat,

100 2770 174 2825 Deus
188 2772 251 2824 ost:
281 2767 376 2823 omnis
397 2782 465 2823 vero
492 2766 546 2821 iste
567 2765 699 2833 mundus,
717 2764 747 2820 id
769 2770 823 2835 est,
852 2765 949 2821 omnia
1004 2779 1069 2835 quae
1083 2762 1140 2818 illis
1153 2779 1206 2834 per
1220 2766 1296 2818 recte
1314 2763 1387 2819 iacta
1414 2763 1518 2819 divina
1534 2765 1607 2838 lego
1637 2768 1777 2841 subjecte
1796 2770 1847 2822 snut

100 2856 246 2913 sensibilia
259 2854 489 2922 contemnenda,
513 2854 654 2910 utendum
674 2857 771 2909 autem
785 2853 831 2909 bis
844 2853 880 2909 ad
893 2854 947 2909 bu·
1004 2851 1079 2916 Quid
1092 2857 1134 2907 est
1148 2852 1227 2911 enim
1241 2851 1330 2915 aliud,
1344 2851 1423 2907 falsis
1438 2852 1529 2908 bonis
1544 2854 1643 2912 illudi
1663 2863 1755 2932 atque
1775 2854 1847 2925 derio⁴

96 2946 146 3017 jus
160 2947 226 3000 vitae
238 2944 446 3000 necessitatem.
1003 2954 1091 3010 quam
1119 2939 1210 3011 teipso
1237 2939 1382 3007 interiora,
1410 2939 1554 2998 mirande
1571 2949 1604 3000 ot
1620 2947 1787 3020 appetenda
1798 2942 1847 2999 arbi

100 3034 213 3090 CAPUT
227 3034 295 3089 lllll.
314 3064 349 3074 -
364 3033 457 3089 Gloria
483 3032 626 3101 popularis
644 3036 670 3087 et
692 3033 837 3087 curiositas
862 3030 949 3088 ιιονίι
1003 3028 1095 3084 trari‘?
1109 3029 1198 3084 liubai
1212 3028 1301 3100 igitur
1316 3028 1358 3083 vir
1371 3033 1548 3100 temperans
1562 3034 1598 3089 in
1615 3034 1845 3108 hujuscemodire

395 3121 507 3176 Litteris
521 3119 662 3174 damnata.
1003 3118 1057 3173 bus
1071 3117 1240 3173 mortalibus
1255 3121 1284 3173 et
1297 3117 1465 3189 tluentibus,
1480 3118 1559 3177 vilae
1589 3126 1737 3196 regulam
1759 3129 1845 3192 nume

135 3214 178 3267 38.
196 3209 290 3266 Gloria
314 3225 381 3265 vero
396 3209 543 3280 popularis
559 3208 598 3263 sic
617 3209 647 3263 in
670 3209 747 3264 Novo
768 3210 949 3264 Testamenta
1001 3208 1182 3262 Testamenta
1195 3205 1358 3274 firmatam
1376 3210 1409 3262 ut
1423 3222 1535 3264 eorum
1559 3211 1645 3268 nihil
1665 3214 1777 3286 diligat,
1798 3208 1843 3266 riti

99 3299 231 3372 abjicitur
246 3301 331 3370 atque
354 3295 567 3352 contemnitur:
597 3296 628 3351 Si
656 3296 821 3362 bominibus,
842 3296 947 3368 inquit,
1002 3307 1056 3362 per
1073 3310 1102 3348 se
1118 3295 1309 3366 appetendum
1324 3299 1414 3366 putet,
1439 3295 1492 3351 sed
1521 3299 1562 3354 ad
1589 3300 1668 3357 vitae
1684 3304 1770 3375 hujus
1789 3304 1845 3370 sitit

95 3386 201 3455 placere
214 3385 317 3452 οιιιιοι,
336 3386 441 3442 Christi
454 3398 547 3439 seruus
566 3399 618 3439 non
637 3399 720 3441 essem
735 3385 834 3451 ιιὶοιοι.
860 3402 880 3455 ι,
895 3386 946 3455 ιθ).
1001 3377 1162 3435 officiorum
1187 3380 1383 3437 necessilatem
1410 3385 1565 3454 quantum
1593 3392 1646 3442 sat
1663 3394 1722 3458 est,
1749 3389 1843 3457 ιιιιιιοι

42 3468 45 3473 ’
97 3473 145 3530 Est
158 3474 228 3530 item
240 3473 318 3529 aliud
332 3473 450 3546 quodde
465 3471 636 3544 corporibus
646 3472 923 3546 perimaginationes
937 3477 949 3511 ¹
1001 3467 1110 3523 utentis
1123 3468 1272 3538 modestia,
1283 3485 1342 3525 non
1358 3469 1482 3524 amantis
1500 3471 1633 3532 affectu.
1647 3478 1719 3534 tlaec
1733 3478 1798 3534 dien
1808 3474 1849 3544 tui,

96 3562 235 3634 quasdam
255 3562 378 3634 concipit
392 3562 498 3630 anima,
524 3565 552 3617 et
574 3578 638 3617 eam
652 3566 733 3617 vocat
747 3578 846 3617 rorum
860 3563 949 3617 scien·
1002 3557 1037 3614 de
1050 3557 1252 3630 temperantia,
1275 3575 1328 3631 pro
1351 3574 1448 3614 rerum
1476 3563 1708 3634 magnitudine
1739 3564 1842 3624 bunut

96 3650 177 3708 tiam.
195 3650 386 3717 Quamobrem
401 3655 476 3707 recte
501 3650 587 3707 etiarn
616 3651 720 3706 curiosi
735 3666 796 3707 esse
812 3651 948 3723 prohibe·
1001 3662 1054 3718 pro
1068 3645 1201 3704 instituto
1216 3652 1313 3703 tamen
1335 3663 1422 3721 opere
1448 3648 1581 3709 tortasse
1614 3656 1769 3728 copiosius
1787 3662 1842 3725 qut!

97 3753 173 3805 mur,
189 3739 265 3810 quod
290 3755 427 3811 magnum
452 3738 650 3810 temperantiae
668 3754 774 3794 munus
802 3739 948 3795 ostillon
1002 3735 1162 3806 oportebat.

95 3825 167 3880 illud
182 3827 461 3895 est:0ooetenequis
475 3840 521 3881 uos
534 3827 646 3881 seducat
657 3843 709 3897 per
719 3827 945 3897 pbitcssoplrium.
1037 3824 1151 3881 CAPUT
1167 3825 1245 3880 llllll.
1264 3852 1294 3866 -
1310 3823 1512 3881 Fortitudinem
1538 3833 1821 3899 mamimus

96 3913 130 3967 Et
151 3913 219 3985 quia
244 3912 339 3983 ipsum
353 3929 459 3968 nomen
473 3913 665 3985 philosophie
684 3913 708 3967 si
737 3904 944 3979 consideretur,
1036 3914 1080 3968 tc.
1098 3912 1318 3969 Detorlitudiue
1342 3928 1408 3968 vero
1437 3929 1498 3970 non
1523 3920 1631 3976 multa
1664 3919 1840 3980 oioentamt

95 4016 158 4057 rem
173 4017 307 4073 magnam
322 4005 439 4073 totoque
451 3999 463 4036 ⁸
477 4001 574 4056 animo
589 4003 780 4074 appetendam
795 4003 946 4075 significat,
999 4003 1088 4056 Amor
1102 4018 1226 4074 namque
1239 4003 1288 4056 ille
1302 4002 1337 4057 de
1351 4018 1409 4075 quo
1424 4004 1596 4075 loquimur,
1630 4026 1726 4081 quem
1739 4016 1840 4067 totusue

95 4089 239 4162 siquidem
252 4088 436 4161 philosophia
450 4093 583 4145 estamor
593 4090 779 4162 studiumque
788 4091 945 4162 sapientie,
1000 4088 1085 4145 citata
1112 4089 1325 4147 inflammatum
1350 4105 1411 4146 esse
1435 4097 1561 4164 oportet
1585 4097 1622 4153 in
1638 4101 1746 4169 Deum,
1769 4100 1840 4153 inm

94 4178 257 4234 cautissime
273 4178 435 4249 Apostolus,
452 4193 487 4232 ne
498 4177 639 4233 abamore
650 4179 796 4250 sapientiae
803 4180 946 4236 deterrere
1000 4179 1169 4251 appetendis
1184 4181 1246 4236 istis
1260 4184 1432 4252 temperans,
1448 4180 1482 4236 in
1497 4184 1687 4245 amittendis
1701 4189 1840 4246 mensem

93 4267 247 4335 rideretur,
276 4265 406 4338 subjecit,
422 4268 590 4322 etelesncnto
618 4269 700 4339 bajus
723 4269 819 4323 mundi
833 4269 943 4340 (dolosa.
1000 4270 1057 4322 tur.
1078 4267 1132 4323 Sed
1146 4268 1221 4324 inter
1250 4269 1347 4325 omnia
1372 4285 1436 4340 quse
1451 4268 1484 4325 iu
1511 4272 1573 4328 hac
1600 4276 1666 4333 sita
1680 4276 1840 4351 possideatur.

93 4373 122 4424 ιι,
136 4359 174 4428 8).
189 4357 261 4413 Sunt
275 4356 352 4411 enim
367 4355 417 4427 qui
433 4356 552 4412 desertis
565 4356 728 4424 virtutibus,
742 4362 770 4413 et
784 4357 944 4413 nescientes
999 4371 1101 4428 corpus
1115 4356 1227 4412 homini
1242 4357 1441 4429 gravissimum
1455 4357 1622 4420 vinculum
1639 4372 1697 4430 est,
1710 4358 1841 4439 justississft

94 4445 164 4516 quid
180 4445 216 4500 sit
229 4445 314 4515 Deus,
324 4448 353 4500 et
363 4450 469 4516 quauta
478 4445 613 4517 majestas
623 4462 737 4517 semper
749 4445 945 4502 eodemmodo
999 4444 1049 4500 Dei
1069 4444 1190 4515 legibus,
1203 4450 1323 4518 propter
1343 4445 1497 4518 uunquam
1525 4457 1706 4522 peccatum,
1728 4470 1781 4528 qno
1792 4445 1840 4506 uit

94 4533 237 4587 manentis
263 4537 375 4588 naturae
399 4549 537 4606 magnum
563 4533 673 4605 aliquid
687 4550 717 4588 se
731 4549 816 4605 agere
829 4539 943 4605 putant,
999 4536 1042 4589 est
1055 4533 1091 4589 ud
1103 4535 1318 4607 praedicandum
1331 4534 1437 4602 notius,
1466 4534 1547 4593 nihil
1573 4542 1618 4597 ad
1649 4540 1841 4616 intelligendas

94 4620 119 4674 si
133 4621 296 4676 universam
315 4621 400 4676 istam
416 4622 544 4693 corporis
559 4622 678 4691 molem,
702 4637 790 4693 quam
804 4623 945 4679 mundum
998 4623 1142 4678 secretius.
1160 4625 1218 4679 boc
1232 4639 1301 4696 ergo
1315 4624 1462 4679 vinculum
1491 4640 1531 4680 ne
1559 4633 1841 4700 coaceruatorum

94 4723 303 4779 nuncupamus,
331 4710 523 4765 curiosissime
554 4709 805 4783 intentissimeque
827 4712 945 4812 perqni·
998 4715 1125 4779 vexetur,
1141 4711 1423 4780 laborisetdoloris3
1438 4727 1476 4767 ne
1504 4710 1673 4776 auferatur
1698 4724 1783 4795 atque
1799 4731 1841 4790 pu

92 4801 168 4853 rant.
190 4797 268 4852 Unde
283 4802 361 4853 tanta
376 4799 462 4854 etiam
478 4799 612 4872 superbia
638 4798 777 4870 gignitur,
794 4800 845 4854 ut
837 4817 867 4855 ιιι
881 4800 943 4900 ipso
997 4800 1114 4868 imatur,
1123 4800 1224 4857 mortis
1235 4800 1606 4874 terrcraanimumquatit„
1614 4802 1871 4901 Amatenimillsi

92 4887 175 4958 coelo,
204 4885 239 4940 de
267 4901 325 4956 quo
340 4903 416 4959 sepe
442 4886 598 4960 disputant,
615 4886 736 4944 sibimet
762 4886 930 4943 babitare'
905 4905 944 4944 ra·
996 4888 1025 4944 vi
1039 4889 1262 4958 consuetudinis,
1278 4905 1337 4946 non
1350 4889 1530 4961 intelligens,
1562 4894 1593 4949 si
1625 4914 1665 4954 eo
1688 4899 1764 4955 boue
1784 4864 1871 4983 ιιῳιΙ

92 4979 224 5034 deantur.
245 4973 393 5045 Reprimat
407 4975 497 5046 igitur
511 4976 943 5048 seanimaabbujusmodivane
997 4978 1119 5034 scienter
1144 4982 1252 5046 utatur,
1291 4978 1532 5036 resurrectionem
1560 4985 1842 5056 reformationem*

91 5062 263 5136 cognitionis
287 5061 487 5132 cupiditate,
466 5067 477 5100 ⁴
511 5065 535 5119 si
560 5070 719 5122 sebastem
746 5066 804 5121 lleo
831 5082 943 5122 serrare
996 5068 1058 5139 ojus
1072 5084 1126 5140 ope
1139 5083 1172 5124 ac
1194 5068 1257 5140 lega
1282 5068 1379 5124 divina
1404 5068 1465 5123 sine
1496 5069 1562 5127 ulla
1589 5077 1736 5134 molestia
1735 5064 1871 5178 jurisat'j

91 5152 240 5225 disposuit.
257 5149 318 5207 Tali
333 5150 410 5205 enim
431 5166 529 5207 amore
557 5154 729 5227 plerumque
744 5153 895 5227 decipitur,
910 5160 943 5212 ut
996 5157 1139 5214 subditam
1153 5158 1229 5214 tore:
1246 5157 1377 5213 sedcum
1392 5172 1422 5214 se
1442 5157 1500 5212 boc
1524 5174 1638 5221 amore
1652 5167 1741 5222 ιοιιι
1733 5183 1764 5222 m
1778 5166 1868 5221 nonu

123 5269 177 5318 ¹ln
194 5268 251 5318 lias
266 5269 336 5326 octo,
352 5265 541 5328 deputontur,
557 5281 585 5317 ru
595 5267 756 5330 diiambus
767 5269 940 5322 damnantur.
995 5246 1197 5314 ⁰⁰¹¹V⁰ft⁰¹⁸¹t¹r
1210 5245 1255 5302 ¹¹1³
1278 5245 1401 5318 ⁰⁰8¹1¹t¹⁸
1428 5251 1560 5304 mmm
1583 5268 1651 5309 ¹¹0ss
1666 5255 1756 5311 modo
1775 5254 1869 5309 0⁰⁰¹*

121 5330 217 5380 ¹liditi
220 5343 285 5393 ,per
301 5330 442 5403 imbrices.
454 5305 573 5392 Plerique
587 5330 648 5380 blas.
652 5332 940 5405 ,perioropinotiones
1866 5336 1873 5407 l

90 5392 208 5512 intsspilps
219 5392 335 5519 pptlgprpp
343 5391 573 5506 rppffiotptcenque.
586 5392 689 5442 Porro
682 5407 710 5443 m
720 5393 778 5443 aliis
792 5394 903 5445 babetur
912 5399 942 5446 ut
994 5398 1183 5510 ocimum
1178 5394 1246 5447 ..ted
1260 5409 1322 5447 eum
1336 5393 1405 5448 tune
1413 5407 1541 5449 οιιιοιοιιι
1551 5403 1652 5455 toton
1661 5406 1691 5456 ιιι
1708 5408 1789 5458 Desa
1799 5412 1843 5452 eas·

120 5514 323 5578 itliqnotllss,
330 5513 937 5584 obbujenmcdicaoseoottcttoniseupwitote.
1026 5523 1062 5584 (a)
1075 5521 1133 5571 vid.
1148 5522 1262 5572 Retract.
1278 5519 1322 5571 lib.
1339 5523 1363 5580 l,
1377 5523 1471 5586 capt,
1485 5534 1516 5574 u.
1532 5525 1558 5572 ³.
