3884 6112
139 222 200 275 307·

138 340 208 397 mali
220 338 298 395 credi
312 337 433 404 volebat,
448 339 640 391 ostensurum.
660 336 755 392 Nullus
777 338 857 399 arim,
882 331 986 404 inquit,

136 433 176 486 sio
187 429 317 500 proditur
330 427 437 497 qualem
455 439 567 480 causam
578 424 711 493 babuerit,
730 439 811 493 quam
821 424 867 477 itte
880 423 929 492 qui
940 436 991 491 per

136 518 277 574 samtares
295 519 452 586 potestates,
468 515 510 569 oet
533 513 669 583 quaslibet
684 513 836 579 enuntias,
851 526 910 566 cum
926 525 989 580 per·

137 608 289 663 turbatione
302 608 328 660 et
347 605 457 673 querela
477 606 591 656 certatur
614 603 732 671 recipere
751 600 886 657 bonoram,
912 611 990 666 quem

135 693 268 765 perdidit.
292 695 353 749 Non
375 691 433 745 unit
457 691 529 745 enim
552 689 653 743 colenti
675 688 783 744 Christo
807 688 918 750 seruire,
943 683 991 739 sed

138 782 302 840 Christianis
316 778 467 834 nolentibus
482 777 621 831 dominari
634 775 736 847 (Epist.
749 776 795 843 64,
812 790 843 830 n.
862 774 889 844 4)
920 775 990 829 'ler-

137 871 263 924 minatur
281 866 406 937 deniqne
422 864 577 919 concilium
596 863 671 918 iacta
688 861 905 933 Carthaginensi
917 861 991 915 anti·

137 956 195 1012 stiti
209 958 350 1027 potestate
373 969 420 1008 eas
442 952 560 1007 nomine
576 952 775 1024 episcoporum
794 951 923 1006 omnium
947 949 992 1005 di·

137 1040 502 1112 etandiatqueobsignandi
513 1039 657 1112 epistolas,
666 1055 737 1112 quas
747 1040 867 1095 eoncilia
879 1038 991 1093 mittere

136 1130 364 1186 constituissent:
382 1145 440 1183 non
454 1143 534 1184 secus
549 1144 582 1184 ac
596 1128 701 1184 tradita
723 1128 834 1200 scriptis
856 1127 992 1183 mandata

137 1234 249 1286 eorum,
275 1235 340 1290 quae
363 1217 439 1273 circa
476 1217 636 1272 Donatistae
664 1217 842 1272 observanda
873 1215 991 1271 omnino

136 1312 232 1363 essent
242 1308 348 1378 (Codice
362 1307 504 1364 Canariam
520 1307 626 1374 Assia,
639 1321 699 1361 con.
716 1306 770 1375 85).

477 1394 589 1450 CAPUT
610 1393 655 1448 Vl.

141 1489 163 1540 Ι.
176 1487 331 1540 Victorinus
346 1488 371 1538 et
380 1485 536 1553 Xantippus
545 1481 578 1536 de
588 1484 713 1552 primatu
724 1479 894 1535 contendunt.
912 1480 990 1536 ico·

173 1575 246 1629 tonos
260 1589 322 1629 suos
336 1575 438 1627 Donati
449 1571 578 1641 partibus
599 1570 765 1624 adherentes
793 1568 831 1623 ad
844 1568 991 1623 Ecclesiam

173 1665 280 1717 reuocat
297 1660 498 1716 Pammachius.
521 1659 708 1727 3(Auaastini
725 1657 918 1712 monasterinm
938 1658 989 1711 Do·

173 1753 255 1804 natus
267 1765 327 1804 cum
338 1763 386 1803 sno
395 1751 484 1814 (rotro
495 1747 603 1802 deserit.
626 1747 643 1801 i
659 1746 809 1813 Quintiano
833 1744 990 1815 presbytero

173 1853 283 1893 oausam
297 1836 374 1906 apud
388 1836 531 1892 Aurelium
544 1835 654 1889 babenti
667 1834 803 1889 rescribit.
828 1837 843 1889 5
862 1833 992 1904 Eiresdem

173 1924 729 1996 cosmoeptomtnamuutnsmonaaerto
738 1923 993 1992 Privationamque·

172 2016 301 2070 rimonia.
312 2015 327 2068 6
341 2013 548 2069 Abundantium
562 2011 681 2066 diocesis
694 2026 751 2066 sua
757 2010 945 2081 presbyterum
957 2010 991 2064 ab

173 2103 385 2174 officioremouet
399 2102 579 2169 :iupustr’uua
595 2103 610 2154 7
630 2101 756 2154 Eacunte
769 2100 817 2154 boc
832 2114 902 2153 anno
922 2115 991 2168 qna-

174 2188 382 2257 drinpentesimo
398 2189 500 2256 primo,
520 2187 663 2255 Crispinus
680 2187 795 2240 nesticae
818 2186 992 2255 Mappalien-

174 2279 213 2331 sis
228 2277 292 2343 apri
299 2275 461 2345 rebaptizat.

175 2368 203 2422 l.
224 2363 366 2419 Numidia
391 2361 507 2434 primas,
528 2361 564 2416 ad
586 2377 673 2433 quem
686 2361 722 2417 de
741 2361 892 2418 Cresconio
906 2363 992 2418 Villa·

142 2451 265 2523 llegensi
286 2449 469 2505 scribendum
494 2453 632 2504 statuerat
657 2449 881 2520 carthaginense
895 2452 993 2507 conci-

142 2541 214 2596 lium
229 2540 329 2612 (Cadio
349 2540 454 2607 Afric,
469 2554 530 2594 can.
550 2538 608 2609 77),
625 2538 702 2593 diem
713 2554 799 2594 suum
813 2540 891 2595 haud
906 2541 993 2597 dubie

144 2647 203 2685 non
215 2629 351 2685 itamultu
360 2627 549 2699 postelausit.
569 2627 701 2698 Ejusdem
716 2627 823 2699 qnippe
838 2625 994 2698 provinciae

143 2706 299 2790 primatum
307 2718 368 2789 jam
381 2715 542 2772 ineunteed
557 2731 702 2770 summum
715 2731 790 2770 anno
801 2715 994 2788 quadringen-

60 2796 63 2801 ’
141 2806 244 2862 tasimo
272 2805 396 2861 seeundo
426 2804 545 2876 adeptus
571 2807 632 2858 erat
655 2803 813 2875 xantippus
826 2802 994 2874 Tagosensis

141 2894 292 2967 episcopus
306 2894 403 2965 (Epist.
420 2896 464 2960 65,
479 2908 509 2948 ιι.
525 2893 564 2963 i),
580 2908 666 2963 quem
682 2896 711 2947 et
724 2892 818 2947 adhue
828 2908 904 2947 anno
919 2907 993 2964 qua-

140 2979 880 3054 dringentesimoseptimogerebat(Codicecanonum
888 2981 992 3048 Afric,

143 3087 203 3128 can.
228 3070 304 3141 ibo).
333 3069 364 3124 Ei
382 3085 469 3140 porro
501 3067 660 3139 primatum
687 3068 800 3124 ineunti
828 3069 927 3123 oborta
953 3071 996 3122 est

144 3157 346 3214 controversia.
359 3156 472 3211 Etenim
487 3156 588 3226 quinto
598 3156 661 3211 idus
676 3156 848 3223 novembris,
861 3157 922 3227 jam
934 3171 995 3210 rer-

144 3249 229 3318 gente
243 3245 273 3299 in
285 3248 397 3299 noctem
412 3243 469 3313 dle,
489 3243 600 3299 reddita
615 3249 657 3298 est
673 3245 834 3315 Augustino
854 3245 995 3317 encyclica

144 3332 282 3389 Victorini
294 3332 425 3404 epistola,
442 3331 493 3403 qui
507 3331 662 3403 primatem
675 3348 773 3404 agens,
801 3349 867 3388 eum
881 3333 917 3388 ad
936 3335 994 3388 Nu·

144 3420 403 3478 midiaeeoneilinm
416 3419 555 3475 invitabat
567 3420 665 3490 (Epist.
689 3421 743 3490 59).
760 3421 794 3475 ln
812 3422 911 3476 eadem
935 3421 995 3492 epi·

50 3552 59 3565 .
144 3512 227 3577 stola,
252 3509 370 3577 sea,uti
392 3508 540 3574 vocitatur,
567 3508 711 3576 uectoria,
740 3509 890 3580 legebatur
909 3510 995 3565 etiam

143 3600 178 3655 ad
192 3597 375 3655 Naroritanias
395 3613 455 3652 esse
470 3596 619 3669 scriptum,
633 3597 764 3670 quamvis
777 3599 822 3654 hae
842 3598 996 3671 provincia

143 3705 211 3744 suos
223 3687 361 3743 haberent
376 3684 525 3757 primates.
540 3685 595 3741 Sed
607 3686 660 3741 etsi
675 3702 708 3741 ex
720 3687 760 3742 eis
781 3687 817 3743 ad
832 3688 996 3743 Numidiam

144 3776 359 3832 convocandum
369 3780 444 3828 esset
456 3773 621 3841 concilium,
634 3775 825 3846 oportebatut
834 3776 996 3849 aliquorum

145 3865 317 3929 lianrorum,
334 3861 385 3932 qui
395 3861 454 3915 illio
468 3861 577 3931 priores
593 3867 669 3928 sunt,
685 3863 804 3917 nomina
818 3863 848 3917 in
862 3863 997 3919 tractoria

145 3953 323 4023 ponerentur
339 3948 435 4021 :quod
450 3965 514 4003 cum
531 3949 562 4003 in
576 3949 630 4003 ista
642 3966 700 4003 non
711 3951 851 4022 reperiret
862 3952 997 4023 Augusti·

144 4054 210 4105 nus,
225 4037 348 4092 multum
364 4035 483 4090 miratus
497 4039 548 4091 est.
568 4037 706 4091 Praeterea
723 4038 841 4092 moleste
859 4039 935 4106 tulit,
955 4054 996 4107 se,

145 4124 258 4183 tametsi
272 4123 449 4196 antiquiores
463 4127 557 4177 essent
571 4123 698 4194 episcopi
723 4125 895 4196 complures,
911 4127 996 4182 tertio

144 4217 207 4273 loco
221 4211 377 4270 recenseri.
398 4213 496 4284 Neque
510 4211 607 4267 minus
628 4212 807 4281 morabatur,
832 4215 908 4286 quod
923 4217 996 4271 Xan-

143 4303 240 4375 tippus
254 4303 326 4374 ipse,
342 4300 392 4373 qui
406 4300 565 4372 primatum
587 4301 621 4355 ad
642 4317 672 4356 se
697 4302 851 4373 pertinere,
872 4304 948 4359 ultro
971 4304 998 4360 ei

145 4389 367 4445 assentientibus
390 4388 532 4460 plurimis,
553 4388 675 4456 dicebat,
699 4406 791 4462 eoque
814 4391 932 4447 nomine
953 4395 996 4447 ta·

144 4479 186 4533 les
200 4478 331 4534 mittebat
348 4477 483 4550 epistolas
506 4493 571 4549 qnoe
586 4477 740 4549 primatem
765 4478 876 4547 decant,
900 4480 929 4534 in
947 4479 995 4535 iis-

144 4567 210 4622 dem
225 4566 327 4622 litteris
339 4584 376 4623 na
390 4566 556 4622 nominatus
579 4566 696 4638 quidam
711 4571 786 4621 esset
798 4587 805 4634 ;
819 4583 885 4623 enm
899 4572 996 4623 tamn

144 4654 193 4709 ille
206 4654 328 4709 maxime
342 4654 378 4709 ad
392 4655 545 4711 concilium
560 4655 667 4720 venire,
685 4670 717 4709 ao
729 4654 840 4727 primus
853 4656 997 4712 nominari

144 4741 298 4797 debuisset.
316 4743 387 4796 letos
406 4745 441 4797 ob
466 4760 575 4799 errores
596 4743 704 4814 timuit,
714 4760 749 4798 ne
763 4744 835 4800 forte
848 4745 997 4802 subdititia

145 4834 219 4885 esset
237 4828 287 4884 illa
305 4829 448 4886 tractoria.
474 4832 543 4897 Quae
562 4848 621 4889 una
643 4832 794 4901 dubitatio,
818 4850 855 4889 ne
882 4840 998 4906 pareret

145 4917 349 4980 convocationi,
364 4934 416 4991 per
429 4936 459 4975 se
472 4921 602 4977 inhibere
617 4938 684 4977 eum
706 4926 820 4993 poterat
835 4940 841 4978 :
856 4924 905 4978 sed
920 4941 996 4996 prae-

145 5012 224 5065 terea
238 5011 267 5062 et
280 5007 412 5078 angustia
426 5011 573 5080 temporis,
595 5014 624 5065 et
642 5010 727 5066 vante
741 5026 897 5083 gravesque
921 5029 996 5069 curae

144 5098 250 5171 quibus
263 5100 325 5151 lum
334 5095 535 5166 distinebatur,
549 5115 615 5154 eum
631 5099 747 5155 adversa
758 5099 877 5155 forsitan
892 5101 997 5156 valetu-

144 5188 222 5257 dine,
244 5203 303 5242 non
317 5184 399 5240 facile
417 5185 558 5252 sinebant,
573 5192 606 5242 ut
619 5189 653 5243 ad
670 5189 809 5260 synodum
830 5206 891 5244 sese
905 5190 997 5244 accin-

144 5280 234 5347 geret.
253 5276 354 5346 ltaque
383 5272 451 5327 satis
473 5271 575 5329 habuit
598 5275 633 5330 ad
652 5276 828 5332 Victorinum
853 5275 996 5346 seribere;

143 5364 271 5433 primum
290 5363 317 5420 ei
332 5368 362 5419 nt
375 5379 405 5420 sa
424 5368 582 5429 excusaret,
603 5366 664 5418 tum
686 5369 720 5419 ut
743 5381 808 5420 eum
832 5381 997 5421 commone·

145 5451 257 5520 taceret,
271 5453 300 5509 in
316 5452 418 5524 primis
440 5451 495 5524 ipsi
510 5466 568 5506 una
592 5467 657 5506 cnm
678 5452 817 5524 xantippo
844 5454 995 5511 discutien-

767 213 843 266 VlTll
867 212 895 266 S.
915 208 1103 266 AUGUSTINI
1125 205 1290 261 untscorl.

1847 205 1897 258 308

1043 326 1219 386 dametrius
1233 329 1307 382 assat
1324 324 1465 397 primatus
1491 327 1520 378 et
1542 323 1592 396 jus
1614 320 1738 395 cogendi
1760 320 1896 378 consiliii

1042 418 1087 474 rel
1099 417 1196 490 potius
1207 415 1269 471 sine
1284 415 1455 487 cujusquam
1463 411 1630 485 prejudicio
1640 410 1796 468 concilium
1809 411 1898 467 simul

1043 507 1079 562 ab
1106 510 1227 577 utroque
1253 503 1440 559 indicendum
1464 516 1535 566 esse,
1560 500 1612 555 ubi
1639 515 1707 556 cnm
1732 499 1899 557 senioribus

1043 594 1264 659 examinaretur,
1305 596 1370 647 uter
1397 594 1496 646 utrum
1534 587 1706 661 antiquitate
1737 592 1898 661 superaret

1043 686 1130 739 Porro
1146 680 1312 753 hujusmodi
1326 680 1361 736 de
1385 677 1598 751 provinciarum
1620 677 1723 732 Africae
1755 677 1901 734 decanatu

1042 773 1086 827 vel
1097 771 1224 843 primatu
1237 767 1440 825 controversiae
1463 767 1500 822 ad
1521 765 1662 839 judicium
1683 766 1814 839 episcopi
1831 768 1900 824 Car·

1043 859 1220 932 thaginensis
1235 857 1384 913 aconcilio
1395 856 1498 911 delata
1513 858 1592 911 sunt.
1613 856 1647 910 lit
1660 854 1724 910 haec
1744 854 1818 911 torte
1832 869 1901 910 con·

1042 949 1133 1004 tentio
1146 949 1176 1003 in
1189 963 1274 1003 causa
1288 947 1352 1012 init,
1366 959 1417 1001 eur
1428 943 1507 1000 varia
1527 941 1659 999 statuerit
1680 941 1752 997 anni
1779 958 1899 1014 sequan-

1043 1037 1079 1092 iis
1093 1036 1256 1103 concilium,
1272 1035 1377 1107 quibus
1397 1031 1491 1088 omnis
1503 1032 1538 1088 de
1552 1034 1684 1103 tempore
1708 1029 1897 1087 ordinationis

1044 1125 1241 1198 episcoporum
1263 1122 1435 1195 ambiguitas
1458 1121 1607 1176 tolleretur
1631 1118 1742 1191 (Cadme
1762 1119 1897 1177 Garamum

1042 1214 1148 1281 Afric„
1164 1229 1225 1269 curt.
1241 1214 1296 1282 86).

1078 1306 1106 1357 2.
1118 1302 1176 1357 lloe
1188 1301 1251 1373 ipso
1265 1299 1385 1356 forsitan
1400 1302 1527 1354 vertente
1549 1313 1627 1354 anno
1647 1295 1894 1371 quadringentesi-

1044 1405 1091 1444 mo
1101 1388 1195 1461 primo
1207 1387 1386 1458 Augustinus
1397 1403 1450 1458 per
1464 1387 1573 1458 legatos
1587 1383 1823 1458 Carthaginensis
1836 1401 1894 1440 oon

1044 1477 1102 1533 cilii
1123 1475 1305 1532 Pammachio
1325 1475 1458 1546 scriptam
1480 1474 1631 1546 epistolam
1655 1473 1771 1529 dederit
1795 1472 1891 1544 (Epist.

1044 1569 1090 1635 58,
1114 1581 1142 1620 n.
1170 1564 1211 1636 3).
1235 1563 1306 1620 lluie
1331 1563 1409 1618 enim
1436 1561 1587 1634 signifieat,
1615 1578 1688 1634 quas
1711 1561 1891 1634 improboin

1045 1654 1204 1710 Catholicae
1219 1653 1316 1708 animo
1331 1651 1488 1708 Donatista
1502 1651 1619 1707 insidias
1642 1650 1850 1720 moliebantur,
1869 1650 1892 1706 ai

1045 1760 1074 1798 se
1087 1743 1207 1798 minime
1230 1742 1343 1808 dicere;
1359 1740 1442 1795 illum
1465 1756 1532 1795 sero
1551 1740 1718 1795 alratribus
1736 1739 1808 1806 suis,
1829 1755 1893 1812 quos

1045 1832 1100 1904 ipsi
1110 1831 1303 1898 commendat,
1317 1847 1365 1884 eas
1379 1827 1559 1884 commodius
1570 1828 1757 1884 auditurum.
1772 1829 1892 1884 Pamma.

1045 1921 1110 1976 chio
1124 1924 1206 1975 erant
1219 1918 1411 1992 possessiones
1433 1916 1527 1973 media
1536 1916 1567 1972 in
1582 1916 1728 1984 Numidia,
1747 1916 1829 1988 cujus
1853 1916 1894 1972 in·

1045 2009 1114 2064 colae
1135 2007 1238 2064 Donati
1263 2007 1393 2079 partibus
1407 2005 1648 2061 adhoerescebant.
1661 2006 1845 2078 Quapropter
1868 2004 1892 2060 is

1046 2097 1191 2153 charitatis
1215 2112 1248 2150 ac
1268 2095 1383 2166 pietatis
1412 2095 1550 2150 adductus
1576 2093 1705 2166 impulsu
1734 2094 1845 2150 litteras
1864 2093 1894 2151 at

1047 2202 1095 2241 eos
1109 2185 1144 2241 de
1159 2184 1355 2257 amplectenda
1370 2183 1504 2239 Ecclesia
1523 2182 1634 2238 unitate
1648 2183 1775 2255 scripsit,
1790 2188 1893 2239 mamm

1047 2274 1162 2346 spiritus
1190 2274 1331 2329 servorem
1352 2288 1413 2345 prm
1433 2288 1463 2328 se
1481 2272 1615 2343 ferentes,
1637 2274 1670 2327 ut
1688 2276 1798 2345 praeter
1821 2288 1894 2347 spent

1046 2362 1264 2436 promptissimo
1279 2361 1368 2417 animi
1383 2360 1478 2416 studio
1490 2359 1649 2431 delegerint
1663 2359 1694 2417 id
1709 2361 1892 2434 sequendum,

1047 2453 1125 2524 quod
1143 2452 1231 2506 talem
1250 2467 1282 2505 ac
1295 2454 1408 2506 tantum
1421 2449 1515 2505 virum
1541 2449 1657 2505 nonnisi
1681 2450 1755 2506 duce
1782 2450 1892 2507 seman

1047 2540 1130 2612 sequi
1145 2540 1200 2595 sihi
1223 2539 1440 2611 persuaderent.
1456 2538 1485 2593 ld
1510 2537 1628 2610 quidem
1650 2537 1818 2610 Augustino
1840 2544 1892 2595 tan

1047 2633 1161 2703 gratum
1181 2626 1295 2695 accidit,
1316 2631 1350 2682 ut
1371 2628 1509 2700 gaudium
1532 2643 1616 2684 suum
1637 2627 1829 2684 Pammachio
1848 2642 1892 2700 per

1046 2715 1166 2787 litteras,
1182 2716 1336 2788 dequibus
1351 2717 1435 2772 modo
1455 2715 1578 2788 agimus,
1598 2715 1825 2788 significandam
1838 2733 1892 2773 ean·

1047 2805 1154 2862 suerit:
1180 2821 1303 2878 quarum
1322 2810 1418 2861 umen
1434 2821 1469 2860 ex
1492 2805 1585 2860 serbis
1611 2805 1723 2861 latitius
1744 2822 1806 2863 suae
1826 2807 1892 2862 sola

1046 2899 1163 2967 ptatem,
1183 2895 1227 2949 vel
1250 2893 1432 2967 amoriserga
1445 2909 1513 2949 eum
1531 2894 1576 2948 sui
1590 2893 1724 2949 ardorem
1739 2893 1889 2952 existimari
1934 2924 1936 2953 ;

1047 2984 1082 3039 ab
1102 2982 1164 3054 ipso
1185 2997 1245 3038 non
1263 2982 1340 3037 vult:
1367 2981 1425 3052 sed,
1446 2984 1531 3051 Perpe
1555 2983 1711 3053 copitando,
1740 2983 1890 3057 inquitis
1934 2976 1936 3025 ἶ

1045 3076 1139 3141 pectus
1151 3086 1248 3139 meum,
1265 3075 1290 3127 et
1305 3085 1381 3126 corrue
1395 3071 1463 3140 quid
1480 3072 1538 3126 itiic
1560 3069 1594 3124 de
1614 3075 1639 3126 te
1657 3075 1771 3138 apanm
1796 3069 1890 3128 Putitii

1046 3163 1118 3215 enim
1156 3161 1230 3215 oculo
1261 3161 1405 3215 charitatis
1446 3158 1597 3214 cubiculum
1631 3159 1793 3229 charitatis,
1829 3158 1889 3230 arud

1047 3248 1199 3304 claudimus
1227 3248 1357 3303 aduersus
1382 3263 1470 3316 napos
1498 3249 1677 3304 tomouuosos
1710 3249 1813 3316 saculi,
1838 3263 1887 3305 am
1916 3284 1919 3291 ·

1047 3337 1104 3390 ittic
1127 3338 1210 3390 Deum
1236 3336 1401 3401 odoramus,
1420 3339 1446 3390 et
1467 3334 1571 3390 uidebis
1600 3335 1640 3389 ibi
1658 3334 1773 3391 delicias
1800 3336 1889 3392 usne
1928 3374 1936 3399 ,

1048 3440 1111 3478 meae
1137 3423 1170 3477 de
1197 3428 1253 3477 tam
1278 3423 1344 3478 bono
1371 3438 1449 3493 opere
1474 3428 1530 3490 tuo,
1560 3438 1628 3494 quos
1660 3438 1710 3479 nec
1744 3425 1839 3495 ὶίιιριισ
1857 3424 1909 3489 ιβ’
1933 3404 1936 3423 ¹

1048 3513 1117 3579 (ari,
1141 3527 1188 3566 nec
1211 3513 1273 3567 stito
1298 3514 1449 3582 exprimere
1477 3513 1563 3579 oaleo,
1592 3513 1708 3568 eatemes
1737 3517 1821 3584 atque
1844 3515 1888 3583 (e-
1933 3502 1936 3517 '

1049 3605 1158 3668 prantes
1172 3602 1201 3654 in
1214 3602 1347 3670 sacrificio
1364 3600 1454 3656 laudis
1468 3602 1537 3671 ejus,
1555 3617 1607 3671 quo
1621 3602 1778 3672 inspirante
1794 3602 1841 3658 boc
1851 3616 1887 3657 oc·

1049 3689 1136 3756 luisti,
1147 3694 1173 3744 et
1186 3689 1395 3760 quoadjuoante
1414 3691 1538 3759 potuisti.
1560 3689 1647 3745 addit
1662 3706 1692 3745 se
1718 3690 1888 3746 vehementer

1050 3792 1165 3849 cupere,
1181 3780 1215 3833 ut
1228 3778 1263 3833 ad
1278 3777 1355 3832 idem
1376 3778 1572 3848 prestandum
1593 3777 1643 3833 alii
1657 3777 1810 3835 christiani
1821 3792 1887 3837 sent-

1049 3869 1124 3920 tores
1138 3865 1242 3921 adduci
1257 3866 1377 3934 vellent3
1389 3871 1418 3921 at
1432 3865 1553 3921 sibinen
1565 3882 1629 3922 earn
1639 3866 1733 3923 inesse
1756 3867 1886 3932 liducian,

1051 3956 1083 4007 nt
1101 3952 1137 4008 ad
1161 3953 1216 4008 hoc
1240 3953 1304 4009 illos
1328 3953 1433 4009 audeat
1456 3954 1607 4022 exhortari,
1622 3955 1669 4010 liti
1695 3956 1782 4028 enim,
1808 3950 1888 4011 suhdil

1050 4045 1165 4096 sanctus
1176 4041 1312 4108 antistes,
1323 4044 1394 4109 (orte
1407 4057 1461 4097 non
1473 4042 1586 4111 (acient,
1603 4047 1629 4097 et
1650 4046 1786 4112 tanquam
1805 4058 1849 4100 nos
1865 4043 1888 4096 is

1049 4131 1139 4184 animo
1154 4146 1244 4185 eornm
1256 4133 1371 4185 uicerint
1377 4128 1483 4185 inimici
1494 4130 1628 4197 Ecclesia,
1644 4131 1815 4202 decipiendis
1833 4131 1888 4187 iusi·

1049 4217 1200 4272 diabuntur
1215 4219 1342 4288 infirmis.
1360 4218 1452 4283 Quare
1466 4218 1521 4273 hoc
1536 4233 1628 4273 unum
1648 4219 1788 4276 eumdem
1810 4221 1888 4291 rogat,

1050 4311 1082 4361 nt
1095 4322 1200 4378 nempe
1214 4310 1360 4378 acceptam
1375 4323 1392 4362 a
1406 4322 1435 4362 se
1448 4306 1597 4379 epistolam
1611 4322 1711 4364 coram
1725 4309 1768 4365 eis
1787 4308 1889 4372 recitu3

1050 4395 1126 4468 qnod
1146 4395 1210 4451 lieri
1223 4395 1324 4468 possit,
1352 4395 1429 4468 ipsos
1450 4396 1618 4451 colonorum
1645 4412 1769 4454 suorum
1792 4410 1891 4454 conam

1049 4483 1160 4539 sionem
1177 4500 1236 4539 non
1251 4484 1307 4538 alia
1321 4483 1357 4538 de
1380 4500 1465 4539 causa
1484 4484 1641 4556 negligere,
1660 4501 1752 4559 ιῑιιιιιι
1777 4484 1889 4560 quiade

1048 4571 1102 4627 hac
1114 4571 1293 4643 procuranda
1306 4571 1466 4643 desperent.
1488 4573 1546 4628 lice
1569 4589 1636 4645 ergo
1651 4574 1810 4647 contigisse
1829 4573 1890 4630 satis

1049 4664 1169 4730 constat,
1184 4677 1242 4733 quo
1261 4665 1391 4732 ternpore
1415 4662 1627 4718 Donatistarum
1649 4679 1759 4736 magno
1782 4678 1891 4722 namara

1049 4749 1136 4804 simul
1151 4749 1187 4804 ad
1202 4749 1332 4806 Ecclesiae
1347 4749 1487 4805 unitatem
1497 4751 1682 4808 redeuntium
1691 4754 1802 4811 rariora
1815 4756 1894 4810 mu·

1049 4837 1120 4892 hant
1130 4839 1271 4909 exempla,
1287 4843 1373 4911 atque
1387 4839 1459 4894 adeo
1474 4844 1540 4895 ante
1555 4856 1664 4896 annum
1679 4842 1893 4915 quadringenta

1050 4924 1156 4980 simum
1169 4925 1324 4997 quintum;
1340 4925 1399 4983 imo
1410 4928 1541 4983 nondum
1556 4929 1627 4984 actis
1646 4929 1724 4986 hisce
1747 4928 1891 4996 violentiis,

1049 5014 1154 5087 quihus
1168 5014 1199 5069 in
1218 5014 1377 5071 catholicos
1401 5016 1531 5071 bacchati
1548 5021 1617 5074 sunt
1639 5018 1891 5084 Circumcelliones,

1049 5101 1099 5156 ubi
1116 5102 1250 5159 viderunt
1270 5100 1545 5160 Maximianistarum
1572 5106 1736 5179 historiam,
1751 5107 1894 5181 pronthat

1048 5206 1124 5245 anno
1147 5192 1299 5248 concilium
1326 5193 1548 5264 carthaginense
1584 5199 1734 5268 statuerat,
1762 5198 1893 5254 instanter

1047 5279 1182 5353 ubiquea
1200 5281 1351 5338 Catholicis
1375 5282 1514 5355 evulgari.
1539 5284 1718 5356 Augustinus
1741 5287 1848 5359 quippe
1869 5297 1894 5338 ea

1049 5371 1160 5425 tantum
1186 5371 1291 5426 damna
1305 5373 1604 5444 commemorat,'quse
1630 5373 1665 5429 ab
1690 5373 1796 5430 iisdem
1819 5373 1894 5430 Dme

1049 5455 1163 5524 bantur,
1179 5475 1231 5514 nec
1245 5460 1305 5532 ipse
1319 5460 1473 5529 inliciatur,
1487 5461 1620 5517 timorem
1634 5478 1721 5518 suam
1731 5463 1809 5536 apud
1822 5477 1896 5536 qnos·
1930 5528 1936 5553 ,Ι
