3884 6112
62 233 116 287 8113
779 229 885 287 alben
906 229 1101 289 SECUNDUS.
1765 235 1818 290 ees

61 348 154 421 11311
165 365 173 404 z
184 363 253 404 nam
267 348 348 403 nulla
357 346 449 418 magis
465 347 664 406 teuduuttalia
677 366 749 420 esse,
762 351 859 423 qualia
869 352 913 408 vel
969 353 1017 408 sed
1031 369 1099 408 vera
1112 357 1155 408 est
1164 352 1252 409 etiam
1265 352 1462 425 grammatica.
1479 357 1510 410 lt.
1532 355 1610 409 ltane
1633 355 1752 411 1111111
1775 360 1815 413 Α.

60 438 212 511 vigilantes
228 437 270 492 vel
290 435 351 490 sani
373 440 511 504 ceruunt;
528 441 557 493 et
579 453 614 493 11
627 443 723 494 tamen
742 440 814 495 falsa
835 445 912 508 sunt,
969 441 1031 496 Non
1045 440 1129 497 video
1143 440 1214 512 quid
1228 440 1265 495 sit
1274 441 1457 497 veroverius.
1470 443 1503 497 n.
1516 441 1589 496 illud
1599 442 1726 513 profecto
1739 445 1814 515 quod

61 543 120 599 quo
134 525 164 580 id
178 524 257 596 quod
270 524 393 580 tendunt
407 540 467 579 esso
491 541 549 581 nou
571 530 700 597 possunt.
717 531 749 584 lt.
767 529 841 594 Ouid
852 530 913 600 jam
970 530 1041 585 nihil
1055 530 1120 585 falsi
1133 530 1235 585 habet:
1249 529 1326 601 quod
1333 529 1446 585 intuens
1459 529 1546 601 paulo
1557 535 1623 585 1111
1633 531 1816 588 offendebare

60 616 97 672 de
111 613 234 670 turrium
250 613 780 679 111111111111111111,11111
804 619 914 674 umbris
970 633 1002 672 er
1017 618 1050 672 iis
1065 617 1150 673 rebus
1172 634 1236 689 quae
1260 617 1355 672 nescio
1376 618 1519 689 quomodo
1534 617 1590 672 nisi
1615 618 1692 674 falsae
1712 625 1816 681 essent,

61 719 214 777 corporum
230 703 314 775 plura
335 701 452 758 dicam?
474 703 595 758 Planum
609 709 662 772 est,
679 709 711 760 ut
731 707 863 772 arbitror,
880 724 913 763 ex
969 723 1041 761 verae
1057 723 1117 761 essu
1132 723 1191 761 nou
1206 710 1334 777 possent.
1350 708 1394 760 An
1409 706 1526 778 ignoras
1540 707 1648 762 -omnia
1670 706 1719 761 illa
1737 706 1817 761 iabu-

60 794 116 850 hac
129 793 230 864 regula
240 808 301 847 esse
317 791 469 847 metienda.
486 793 525 849 A.
541 792 752 851 Plenissimnm.
771 799 802 851 a.
822 797 912 860 Taceo
969 795 1166 867 losaetaperte
1176 795 1246 850 falsa
1256 795 1514 865 adgrammaticam
1521 794 1740 866 pertineret'A.
1754 797 1816 852 Non

61 884 98 939 de
112 881 223 937 ceteris
238 880 385 948 sensibus,
399 897 466 936 nam
480 896 565 936 nemo
589 881 774 938 considerans
787 899 846 939 nou
860 885 914 940 boc
968 882 1069 955 ignoro
1083 884 1159 939 istud
1173 884 1289 956 quidem
1302 901 1309 950 ;
1326 883 1386 950 sed,
1401 887 1433 938 ut
1447 883 1561 955 opinor,
1578 899 1633 939 uon
1652 899 1705 954 per
1718 900 1816 956 gram·

60 969 199 1038 inveniet,
221 969 325 1024 falsum
345 969 485 1040 appellari
502 969 534 1023 iu
558 970 644 1025 rebus
665 970 735 1042 ipsis
757 988 828 1044 quas
852 959 930 1028 sen-⁰

61 1059 161 1125 timus,
176 1057 252 1129 quod
267 1073 327 1112 esse
341 1057 451 1128 aliquid
462 1057 555 1113 tendit
569 1062 599 1113 et
612 1075 672 1114 non
683 1062 735 1115 est.
793 1088 796 1097 ·

169 1147 282 1202 CAPUT
295 1148 326 1202 x.
340 1177 375 1185 -
390 1146 518 1214 Quadam
532 1163 561 1202 co
575 1164 639 1204 uero
648 1165 701 1218 quo
714 1150 801 1216 sobo.

102 1238 144 1291 l8.
163 1235 200 1293 Α.
215 1235 301 1290 Recte
322 1233 410 1289 dicis:
426 1235 476 1290 sed
494 1235 585 1290 miror
607 1253 658 1291 cur
676 1238 712 1292 ab
735 1237 789 1293 boc
809 1254 914 1309 genere

59 1323 117 1380 tibi
130 1323 306 1379 secernenda
320 1321 370 1377 illa
384 1329 518 1394 poemata
531 1329 560 1379 ct
570 1325 635 1396 joca
653 1325 713 1380 visa
733 1331 809 1390 suut,
829 1331 913 1381 11111-

60 1428 161 1485 reaque
175 1410 304 1467 fallacie.
322 1414 353 1466 11.
373 1411 447 1475 Quia
462 1411 569 1467 scilicet
582 1413 659 1468 aliud
674 1417 717 1469 est
729 1414 832 1470 falsum
852 1431 914 1471 esse

59 1501 147 1570 velle,
161 1499 241 1555 aliud
256 1513 356 1554 vemm
368 1514 428 1554 esse
446 1516 505 1554 non
517 1516 610 1571 posse.
628 1503 726 1573 ltaque
738 1502 801 1574 ipsa
827 1520 914 1575 opera

60 1588 217 1645 hominum
232 1589 310 1643 velut
323 1588 477 1644 comoedias
488 1593 539 1644 aut
551 1590 715 1661 tragoedias,
731 1596 781 1646 aut
799 1592 913 1662 mimos,

60 1682 92 1734 et
104 1677 134 1734 id
145 1693 237 1750 genus
250 1676 305 1732 alia
314 1677 609 1748 possumusoperibus
619 1678 913 1751 pictorumiictorum·

61 1783 121 1839 que
144 1767 332 1838 conjungere.
346 1768 416 1822 Tam
439 1765 517 1822 euim
540 1783 624 1823 verus
643 1784 704 1824 esse
718 1770 812 1840 pictus
825 1770 913 1826 homo

61 1873 124 1913 nou
134 1861 238 1930 potest,
253 1856 688 1929 quamvisinspeciembominis
703 1860 811 1927 tendat,
827 1876 914 1932 qnam

62 1946 115 2002 illa
126 1962 191 2018 qua
201 1945 305 2017 scripta
318 1950 386 2001 sunt
395 1945 425 2000 iu
434 1945 514 2001 libris
528 1945 713 2002 comicorum.
732 1949 914 2020 Nequeeuim

62 2035 137 2091 falsa
151 2050 212 2090 csse
227 2035 336 2101 volunt,
352 2039 403 2090 aut
416 2034 475 2089 ullo
490 2033 677 2105 appetitusuo
688 2036 852 2104 tutassent,
866 2038 915 2092 sed

63 2123 190 2196 quadam
204 2121 385 2190 necessitate,
399 2126 541 2193 quantum
555 2122 690 2194 lingentis
704 2124 856 2180 arbitrium
870 2141 914 2180 se·

63 2212 118 2284 qui
132 2214 300 2283 potuerunt.
327 2212 365 2265 At
385 2226 452 2264 vero
475 2209 507 2265 in
530 2227 616 2266 scena
635 2211 751 2267 Roscius
770 2214 915 2269 voluntate

63 2301 139 2357 falsa
151 2300 265 2355 Hecuba
279 2303 350 2366 erat,
365 2301 561 2354 naturaverus
574 2299 675 2368 homo;
688 2301 737 2355 sed
751 2301 801 2356 illa
814 2303 915 2356 volun·

64 2394 125 2445 tate
139 2389 226 2444 etism
237 2402 336 2442 versus
346 2387 503 2457 tragoedus,
514 2403 548 2442 eo
563 2386 755 2461 videlicetquo
764 2389 914 2462 implebat,

65 2477 248 2534 institutum:
265 2476 352 2531 falsus
367 2481 463 2531 autem
474 2476 614 2543 Priamus,
631 2478 752 2549 eoquod
767 2478 915 2534 Priamum

61 2565 248 2632 assimilabat,
274 2564 323 2618 sed
342 2564 404 2635 ipse
419 2580 478 2619 uon
499 2568 569 2619 erat.
586 2566 623 2619 lis
636 2581 693 2637 quo
708 2566 770 2636 jam
790 2567 915 2623 nascitur

61 2654 201 2728 quiddam
215 2652 355 2720 mirabile,
380 2653 458 2725 quod
473 2657 570 2708 tamen
586 2652 625 2708 ita
652 2670 682 2708 se
703 2653 809 2710 hahere
828 2671 913 2710 nemo

61 2742 192 2814 ambigit.
208 2744 245 2798 A.
257 2742 400 2806 Quidnam
415 2741 446 2796 id
461 2747 502 2797 cst
517 2743 531 2796 ‘l
544 2744 579 2798 a.
595 2741 669 2806 Quid
681 2747 776 2813 putus,
787 2743 842 2798 nisi
852 2745 914 2800 hec

62 2830 161 2887 omnia
179 2831 246 2886 inde
261 2846 322 2886 esse
332 2829 363 2884 iu
377 2830 550 2902 quibusdam
565 2845 641 2898 vera,
655 2831 731 2887 nude
752 2830 784 2886 in
797 2832 914 2904 quibus-

34 2971 36 2974 .
61 2921 129 2976 dam
143 2919 215 2974 falsa
229 2923 307 2988 sunl,
317 2924 345 2974 et
356 2919 392 2974 ad
406 2935 491 2975 suum
501 2934 601 2973 verum
615 2918 669 2973 hoc
679 2919 820 2975 solumeis
830 2921 914 2992 prod·

61 3025 136 3077 esse,
151 3008 230 3080 quod
244 3009 280 3063 ud
295 3007 646 3064 11111111111111111111
662 3008 696 3063 11
712 3008 742 3062 11
756 3009 840 3082 quod·
853 3026 914 3066 esse

60 3102 113 3153 ant
126 3098 227 3153 volunt
242 3101 291 3152 aut
305 3097 419 3166 debent,
428 3096 508 3152 nullo
519 3096 606 3151 modo
616 3096 797 3168 perveniunt,
810 3098 834 3152 si
843 3098 914 3154 falsu

60 3203 124 3243 esse
137 3186 264 3258 fugiunt.
278 3187 339 3251 Quo
354 3190 437 3256 pacto
462 3185 541 3241 euim
563 3185 618 3240 iste
637 3201 724 3257 quem
738 3202 913 3243 commemo·

60 3275 133 3343 ravi,
148 3290 245 3330 versus
259 3274 405 3345 oagoeuus
424 3278 507 3341 essct,
524 3273 547 3328 si
562 3273 652 3330 nollet
668 3290 730 3330 esse
743 3275 831 3331 falsus
855 3277 913 3332 ile·

58 3369 133 3432 ctor,
154 3364 226 3420 falsa
249 3364 461 3431 Andromache,
476 3363 564 3418 falsus
588 3364 733 3432 llercnlcs,
750 3368 779 3419 et
800 3364 856 3420 alia
868 3364 913 3420 in-

59 3453 208 3509 numera?
223 3457 273 3508 aut
287 3453 365 3508 unde
379 3468 446 3507 vera
458 3452 570 3523 pictura
585 3455 668 3522 esset,
683 3451 708 3507 si
720 3452 809 3508 falsus
823 3467 913 3524 equus

57 3558 121 3599 non
135 3542 232 3597 essetf
250 3542 328 3596 uude
343 3540 374 3596 iu
395 3541 510 3612 speculo
534 3557 602 3595 vera
618 3540 745 3596 hominis
763 3541 869 3612 imago,
889 3539 913 3595 si

59 3645 123 3686 nou
136 3630 224 3686 falsus
238 3630 349 3685 homo?
363 3630 466 3696 Quare,
480 3628 695 3701 siquibusdam,
707 3633 845 3684 utverum
860 3628 912 3684 sli-

57 3719 134 3793 quid
148 3719 216 3788 sint,
233 3719 349 3790 prodest
362 3723 393 3774 nt
406 3717 464 3773 siut
478 3718 586 3790 aliquid
600 3718 723 3787 falsum,
748 3734 798 3773 cur
818 3723 912 3773 tanto·

56 3825 132 3882 pere
141 3808 278 3864 falsitates
292 3808 492 3875 formidamus,
507 3812 537 3863 et
550 3824 603 3877 pro
617 3823 722 3878 magno
736 3807 812 3863 bono
828 3824 913 3880 appe·

57 3897 150 3954 timus
172 3897 340 3953 veritatem?
362 3900 402 3953 A.
425 3896 534 3965 Nescio,
558 3900 587 3951 et
601 3898 725 3952 multum
740 3896 840 3964 miror,
856 3895 914 3951 nisi

57 3986 130 4059 quia
143 3986 174 4041 iu
184 3986 323 4058 exemplis
338 3985 398 4040 istis
410 3984 483 4040 nihil
498 3983 659 4041 imitatione
674 3985 795 4056 dignum
817 3985 910 4042 video.

58 4077 128 4132 Non
142 4075 220 4130 euim
234 4079 372 4147 tauquam
383 4073 544 4141 histriones,
555 4077 605 4127 aut
616 4073 651 4128 de
660 4073 782 4144 speculis
790 4088 912 4145 quaeque

56 4164 229 4232 relucentia,
246 4168 296 4219 aut
317 4168 454 4235 tauquam
473 4161 598 4234 llyronis
617 4162 728 4216 buculae
743 4177 776 4216 ex
790 4177 856 4231 aare,
873 4162 913 4217 ita

57 4252 149 4309 etiam
161 4269 215 4308 uos
227 4256 260 4309 ut
274 4253 305 4308 in
319 4257 418 4307 nostro
433 4251 559 4324 quodam
577 4250 677 4306 habitu
691 4250 751 4305 veri
763 4249 861 4316 simus,
876 4250 913 4304 ad

58 4341 189 4397 alienum
203 4340 335 4397 habitum
357 4339 521 4396 adumbrati
541 4344 627 4411 utque
643 4337 801 4401 assimilati,
829 4343 857 4392 ct
875 4338 912 4393 ob

57 4430 116 4486 hoc
129 4429 193 4485 falsi
216 4445 277 4486 esse
303 4429 460 4497 debemus;
485 4429 535 4483 sed
557 4427 629 4483 illud
650 4442 752 4482 verum
771 4442 909 4498 querere,

58 4518 140 4592 quod
153 4534 213 4574 uon
228 4517 312 4591 quasi
325 4517 450 4574 bifronte
468 4517 580 4572 rationo
603 4515 714 4588 sibique
738 4515 911 4583 adversanti,

58 4612 93 4663 ut
107 4623 142 4663 ex
165 4607 261 4679 aliqua
274 4611 357 4678 parte
379 4621 479 4661 verum
494 4605 542 4673 sit,
557 4621 592 4660 ex
606 4604 704 4676 aliqua
718 4605 822 4660 falsum
833 4604 870 4660 sit
883 4601 908 4662 ⁴.

57 4698 93 4752 11.
115 4694 216 4765 blegne
230 4698 260 4750 et
281 4693 378 4750 divina
393 4694 527 4766 quaedam
541 4694 674 4767 requiris.
694 4695 763 4759 Qua
777 4698 873 4749 tamen
888 4693 912 4749 si

58 4783 266 4851 invenerimus,
285 4799 381 4839 nonne
402 4783 557 4840 fatebimur
577 4784 622 4840 his
641 4784 733 4857 ipsam
747 4783 858 4850 confici,
884 4789 913 4839 11

58 4871 144 4945 qussi
168 4872 287 4928 conflari
308 4872 499 4943 veritatem‚a
522 4889 579 4945 qua
604 4873 806 4929 denominatur
825 4888 911 4927 omne

57 4962 138 5036 quod
151 4979 250 5019 verum
263 4978 380 5035 quoquo
389 4962 475 5019 modo
490 4961 725 5019 nominatur‘tA.
736 4960 911 5017 Noninvitus

57 5051 211 5107 assentior.

57 5140 174 5197 CAPUT
199 5142 246 5198 111.
273 5171 308 5182 -
330 5141 544 5212 Disciplinarum
570 5138 808 5196 1111111111ὁυὶ1
832 5138 909 5210 quid.

323 5229 398 5296 Quid
412 5231 449 5285 sit
457 5230 649 5298 grammatico.

96 5321 140 5374 19.
167 5317 290 5384 110111
318 5317 371 5374 tibi
394 5334 463 5391 1131
489 5318 621 5374 videtur?
640 5315 791 5388 disciplina
810 5315 909 5391 dispu-

58 5405 140 5463 tandi
163 5422 281 5477 verane,
304 5423 341 5463 an
355 5407 426 5463 falsa
438 5410 505 5464 est‘l
525 5408 562 5464 A.
578 5406 646 5472 Quis
667 5406 779 5463 dubitet
789 5407 910 5462 veram?

91 5505 99 5538 ¹
116 5503 264 5568 distinata
274 5503 320 5554 Er.
336 5504 400 5555 bor.
414 5504 451 5555 bl.

969 972 1101 1028 maticam
1115 972 1187 1027 falsa
1201 976 1277 1039 suut,
1297 972 1346 1027 111
1359 987 1412 1043 per
1423 988 1487 1027 eum
1503 972 1723 1045 qualiacumque
1738 979 1816 1042 sunt,

968 1062 1211 1117 demonstrantur.
1228 1060 1376 1132 Siquidem
1397 1064 1440 1115 est
1454 1061 1551 1116 fabula
1564 1061 1756 1132 compositum
1780 1062 1814 1117 ad

969 1150 1123 1206 utilitatem
1147 1150 1397 1206 delectationemve
1426 1150 1618 1206 mendacium.
1650 1152 1696 1205 list
1718 1155 1815 1206 autem

969 1238 1155 1312 grammatica
1170 1238 1245 1293 vocis
1258 1239 1414 1292 articulatae
1428 1243 1522 1293 custos
1536 1242 1565 1293 et
1576 1238 1751 1293 moderatrix
1773 1237 1816 1293 di·

969 1327 1108 1399 sciplina:
1124 1327 1204 1397 cujus
1219 1326 1404 1397 professionis
1416 1326 1583 1381 necessitate
1596 1327 1708 1398 cogitur
1717 1327 1818 1382 huma·

969 1433 1014 1471 111
1028 1416 1136 1487 lingua
1151 1415 1249 1470 omnia
1262 1414 1349 1470 stium
1364 1415 1502 1486 figmenta
1516 1414 1659 1485 colligere,
1676 1431 1741 1486 quae
1755 1432 1817 1471 me-

970 1504 1069 1559 moriae
1085 1504 1242 1576 litterisque
1256 1503 1391 1557 mandata
1405 1507 1482 1571 suut,
1498 1519 1557 1558 nou
1572 1519 1606 1557 ea
1617 1503 1686 1558 falsa
1699 1503 1817 1570 faciens,

970 1594 1020 1649 scd
1034 1594 1068 1648 de
1080 1593 1125 1649 bis
1138 1609 1235 1648 veram
1249 1593 1404 1665 quemdam
1415 1592 1520 1647 doeens
1528 1607 1715 1663 asserensque
1730 1593 1818 1647 ratio·

969 1699 1047 1737 nem.
1061 1686 1093 1739 11.
1107 1684 1192 1738 111111
1205 1697 1292 1737 sane:
1313 1681 1385 1736 nihil
1412 1697 1580 1751 11111111,
1605 1684 1701 1737 11111
1722 1681 1772 1736 abs
1790 1686 1818 1737 te

968 1771 1024 1826 ista
1038 1771 1110 1826 bens
1125 1771 1334 1842 delinitaatqua
1344 1770 1542 1826 distinctasiut
1554 1770 1696 1838 ,sedillud
1707 1786 1818 1841 quaero,

970 1865 1068 1915 utrum
1082 1861 1136 1915 boc
1149 1860 1189 1914 ita
1203 1875 1263 1915 esse
1282 1859 1344 1931 ipss
1358 1858 1553 1931 grammatica,
1570 1874 1606 1914 an
1629 1874 1697 1913 vero
1709 1858 1758 1913 illa
1772 1858 1819 1913 di·

970 1948 1090 2019 scipliua
1102 1948 1303 2019 disputationis
1318 1947 1459 2003 ostendat.
1475 1948 1511 2004 A.
1529 1948 1590 2002 Non
1604 1962 1678 2018 nego
1693 1946 1750 2001 vim
1764 1961 1818 2018 pe-

971 2037 1124 2110 ritiamque
1139 2037 1305 2103 deliniendi,
1320 2052 1378 2108 qua
1392 2052 1468 2091 nuuc
1483 2052 1536 2107 ego
1549 2035 1604 2091 ista
1623 2050 1755 2102 separare
1769 2036 1818 2090 co·

970 2132 1055 2183 uatus
1069 2144 1144 2196 sum,
1159 2126 1355 2199 disputatoria
1366 2125 1421 2180 arti
1434 2125 1534 2181 tribui.

1005 2220 1050 2272 20.
1068 2215 1189 2281 110111
1208 2216 1271 2287 ipsa
1294 2215 1504 2287 grammatica?
1525 2230 1620 2268 nonne
1641 2213 1665 2269 si
1683 2229 1750 2268 vera
1765 2217 1818 2281 est,

969 2321 1003 2360 eo
1016 2321 1083 2361 vera
1098 2311 1208 2376 estqno
1223 2303 1374 2374 disciplina
1387 2305 1452 2358 esl‘l
1466 2301 1623 2372 Disciplina
1641 2301 1721 2357 euim
1740 2317 1758 2356 a
1773 2301 1818 2358 di-

970 2394 1072 2449 scendo
1089 2394 1163 2449 dictu
1178 2398 1240 2448 est:
1255 2405 1342 2447 nemo
1366 2396 1464 2447 autem
1482 2407 1548 2463 qnae
1569 2390 1668 2446 didicit
1683 2394 1817 2456 1111111,

969 2483 1078 2539 nescire
1087 2483 1142 2539 dici
1156 2487 1248 2554 potest
1261 2499 1268 2549 ;
1279 2486 1308 2537 et
1318 2497 1403 2537 nemo
1412 2479 1551 2536 scitielsa.
1566 2479 1666 2536 Omnis
1676 2495 1819 2551 ergovers

970 2576 1012 2627 est
1027 2570 1186 2643 disciplina.
1203 2572 1242 2625 A.
1257 2572 1319 2626 Non
1334 2570 1416 2624 video
1431 2568 1547 2640 quidem
1561 2569 1631 2640 quid
1649 2567 1681 2623 iu
1697 2568 1752 2624 ista
1772 2585 1818 2624 ra·

970 2660 1097 2715 11111111
1107 2665 1214 2715 temere
1229 2658 1412 2714 concedatur.
1430 2659 1520 2712 lloret
1533 2672 1580 2711 11
1595 2661 1690 2711 tamen
1711 2667 1820 2729 ne'per

969 2749 1053 2804 istam
1067 2747 1192 2819 cuipiam
1207 2746 1336 2801 videatur
1350 2745 1438 2801 11111
1449 2743 1630 2800 illaslabulas
1647 2760 1727 2799 veras
1741 2761 1817 2813 esse;

969 2852 1036 2891 nam
1050 2839 1079 2891 et
1100 2836 1151 2891 has
1174 2834 1309 2890 discimus
1334 2838 1362 2888 et
1383 2838 1524 2888 tenemus.
1547 2835 1579 2888 11.
1605 2831 1817 2903 Numquidnam

970 2924 1106 2995 magister
1115 2929 1214 2979 noster
1226 2921 1340 2978 nolebat
1355 2937 1406 2977 nos
1421 2922 1536 2976 credere
1556 2934 1622 2992 quea
1644 2919 1775 2987 docebat,
1790 2925 1820 2975 et

969 3014 1072 3068 nosse‘l
1091 3014 1129 3067 A.
1149 3014 1209 3068 111
1224 3012 1410 3067 1111111111
1422 3013 1454 3064 ut
1469 3024 1617 3064 nossemus
1631 3007 1766 3066 instabat.
1782 3011 1816 3065 11.

970 3101 1116 3173 Numquid
1132 3100 1286 3172 aliquando
1301 3097 1403 3154 institit
1418 3103 1451 3153 ut
1464 3098 1612 3153 Daedalum
1626 3098 1736 3153 1111111
1758 3112 1818 3152 ere-

970 3190 1125 3245 deremus‘t
1148 3193 1188 3246 A.
1211 3190 1269 3245 lloc
1288 3188 1405 3260 quidem
1418 3202 1579 3258 nunquam.
1594 3186 1649 3242 Sed
1664 3185 1748 3257 plane
1763 3185 1820 3242 nisi

968 3282 1132 3335 teneremus
1152 3278 1289 3344 fabulam,
1314 3277 1360 3332 vix
1385 3293 1437 3331 uos
1451 3292 1535 3348 posse
1557 3275 1665 3347 aliquid
1684 3273 1818 3330 manibus

968 3371 1130 3423 teneremus
1142 3366 1271 3422 faciebat.
1285 3369 1319 3423 R.
1334 3366 1376 3420 Tu
1390 3380 1457 3435 ergo
1473 3378 1731 3435 negasverumcsse
1740 3361 1819 3433 quod

968 3454 1023 3510 ista
1035 3456 1132 3512 fabula
1144 3456 1190 3523 sit,
1206 3460 1235 3510 et
1244 3455 1318 3526 quod
1331 3453 1372 3509 ita
1384 3453 1421 3508 sit
1437 3452 1567 3508 Daedalus
1577 3451 1764 3507 diffamatus?
1779 3453 1816 3505 A.

969 3546 1026 3600 lloc
1040 3561 1098 3600 uon
1112 3561 1188 3616 nego
1202 3559 1303 3598 verum
1317 3558 1388 3598 csse.
1404 3545 1437 3599 11.
1454 3542 1516 3596 Nou
1531 3557 1620 3612 negas
1635 3555 1703 3610 1131
1720 3544 1748 3594 11
1771 3538 1816 3594 di·

969 3633 1070 3688 dicisse
1082 3646 1193 3700 verum,
1205 3649 1271 3687 cum
1284 3631 1337 3686 ista
1349 3630 1491 3685 didiceris.
1506 3630 1577 3684 Nam
1591 3629 1615 3684 si
1630 3628 1738 3684 volasse
1755 3629 1817 3682 111-

968 3721 1066 3777 11111
1078 3736 1178 3776 verum
1191 3724 1243 3787 est,
1257 3725 1286 3775 el
1300 3719 1353 3774 hoc
1366 3719 1450 3790 pueri
1459 3734 1510 3789 pro
1524 3717 1589 3772 licta
1601 3716 1697 3772 fabula
1709 3715 1818 3786 accipe·

967 3813 1032 3864 rent
1041 3813 1126 3881 atque
1139 3809 1301 3876 redderent,
1314 3824 1348 3864 eo
1358 3808 1421 3878 ipso
1432 3807 1502 3861 falsa
1508 3805 1675 3872 retinerent,
1687 3819 1820 3877 quovera

968 3899 1186 3970 essentillaquae
1201 3898 1362 3953 redderent.
1376 3893 1729 3951 llinceuimexslititillud
1741 3893 1817 3966 quod
1895 3947 1899 3958 ,

968 3986 1294 4058 superiusmirabamur,
1308 3984 1344 4041 de
1354 3985 1450 4040 volatu
1463 3984 1570 4040 Daedali
1583 3999 1679 4039 veram
1692 3981 1818 4038 fabulam

968 4092 1029 4131 esse
1045 4091 1104 4132 non
1115 4075 1253 4148 potuisse,
1265 4074 1322 4130 nisi
1337 4075 1484 4129 Daedalum
1494 4075 1602 4128 volasse
1616 4073 1720 4127 falsum
1733 4075 1817 4127 esset.

967 4167 1006 4220 A.
1021 4167 1084 4220 iam
1103 4170 1188 4220 teneo
1203 4165 1278 4219 istud
1291 4180 1298 4230 ;
1315 4164 1362 4218 sed
1382 4163 1500 4235 quidex
1523 4177 1557 4217 eo
1570 4161 1753 4232 proficiamus
1773 4176 1819 4215 er·

968 4258 1077 4324 specto.
1096 4253 1226 4319 110111,
1242 4252 1364 4307 nisinun
1379 4268 1439 4306 csse
1454 4249 1649 4306 11111111111
1664 4248 1817 4318 rationem,

968 4356 1024 4412 qua
1038 4340 1205 4412 collegimus
1220 4339 1412 4411 disciplinam,
1424 4338 1479 4393 nisi
1488 4352 1555 4392 vera
1566 4336 1678 4400 doceat,
1694 4335 1818 4407 discipli·

967 4445 1102 4485 namesse
1113 4446 1172 4484 non
1181 4444 1264 4500 posse
1274 4430 1289 4484 1
1301 4432 1340 4484 Α.
1356 4429 1390 4484 Et
1401 4427 1454 4483 hoe
1468 4425 1539 4498 quid
1553 4425 1588 4481 ad
1603 4423 1687 4479 1111
1701 4427 1734 4482 n.
1745 4423 1818 4488 Quia

968 4519 1030 4573 volo
1046 4518 1123 4574 dicas
1137 4517 1209 4573 mihi
1223 4518 1300 4574 unde
1319 4517 1357 4573 sit
1370 4515 1521 4588 disciplina
1532 4512 1736 4586 grammatica:
1750 4511 1817 4569 inde

967 4606 1046 4663 euim
1058 4624 1125 4662 vera
1138 4612 1190 4674 est,
1206 4608 1282 4663 unde
1296 4605 1446 4677 disciplina
1460 4608 1512 4658 est.
1524 4605 1562 4659 A.
1580 4602 1680 4657 Nescio
1690 4601 1819 4674 quidtibi

967 4695 1166 4767 respondeam.
1181 4699 1214 4752 11.
1231 4698 1331 4752 Nonne
1346 4692 1398 4749 tibi
1412 4692 1535 4759 videtur,
1551 4691 1576 4746 si
1589 4689 1662 4746 nibil
1677 4690 1709 4746 in
1722 4707 1757 4746 ea
1767 4692 1817 4747 de·

966 4785 1080 4840 linitum
1095 4789 1178 4852 esset,
1192 4790 1220 4841 et
1233 4784 1307 4839 nihil
1316 4783 1346 4838 in
1361 4796 1468 4853 genera
1483 4785 1512 4836 et
1525 4783 1620 4852 partes
1632 4779 1817 4836 distributum

967 4879 1053 4946 atque
1068 4873 1246 4940 distinctum,
1271 4888 1336 4927 eam
1349 4871 1430 4926 nullo
1450 4870 1535 4925 modo
1554 4868 1736 4940 disciplinam
1756 4884 1818 4924 esse

966 4963 1118 5036 potuisse?
1130 4965 1169 5019 A.
1180 4963 1242 5017 iam
1257 4960 1387 5032 intelligo
1401 4959 1472 5031 quid
1485 4959 1579 5015 dicas:
1594 4974 1645 5014 nec
1667 4958 1724 5013 ulla
1745 4957 1818 5012 mibi

967 5050 1090 5108 occurrit
1103 5051 1228 5123 cujusvis
1240 5050 1325 5105 facies
1341 5048 1510 5121 disciplinae,
1525 5048 1556 5104 iu
1574 5064 1631 5120 qna
1642 5061 1703 5102 nou
1714 5044 1817 5101 delini·

966 5139 1059 5196 boues
1070 5156 1101 5195 ac
1115 5138 1268 5195 divisiones
1277 5143 1306 5194 et
1317 5136 1561 5204 ratiocinationes,
1571 5137 1641 5193 duur
1652 5134 1722 5207 quid
1732 5132 1818 5205 qnid·

967 5227 1074 5302 quasit
1094 5229 1262 5295 declaratur,
1279 5228 1350 5283 dum
1364 5226 1426 5282 sine
1439 5226 1604 5282 confusione
1616 5223 1742 5294 partium
1756 5238 1818 5278 sua·

966 5318 1069 5391 cuique
1075 5317 1243 5385 redduntur,
1253 5317 1322 5373 dum
1330 5316 1402 5372 nihil
1413 5313 1642 5388 pretermittitur
1652 5309 1815 5383 proprium,

965 5406 1038 5462 nihil
1053 5405 1405 5472 annumeraturalieuum,
1421 5408 1515 5460 totum
1530 5403 1585 5459 hoc
1598 5400 1694 5472 ipsum
1708 5414 1765 5473 quo
1776 5400 1816 5456 di-

966 5493 1085 5566 scipliuu
1100 5493 1204 5550 dicitur
1218 5494 1339 5568 egerint.
1354 5495 1387 5550 11.
1404 5494 1479 5566 Ergo
1492 5496 1520 5548 et
1533 5493 1628 5547 totum
1642 5486 1738 5564 ipsum
1756 5505 1815 5567 qno
