3884 6112
101 306 134 356 ⁴5
811 299 978 358 AUCTORE
996 299 1164 359 rosetum.
1828 311 1862 364 te

97 429 208 495 camut,
226 424 383 496 permissus
398 439 454 479 non
478 422 566 478 tuisse
585 421 701 477 eosdem
719 421 866 494 episcopas
880 422 959 494 apud

98 518 283 588 potestatem,
324 528 390 585 que
425 526 538 566 cauum
577 509 695 580 audivit,
733 511 826 567 dicere
861 512 959 567 omnia

98 621 151 678 pro
173 603 235 660 suis
255 603 396 676 partibm,
420 601 559 674 quoniam
576 600 723 656 catholice
746 601 957 657 communionis

98 692 240 765 cognitor
257 707 318 748 sure
332 691 444 748 tacebat
468 689 616 747 Ecclesiae:
633 689 699 745 licet
713 689 768 745 hoe
790 689 956 746 deficientes

97 784 128 835 st
140 779 212 834 ricti
234 779 270 834 ad
285 778 500 834 excusationem
512 777 664 848 jactarent,
678 776 911 850 quandoquidem
930 782 958 832 et

97 872 166 924 ante
181 867 407 923 controversiam
426 865 514 921 iidem
529 864 656 921 haretici
668 865 816 920 catholica
828 881 957 922 cummu-

97 958 200 1014 nionis
213 957 348 1014 eumdem
359 971 420 1011 esse
435 959 585 1023 noverant,
600 958 630 1010 et
645 970 711 1010 cum
725 954 761 1010 ab
775 955 877 1010 eodem
892 971 959 1009 con·

97 1047 270 1103 sorbentur
289 1045 411 1118 publicis
430 1043 527 1117 gestis,
548 1043 626 1116 quod
646 1043 681 1099 ad
704 1043 887 1099 collationem
910 1060 958 1098 oc-

98 1140 262 1203 currerent,
279 1151 309 1190 se
327 1151 389 1189 esse
409 1134 532 1189 facturos
556 1132 699 1206 prosecuti
720 1137 796 1188 sunt.
824 1134 960 1188 Poterant

99 1227 204 1298 ntique
213 1228 377 1297 suspectum
386 1221 610 1289 enmhahentes,
622 1237 753 1276 recusare
763 1237 956 1293 congressum.

99 1317 212 1372 Tamen
224 1311 429 1384 omnipotentis
441 1310 492 1366 ilai
506 1310 640 1383 prestitit
652 1309 802 1376 auxilium,
813 1315 847 1365 ut
860 1315 960 1380 postea

99 1404 132 1458 in
144 1399 324 1460 &areensi
338 1397 516 1455 Mauritaniae
530 1397 643 1453 civitate
657 1397 828 1453 constitutus
839 1413 960 1453 renere-

100 1492 170 1549 hitis
185 1487 336 1546 memorie
350 1486 537 1560 Augustinus,
554 1503 611 1559 quo
624 1502 691 1542 eum
707 1484 803 1541 venire
818 1501 884 1541 cum
898 1485 960 1539 aliis

100 1581 168 1652 ejus
182 1576 359 1651 coepiscopis
373 1575 454 1632 Sedis
468 1575 632 1647 apostolice
647 1574 799 1646 littoream)
814 1573 960 1645 compulo-

100 1675 183 1736 rant,
199 1667 238 1724 oh
253 1664 449 1724 terminandas
462 1663 596 1720 videlicet
608 1664 679 1720 alias
694 1663 825 1719 Ecclesia
838 1661 960 1718 necessi-

101 1764 201 1816 tates:
226 1756 280 1813 hac
307 1770 377 1827 ergo
406 1752 554 1810 uccmiona
576 1751 718 1825 provenit,
750 1757 782 1808 ut
804 1751 960 1807 Emeritam

103 1847 239 1922 ejusdem
270 1845 326 1901 loci
350 1842 563 1900 Donatistarum
589 1840 765 1914 episcopum,
790 1855 875 1912 quem
902 1856 961 1895 suoe

103 1943 196 1997 sacto
208 1935 388 2011 precipuum
403 1933 433 1989 in
456 1931 505 1986 illa
519 1929 671 1987 collatione
685 1929 847 1985 hahuerunt
866 1928 962 1984 deten-

104 2044 216 2099 sorem,
230 2025 352 2089 rideret,
367 2025 396 2079 et
413 2038 479 2077 cum
494 2020 595 2077 eodem
610 2017 724 2091 publice
737 2019 768 2073 in
782 2018 900 2074 ecclesia
913 2035 962 2090 po

104 2112 180 2186 pulo
193 2116 305 2168 astante
315 2111 436 2168 diverse
443 2107 663 2173 communionis,
676 2124 709 2164 ex
723 2107 778 2163 hoc
792 2107 854 2180 ipso
864 2108 961 2179 dispu-

109 2206 196 2270 taret,
207 2207 238 2257 et
249 2203 418 2274 provocaret
431 2199 521 2272 gestis
530 2196 736 2263 ecelesiasticis,
749 2201 780 2250 ut
789 2197 866 2269 quod
880 2197 962 2264 torte,

110 2291 186 2347 sient
202 2290 347 2353 dicebant,
362 2287 496 2362 prosequi
510 2285 605 2361 potuit
618 2285 649 2343 in
662 2285 822 2353 collatione,
838 2286 887 2341 sed
901 2302 964 2358 per·

109 2379 217 2436 missus
230 2395 290 2434 uon
312 2382 384 2445 erat,
400 2376 580 2451 inpraesenti
597 2375 660 2432 sine
683 2375 802 2446 alicujus
816 2372 963 2445 potestatis

108 2467 307 2542 prohibitione
325 2471 375 2523 aut
389 2467 518 2540 potentia
532 2481 647 2522 securim
664 2463 757 2519 dicere
771 2463 889 2518 minime
910 2464 962 2521 du·

110 2558 230 2627 hitaret,
246 2561 273 2612 et
296 2556 327 2611 in
350 2571 402 2611 sua
424 2553 536 2610 civitate
550 2551 609 2608 suis
623 2550 758 2606 omnibus
776 2545 965 2621 presentibus

110 2646 222 2702 u'rihus
231 2645 402 2702 fiducialiter
410 2642 557 2717 propriam
569 2638 722 2697 detondere
730 2635 964 2694 communionem

110 2752 174 2791 non
187 2735 353 2807 denegaret.
365 2733 415 2789 llle
429 2747 524 2804 neque
533 2731 586 2786 hae
600 2728 773 2794 hortatione,
785 2743 838 2781 nec
848 2739 964 2780 suorum

108 2828 268 2898 parentum
282 2828 311 2879 et
320 2822 424 2878 civium
437 2819 555 2893 instanti
568 2817 705 2891 petitione
719 2816 749 2872 id
763 2816 854 2871 iacere
864 2813 964 2881 voluit,

109 2914 164 2986 qui
178 2913 205 2969 ei
219 2912 437 2984 pollicebantur,
457 2926 487 2965 sa
502 2909 538 2964 ad
552 2908 614 2979 ejus
632 2905 772 2962 redituros
786 2902 965 2960 commuuio·

109 3019 193 3066 nem,
208 3002 294 3058 etiam
305 3017 370 3057 cum
380 2998 542 3057 discrimine
555 2994 796 3067 patrimoniorum
811 2991 966 3063 salutisque

110 3108 176 3148 ntae
189 3091 366 3164 temporalis,
380 3088 506 3144 simodo
520 3085 690 3141 catholicam
707 3086 856 3156 superaret
874 3096 965 3135 asser-

109 3184 234 3240 tionem.
248 3183 286 3235 At
303 3180 352 3236 ille
367 3177 491 3250 amplius
503 3176 597 3232 dicere
609 3174 667 3231 illis
681 3173 768 3246 gestis
780 3170 852 3227 nihil
866 3167 966 3232 voluit,

111 3271 280 3338 necraluit,
295 3268 352 3325 nisi
363 3271 476 3324 tantum
487 3280 494 3320 :
507 3265 576 3320 Jam
589 3264 650 3330 illu,
673 3260 778 3334 inquit,
792 3263 869 3328 gesta
881 3258 966 3312 cortu·

113 3367 182 3420 uas
194 3360 274 3433 apud
286 3358 479 3428 cattmtmm
493 3356 566 3410 inter
579 3354 714 3423 epucapm
731 3351 861 3417 confecta,
875 3351 967 3402 utram

112 3454 271 3515 οίοοήιιιιιι,
285 3464 323 3504 an
334 3448 401 3502 oica
414 3445 557 3514 Ιιιοιίοιοι.
574 3442 607 3497 Et
618 3440 675 3496 alio
690 3440 764 3506 loco,
779 3438 874 3494 duma
888 3440 965 3490 nota·

114 3542 169 3610 rio,
183 3545 219 3596 nt
231 3535 427 3609 responderet,
442 3532 656 3599 admoneretur,
671 3533 699 3585 et
721 3528 851 3584 reticeret
869 3525 890 3596 ¹,
906 3525 967 3597 ejus

112 3630 225 3686 mactis
238 3625 419 3683 mauitestata
429 3621 597 3687 diffidentia,
612 3617 743 3675 Ecclesia
753 3616 803 3672 Dei
813 3619 969 3687 augmenta

113 3714 551 3786 refirmamentaproranerunt.
568 3705 703 3780 Quisquis
711 3722 780 3778 ergo
789 3702 967 3777 diligentiam

113 3811 143 3862 et
153 3819 277 3876 operam
294 3799 465 3857 beatissima
478 3795 627 3854 memoriae
640 3793 794 3866 Augustini
806 3809 859 3865 pro
874 3792 967 3848 Eccle-

113 3895 164 3950 siae
179 3891 234 3948 Dei
247 3894 323 3946 statu
346 3902 517 3960 cognoscere
538 3883 652 3958 plenius
666 3882 796 3949 soluerit,
817 3881 904 3936 etiam
919 3879 969 3939 illa

112 3985 267 4057 percurrat
289 3982 369 4051 gesta
383 3977 436 4047 lbl:
464 3979 493 4032 et
505 3971 632 4030 inueniet
644 3987 709 4044 quse
723 3970 767 4025 vel
781 3968 878 4041 qualis
902 3983 968 4039 pro-

111 4071 225 4139 tulerit,
237 4068 343 4142 quihm
352 4066 434 4122 illum
442 4064 569 4130 doctum,
583 4061 777 4132 eloquentem,
789 4062 818 4113 et
830 4056 968 4129 praediea·

111 4168 176 4218 tum
195 4157 346 4216 hominem
359 4151 532 4227 provocarit,
551 4151 738 4220 hortatusque
759 4146 845 4202 tuerit
862 4149 897 4201 ut
915 4161 969 4216 pro

112 4268 174 4308 sue
193 4246 361 4305 &landone
377 4243 466 4317 partis
480 4240 558 4316 quud
572 4239 658 4295 vellet
671 4237 809 4302 ediceret3
829 4235 969 4306 illumque

111 4341 222 4397 ιιιιοιιι
236 4338 399 4410 cognoscet.

151 4501 270 4561 catur
281 4499 336 4556 XV.
357 4528 392 4539 -
410 4493 580 4563 ttiaresrs'om
593 4488 776 4548 amalmants's
795 4499 936 4541 convasat

331 4588 498 4656 negotiator,
517 4582 623 4637 nomine
640 4580 756 4636 Firmus.

153 4730 221 4788 Scio
236 4728 307 4784 item
329 4740 388 4780 uon
406 4721 483 4778 solus
509 4719 580 4791 ipse,
606 4712 812 4771 verumetiam
839 4709 888 4765 alii
915 4710 971 4765 ira·

115 4828 178 4878 tres
203 4823 232 4874 et
253 4812 394 4883 conservi,
419 4809 470 4884 qui
497 4806 648 4865 nobiscum
670 4809 738 4860 tunc
765 4800 842 4856 intra
865 4798 972 4870 llippo·

115 4922 242 4967 aenum
256 4903 405 4962 recisum
419 4914 485 4956 cum
508 4894 610 4952 eodem
625 4896 721 4949 sancto
746 4891 807 4946 viro
829 4886 972 4958 virebant,

115 4995 207 5053 nohis
219 4994 328 5067 pariter
338 4990 372 5046 ad
386 5001 515 5044 mensum
524 4981 685 5040 constitutis
699 4995 767 5036 eum
778 4976 881 5034 dixisse
895 4993 902 5031 ι
917 4975 974 5032 Ad·

115 5085 246 5142 masas
267 5081 347 5137 bodie
366 5081 396 5134 s'a
408 5076 621 5133 mebriameum
633 5085 789 5132 samonem,
804 5067 916 5137 ejusque
929 5067 973 5120 in-

116 5177 205 5231 itiam
218 5176 245 5228 et
266 5173 345 5242 Anna
357 5171 451 5225 maha
464 5179 550 5221 meam
573 5158 791 5219 romaemdinem
803 5156 973 5228 processisse,

149 5339 160 5373 ¹
180 5332 326 5384 §dtamen
337 5327 387 5379 ed.
403 5326 466 5390 aeg.
484 5326 527 5375 tlt
541 5323 654 5374 :Dama
668 5319 782 5374 antarta,
791 5317 821 5367 ut
832 5311 975 5379 responde·

117 5402 171 5459 ret,
188 5395 388 5453 muctar,
402 5389 503 5441 meast:
519 5389 545 5437 et
559 5381 760 5440 csmretteeret,
772 5382 871 5440 stc.;et
880 5390 912 5426 ex
928 5376 975 5426 Cd.

119 5461 187 5524 tteg.
202 5458 280 5508 tuat:
293 5455 363 5505 uuas
377 5465 396 5504 a
408 5451 520 5507 sommo,
534 5443 754 5509 etresponderct,
767 5439 976 5499 admoneretur,

118 5523 196 5577 stell
209 5523 260 5570 att.
274 5516 311 5568 st
321 5528 387 5567 casn
398 5513 592 5570 certamem.
607 5507 641 5557 hl.
743 5565 749 5577 ⁸

163 5585 195 5648 a)
210 5578 310 5634 wint
322 5589 407 5644 pape.
422 5573 489 5626 vids
502 5569 688 5637 augustinum,
703 5566 784 5632 Epist
803 5565 857 5625 ltu,
871 5575 899 5615 n.
915 5565 938 5624 t,
951 5564 978 5613 st

223 5645 271 5695 let
291 5654 319 5692 n.
334 5643 358 5692 t.
960 5685 966 5698 ⁹

153 5710 193 5777 (s)
206 5678 286 5757 ausi
312 5715 375 5754 ean
401 5696 518 5753 sumto
531 5692 692 5750 masena
707 5687 906 5743 murmurum
926 5699 978 5752 ept-

121 5783 215 5836 scapo,
230 5768 259 5817 in
274 5771 346 5817 tomo
359 5766 385 5814 e.

1013 443 1142 511 quoniam
1151 457 1204 497 non
1214 457 1272 496 eam
1283 458 1340 497 rern
1350 445 1523 500 terminatam
1535 446 1709 516 explicuerim
1717 463 1866 518 quumpro

1011 545 1164 602 posueram,
1178 530 1226 586 sed
1238 532 1395 601 pendentem
1405 533 1583 602 reticuerim?
1592 534 1643 590 Cui
1653 535 1865 607 respondimus:

1012 622 1054 675 ltu
1067 634 1115 674 uos
1138 622 1166 675 in
1182 624 1298 690 tempore
1312 622 1425 678 miratos
1438 624 1525 690 misse
1537 624 1636 679 scimus
1650 628 1675 679 et
1697 628 1865 694 recognosci-

1011 723 1080 763 mus.
1097 710 1133 763 At
1147 707 1194 763 ille
1210 724 1217 763 :
1234 709 1329 778 Credo,
1350 709 1399 770 ait.
1421 711 1494 781 quod
1502 713 1574 779 farte
1593 713 1710 782 aliquem
1732 718 1866 769 emuntur

1011 799 1040 851 s'n
1054 798 1152 868 populo
1170 800 1297 853 Dominus
1315 815 1365 869 pes·
1379 805 1500 855 nostram
1523 800 1682 856 oblivionem
1702 806 1728 857 et
1750 818 1866 858 ararem

1012 886 1101 942 duceri
1113 891 1138 942 et
1151 889 1245 941 curari
1269 888 1393 954 voluat,
1409 890 1439 942 in
1453 890 1530 959 cujas
1546 905 1629 945 mana
1640 895 1703 945 sunt
1726 895 1751 946 et
1773 907 1821 948 nos
1841 896 1867 947 et

1012 989 1144 1031 semones
1170 978 1265 1031 nostri.
1294 977 1364 1032 Nam
1388 992 1447 1031 cam
1461 979 1606 1047 proposita
1620 981 1776 1048 questionis
1799 980 1867 1034 tate·

1013 1063 1094 1119 bras¹
1108 1068 1314 1134 pertractarem,
1330 1065 1359 1117 in
1373 1064 1452 1119 aliud
1465 1069 1594 1121 samonis
1609 1082 1725 1121 eacarsa
1742 1071 1865 1138 pareri,

1013 1156 1094 1222 atque
1107 1154 1147 1207 ita
1156 1168 1208 1207 nort
1223 1154 1347 1207 cortclusa
1360 1153 1402 1207 oet
1414 1155 1552 1223 suplicata
1572 1157 1728 1224 quastione,
1739 1156 1866 1227 disputa·

1014 1243 1111 1296 tionem
1126 1243 1280 1307 terminant,
1305 1244 1394 1311 mauis
1411 1241 1555 1297 aduersum
1570 1244 1779 1299 Muntcbaorum
1792 1261 1864 1301 erro·

1012 1345 1079 1399 rem,
1094 1330 1166 1385 unde
1183 1331 1254 1384 nsts'l
1267 1330 1356 1385 dicere
1371 1330 1553 1394 decreveram,
1571 1323 1728 1402 disputans,
1739 1349 1821 1402 quam
1835 1335 1868 1389 de

1013 1422 1048 1474 s's's
1061 1435 1121 1489 que
1135 1434 1254 1474 asserere
1266 1434 1469 1490 proposueram.
1492 1422 1525 1475 Et
1537 1425 1604 1492 post
1618 1422 1689 1489 hac,
1704 1422 1760 1477 nisi
1773 1422 1867 1487 fallor,

1014 1524 1077 1564 ecce
1091 1509 1147 1563 alia
1159 1508 1206 1563 die
1225 1509 1268 1564 vel
1290 1514 1355 1580 post
1381 1509 1501 1565 biduum
1524 1510 1600 1565 venit
1621 1510 1740 1582 quidam
1751 1511 1869 1570 Firmus

1015 1595 1142 1663 nomine,
1163 1596 1333 1669 negotiator,
1365 1603 1392 1652 et
1416 1597 1493 1652 intra
1520 1600 1725 1654 monasterium
1752 1601 1869 1656 sedente

1014 1689 1111 1738 sancto
1125 1684 1294 1756 Augustino,
1311 1684 1392 1739 nohis
1403 1702 1509 1753 coram,
1526 1687 1561 1742 ad
1573 1688 1659 1759 pedes
1672 1689 1734 1759 ejus
1748 1689 1870 1762 genibus

1013 1773 1182 1845 provolutus
1197 1789 1258 1828 sese
1270 1774 1396 1844 jactarit,
1414 1775 1552 1846 lacrymas
1569 1776 1702 1843 lundens,
1717 1783 1747 1834 et
1766 1769 1870 1850 rogans

1015 1867 1048 1918 ut
1065 1878 1118 1935 pro
1137 1862 1195 1917 suis
1214 1862 1324 1917 delictis
1343 1863 1474 1919 sacerdos
1488 1880 1554 1919 cum
1569 1864 1697 1920 sauctis¹
1716 1867 1869 1923 Dominum

1015 1955 1191 2022 precaretur,
1215 1952 1354 2006 cantitans
1369 1952 1445 2023 quod
1462 1952 1681 2010 Manichaeorum
1700 1960 1806 2011 sectam
1825 1972 1869 2012 se·

1016 2046 1099 2096 cutus
1113 2040 1223 2104 luisset,
1239 2046 1267 2096 et
1278 2040 1309 2095 in
1319 2057 1353 2096 ea
1367 2057 1454 2112 quam
1469 2042 1601 2114 plurimis
1610 2043 1694 2099 annis
1703 2043 1830 2113 vixisset,
1842 2050 1870 2101 et

1016 2133 1168 2202 propterea
1183 2128 1335 2201 pecuniam
1350 2131 1471 2186 multam
1490 2131 1561 2202 ipsis
1576 2133 1746 2199 ldanicbaeis,
1762 2134 1808 2189 rel
1828 2134 1869 2189 eis

1017 2235 1089 2290 quos
1106 2217 1206 2273 dicunt
1220 2218 1331 2284 electos,
1347 2218 1491 2276 incassum
1506 2227 1668 2293 erogasset:
1685 2239 1717 2278 ac
1732 2238 1761 2278 se
1775 2222 1806 2278 in
1827 2239 1872 2279 ac·

1017 2307 1112 2374 alesia,
1128 2306 1179 2363 Dei
1194 2306 1400 2377 misericordia,
1416 2309 1503 2364 tuisse
1519 2310 1580 2381 ejus
1594 2311 1760 2367 tractatibus
1779 2327 1871 2383 nuper

1017 2401 1175 2452 correctum
1191 2400 1276 2469 atque
1291 2398 1461 2453 catholicum
1475 2398 1591 2454 iactum.
1608 2401 1690 2465 Quod
1704 2405 1733 2457 et
1746 2401 1807 2473 ipsa
1825 2416 1872 2457 re-

1018 2485 1154 2541 nerahilis
1174 2485 1360 2557 Augustinus,
1377 2493 1404 2542 et
1425 2503 1477 2541 nos
1505 2488 1555 2559 qui
1570 2493 1637 2544 tunc
1655 2488 1817 2558 aderamus,
1837 2490 1873 2546 ab

1018 2575 1118 2630 eodem
1134 2574 1484 2648 diligenterinquirentes,
1495 2591 1528 2631 ex
1539 2593 1595 2650 qua
1611 2593 1641 2632 re
1651 2577 1832 2650 potissimum
1842 2578 1872 2635 in

1019 2664 1068 2718 illo
1083 2668 1204 2719 tractatu
1220 2663 1275 2719 sibi
1298 2663 1386 2719 fucrit
1400 2665 1584 2734 satisfactum,
1615 2671 1644 2721 et
1659 2667 1800 2723 referente
1826 2684 1871 2736 eo,

1020 2752 1158 2824 nobisque
1173 2752 1306 2808 omnibns
1321 2752 1461 2807 sermonis
1474 2754 1578 2809 seriem
1593 2756 1872 2827 recognoscentibus,

1018 2842 1196 2913 protundum
1211 2839 1361 2895 consilium
1378 2841 1427 2895 Dei
1436 2857 1489 2912 pro
1503 2843 1594 2898 salute
1607 2845 1770 2900 animarum
1780 2845 1872 2902 admi-

1019 2936 1115 2985 rantes
1129 2935 1158 2985 et
1177 2933 1334 3000 stupentes,
1354 2928 1578 3000 glorificavimus
1596 2937 1725 2988 sanctum
1740 2934 1801 3006 ejus
1820 2950 1873 2989 no·

1019 3035 1097 3085 men,
1113 3023 1142 3074 et
1154 3017 1367 3084 benediximus;
1384 3017 1514 3090 quicum
1533 3021 1665 3087 voluerit,
1681 3026 1711 3077 et
1733 3023 1809 3080 unde
1822 3039 1873 3078 vo-

1020 3107 1121 3181 luerit,¹
1143 3112 1172 3163 et
1197 3106 1341 3178 quomodo
1357 3107 1489 3171 voluerit,
1518 3112 1547 3163 et
1571 3125 1623 3180 per
1637 3109 1757 3166 scientes
1771 3115 1801 3167 et
1822 3127 1875 3184 per

1020 3196 1177 3252 nescientes
1190 3196 1311 3251 salutem
1326 3201 1462 3267 operatur
1475 3197 1650 3253 animarum.
1671 3199 1704 3255 Et
1726 3215 1761 3255 ex
1777 3217 1811 3256 eo
1824 3200 1874 3257 ille

1021 3286 1107 3341 homo
1122 3283 1268 3357 proposito
1283 3300 1431 3339 servorum
1446 3284 1497 3340 Dei
1512 3285 1670 3355 adhoerens,
1686 3288 1874 3360 negotiatoris

1023 3373 1131 3430 dimisit
1144 3373 1298 3439 actionem,
1318 3376 1347 3428 et
1364 3372 1518 3444 proficiens
1532 3375 1563 3430 iu
1578 3375 1706 3433 sceleste
1726 3378 1874 3447 membris,

1021 3463 1052 3519 in
1066 3463 1123 3518 alia
1142 3462 1261 3534 regione
1277 3461 1312 3517 ad
1335 3461 1504 3534 presbyterii
1530 3463 1645 3535 quoque
1660 3465 1710 3519 ltei
1724 3466 1871 3522 voluntate

1021 3553 1129 3624 petitus
1147 3557 1176 3607 et
1190 3556 1304 3607 coactus
1319 3551 1436 3606 accessit
1449 3550 1585 3619 officium,
1605 3555 1705 3607 teneus
1720 3556 1805 3624 atque
1819 3569 1869 3608 cu-

1023 3641 1148 3698 stodiens
1169 3639 1309 3712 propositi
1324 3639 1523 3695 sanctitatem:
1548 3647 1577 3696 et
1591 3640 1662 3696 torta
1677 3641 1771 3698 adhuc
1786 3657 1876 3714 usque

1022 3732 1053 3787 iu
1066 3731 1151 3787 rebus
1166 3729 1300 3786 humenis
1314 3728 1382 3784 vivit
1396 3734 1475 3784 trans
1490 3744 1567 3784 mare
1582 3730 1765 3788 constitutus.

1024 3912 1135 3968 CAPUT
1150 3911 1216 3966 xvt.
1232 3939 1263 3950 -
1279 3907 1490 3965 Manichaeorum
1507 3908 1678 3964 cascaranda
1692 3909 1877 3980 turpitudines

1164 3999 1280 4055 detcctae.
1301 3998 1378 4054 Fetta
1397 3998 1562 4054 Manichacus
1581 4013 1732 4055 conversas.

1059 4143 1143 4219 Apud
1167 4140 1367 4214 Carthaginem
1394 4158 1520 4215 quoque,
1549 4143 1618 4200 dum
1642 4158 1695 4213 per
1722 4142 1876 4214 quemdam

1023 4237 1124 4292 domus
1154 4230 1241 4305 regiae
1268 4237 1492 4303 procuratorem,
1527 4231 1642 4287 nomine
1668 4230 1782 4297 Ursum,
1806 4229 1874 4284 tidei

1023 4323 1170 4381 catholicus
1201 4319 1359 4388 hominem,
1396 4320 1432 4376 ad
1469 4320 1608 4393 quosdam
1641 4317 1874 4387 Manichaeorum,

1024 4433 1096 4490 quos
1110 4417 1212 4472 electus
1233 4415 1277 4470 rel
1298 4415 1401 4469 electas
1414 4409 1523 4479 dicunt,
1543 4412 1699 4481 praesentes
1714 4409 1876 4481 pervenire·

1023 4510 1082 4574 tur,
1109 4507 1195 4577 atque
1220 4503 1255 4558 ad
1282 4499 1428 4557 ecclesiam
1452 4497 1604 4553 abeodem
1620 4496 1831 4565 deducerentur
1851 4500 1880 4552 et

1024 4594 1260 4667 perducerentur,
1274 4591 1309 4646 ab
1320 4586 1461 4661 episcopis
1471 4585 1506 4641 ad
1520 4585 1631 4641 tabulas
1648 4585 1686 4658 (a)
1701 4585 1792 4643 auditi
1802 4589 1878 4641 sunt.

1025 4684 1103 4738 luter
1115 4698 1186 4754 quos
1197 4681 1284 4736 etiam
1293 4682 1397 4734 sanctae
1409 4674 1557 4730 memoria
1570 4676 1746 4746 Augustinus
1756 4673 1880 4747 telequi

1025 4789 1085 4847 pra.
1108 4769 1218 4826 caeteris
1232 4770 1312 4824 illam
1340 4763 1544 4822 exsecrabilem
1568 4768 1675 4819 sectam
1701 4768 1830 4831 noverat,
1852 4768 1881 4819 et

1026 4877 1126 4918 eorum
1139 4859 1265 4931 prodens
1286 4852 1427 4929 ejusmodi
1440 4851 1618 4908 damnabiles
1638 4851 1831 4925 blasphemias
1845 4867 1881 4907 ex

1027 4949 1095 5007 locis
1105 4949 1256 5016 librarum,
1272 4962 1344 5018 quos
1358 4943 1400 4998 illi
1414 4942 1557 5014 accipiunt
1572 4940 1830 5013 manichaeumque
1845 4939 1880 4995 ad

1027 5036 1232 5095 contessionem
1244 5033 1409 5091 earumdem
1421 5031 1664 5104 blasphemiarum
1677 5046 1725 5086 eos
1735 5028 1878 5101 perduxit:

1028 5131 1057 5183 et
1077 5142 1142 5199 quse
1160 5124 1236 5179 inter
1250 5138 1279 5176 se
1299 5120 1341 5176 illi
1356 5137 1407 5176 suo
1427 5136 1506 5175 snare
1521 5119 1597 5174 malo
1612 5119 1732 5191 indigns
1746 5122 1775 5172 et
1784 5115 1881 5188 turpia

1028 5216 1119 5271 iacere
1139 5213 1351 5277 consueverant,
1368 5208 1541 5264 feminarum
1556 5207 1670 5262 illarum
1686 5205 1763 5259 velut
1777 5202 1880 5258 electa-

1062 5375 1070 5409 t
1086 5372 1115 5420 tn
1130 5370 1202 5430 blaa,
1223 5367 1321 5421 latera.
1338 5393 1368 5436 ,·
1382 5365 1504 5424 Selinus,
1515 5378 1546 5414 ex
1557 5362 1602 5413 Cd.
1618 5359 1701 5410 Vatic.
1719 5360 1788 5423 tiss,
1812 5359 1879 5413 late·

1032 5434 1120 5486 tram.
1144 5433 1178 5482 tlt.

1061 5498 1072 5532 ⁸
1089 5495 1132 5544 Sic
1148 5495 1209 5544 tiss.
1225 5493 1258 5543 At
1271 5492 1349 5543 editi:
1368 5494 1434 5542 cum
1444 5493 1505 5540 suls.

1072 5557 1099 5622 a)
1109 5555 1149 5608 Ad
1157 5555 1274 5610 tabutas,
1285 5553 1368 5612 idest,
1383 5552 1493 5603 uomriis
1501 5547 1693 5612 excipientibus
1702 5548 1729 5598 et
1737 5547 1766 5598 in
1775 5547 1881 5598 tabulas

1031 5620 1059 5671 tn
1071 5616 1205 5670 arentibus
1216 5617 1378 5680 interrogata
1391 5617 1418 5664 et
1442 5623 1584 5676 responsa:
1599 5610 1689 5675 sicque
1715 5611 1880 5662 nummorum

1033 5694 1111 5746 opere
1125 5679 1245 5731 conlecta
1263 5682 1326 5727 sunt
1346 5675 1392 5725 illa
1407 5678 1488 5738 gestu,
1503 5685 1563 5737 quta
1585 5671 1629 5722 hic
1643 5671 1821 5724 ecclesiastica
1840 5671 1879 5721 di·

1033 5748 1139 5804 cuntur,
1149 5745 1176 5793 et
1186 5741 1214 5791 in
1230 5740 1297 5790 libro
1310 5738 1343 5791 ds
1355 5736 1513 5797 lleresihus,
1527 5735 1592 5787 hoer.
1607 5737 1649 5797 ld,
1659 5735 1835 5801 episcopalia.
