3884 6112
87 269 141 322 775
693 251 964 309 ottrxrusstltblssu
984 250 1011 307 S.
1033 250 1236 308 utillt's'llb't.
1806 254 1850 303 itu·

86 387 223 460 ligantia,
239 383 285 440 eui
312 379 536 454 suspiravimus3
552 392 647 433 nonne
668 377 722 432 lroc
736 381 789 446 est,
813 379 890 431 intro
905 378 935 430 in
990 374 1213 448 baturquodam
1232 373 1279 431 die
1300 372 1515 447 decentemptu
1538 372 1609 430 ritae
1622 373 1717 446 hujus
1738 378 1769 430 et
1783 373 1854 431 bono

86 475 219 546 quodiam
252 473 359 527 Domini
389 469 450 524 tui?
476 468 587 539 (blattis.
624 483 687 535 urs,
713 466 769 537 nl).
800 466 832 520 Et
858 465 934 520 istud
990 466 1100 534 mortis,
1116 465 1166 520 ubi
1179 465 1240 536 ipse
1250 480 1307 519 non
1316 462 1578 536 aderam3itlisqne
1591 461 1791 534 stupentibus
1803 462 1855 518 rir-

87 561 227 636 quaudo?
241 563 285 616 en
299 575 365 615 eum
379 574 478 613 ornnes
494 572 685 627 resurgemus,
702 555 751 610 sed
766 571 823 609 non
835 570 936 609 ornnes
989 558 1079 610 tutem
1095 554 1219 621 lentina,
1235 569 1322 625 qaam
1334 557 1365 608 tn
1386 552 1506 608 dederas
1528 552 1569 619 ei,
1593 552 1856 625 quaerentibusque

88 650 310 708 immutabimur
321 650 336 704 ‘l
347 649 370 719 (l
381 649 439 704 Cor.
452 663 496 713 xv,
514 648 571 717 bt.)
989 648 1086 700 utrum
1098 660 1155 699 uon
1166 644 1331 699 formidaret
1343 647 1403 697 tam
1418 642 1504 712 louge
1519 657 1605 697 esua
1618 641 1742 696 civitate
1757 656 1858 713 corpus

121 744 167 796 26.
183 740 318 797 Dicebam
327 735 484 803 talia¹,etsi
500 751 557 790 non
572 732 723 789 istomodo
737 731 816 786 ethis
830 728 934 792 verbis,
989 732 1171 804 relinquere:
1190 730 1276 800 uiuit,
1292 730 1396 802 iuquit,
1411 731 1490 798 tonqo
1503 734 1544 786 est
1564 732 1636 801 Deo3
1652 745 1750 800 neque
1765 732 1857 785 timer·

86 834 193 897 umen,
211 817 342 894 Domine,
357 830 389 880 tn
403 824 457 878 scis
476 822 552 895 quod
576 823 624 877 illo
648 822 705 890 die,
730 836 795 875 curn
811 820 878 874 talia
892 819 935 873 lo·
990 822 1106 877 domest
1119 837 1152 876 ne
1167 822 1212 876 ltle
1223 836 1277 876 non
1291 824 1421 888 aquosoat
1435 821 1464 875 iu
1472 819 1530 891 fine
1543 820 1655 886 sarculi,
1672 819 1754 875 uude
1767 834 1812 874 mc
1823 834 1858 873 re

87 933 252 993 queremur,
268 919 296 970 et
308 915 434 970 muudus
444 913 496 967 iste
508 911 592 967 uobis
605 910 680 965 inter
693 910 779 964 verba
789 908 937 963 vilesceret
990 912 1109 966 suscitet.
1123 909 1200 980 Ergo
1221 908 1268 964 die
1280 923 1356 963 nouo
1370 906 1553 979 egritudinis
1573 924 1650 976 sure,
1677 907 1859 981 quiuquage-

87 1007 299 1064 cumomnibus
317 1003 553 1060 delectationibus
566 1001 634 1067 suis,
649 1001 766 1055 tuucait
781 999 846 1054 illa:
871 1000 935 1064 Fili,
991 999 1063 1054 simo
1078 1004 1106 1054 et
1128 1002 1206 1054 sexto
1227 1013 1302 1053 anuo
1321 997 1413 1053 relatis
1437 1012 1508 1065 suae,
1532 996 1699 1070 trigesimo
1723 1001 1754 1053 et
1780 996 1858 1053 tertia

87 1103 219 1169 quantum
230 1096 433 1159 admonitioni,
443 1094 519 1146 rrrrllu
532 1092 592 1160 jum
605 1106 633 1144 re
643 1090 794 1144 detentoria
808 1089 857 1142 liaerc
867 1090 935 1143 ritu.
992 1086 1083 1143 relatis
1100 1103 1172 1143 mere
1190 1087 1240 1159 (a),
1261 1085 1357 1142 anima
1371 1085 1421 1142 ille
1442 1085 1583 1158 religiosa
1605 1088 1639 1142 et
1663 1085 1720 1159 pia
1742 1100 1857 1158 corpora

87 1186 161 1254 Quid
175 1187 217 1240 bio
229 1187 333 1254 sociam
348 1183 448 1250 adbuc,
464 1186 489 1236 ot
503 1197 552 1235 cur
566 1182 609 1234 tic
624 1182 675 1234 sim
692 1182 790 1246 nescio,
806 1179 863 1248 inm
875 1192 936 1231 corr·
992 1175 1085 1232 soluta
1098 1181 1150 1231 est.

87 1280 196 1346 sumpto
206 1290 253 1344 spe
262 1273 349 1342 liujus
361 1273 465 1327 seculi.
483 1273 569 1325 ibrum
580 1274 638 1324 erat
648 1267 836 1338 propterquod
844 1269 873 1320 iu
885 1267 936 1319 bur
1321 1261 1435 1319 CAPUT
1452 1262 1509 1317 xli.

88 1368 148 1420 uilo
161 1365 333 1434 altercantem
346 1361 488 1416 immorari
501 1359 651 1428 eripiebam,
670 1362 701 1412 ut
721 1361 745 1412 te
760 1357 938 1410 cluisliunum
1046 1351 1180 1420 Quomodo
1192 1352 1293 1407 iuuerit
1304 1356 1413 1407 mortem
1427 1352 1535 1406 matria.
1554 1349 1746 1423 Sacrificium
1759 1366 1811 1423 pro

90 1453 252 1509 catholicum
273 1450 403 1517 viderem,
425 1451 588 1519 priusquam
614 1461 740 1501 monerer.
771 1445 938 1502 Cumulatius
1342 1440 1489 1508 dclirmtis.

91 1543 141 1597 boe
163 1542 232 1596 milri
251 1539 605 1608 montemmaranum
625 1540 649 1589 le
672 1537 762 1600 etium,
789 1537 938 1602 contemptu
1028 1533 1072 1587 29.
1089 1530 1255 1585 Premebam
1278 1530 1374 1585 oeulos
1396 1529 1469 1601 ejus,
1491 1532 1520 1584 et
1543 1527 1723 1585 confluebat
1736 1529 1770 1585 iu
1788 1545 1853 1602 pre·

90 1631 223 1699 felicitate
255 1633 370 1694 terreno,
408 1641 516 1682 seruum
548 1624 606 1693 ejus
633 1624 760 1680 videam:
796 1621 864 1692 quiid
895 1621 939 1675 trie
993 1617 1458 1689 cordiameamoestitudoiugens,
1473 1617 1716 1675 ottransllaebat
1729 1619 1762 1674 in
1776 1618 1852 1691 larq-

90 1716 188 1787 saniot
993 1723 1068 1776 mas;
1083 1707 1247 1779 ibidemque
1260 1706 1336 1762 oculi
1349 1707 1407 1762 mei
1422 1707 1548 1762 uiolento
1562 1706 1662 1762 animi
1676 1708 1802 1781 imperio
1815 1723 1851 1763 re·

433 1803 547 1858 CAPUT
562 1803 606 1857 xl.
993 1800 1146 1855 sorbebant
1160 1800 1271 1856 lentem
1281 1815 1365 1854 snum
1374 1815 1465 1872 usque
1475 1799 1512 1855 ad
1526 1799 1708 1869 siccitatem,
1723 1804 1754 1856 et
1766 1800 1796 1855 in
1806 1800 1847 1857 teli

311 1894 349 1948 Do
360 1895 458 1947 ecstasi
471 1898 496 1947 ot
509 1897 594 1946 merto
608 1889 714 1945 matris.
993 1888 1148 1945 luctamine
1160 1890 1241 1945 valde
1255 1888 1329 1944 male
1344 1888 1415 1943 mibi
1428 1893 1500 1945 erat.
1509 1889 1587 1944 'ium
1597 1905 1671 1944 rere
1687 1889 1740 1945 ubi
1754 1888 1846 1946 elllarit

125 1983 174 2039 Yl.
192 1981 235 2036 Ad
250 1980 312 2036 haee
324 1980 350 2035 ei
368 1980 436 2053 quid
457 1978 667 2051 responderim,
679 1993 737 2034 uon
752 1976 819 2033 satis
834 1975 938 2032 recolo.
993 1983 1155 2034 extremum
1173 1976 1336 2050 spirituml,
1356 1994 1429 2049 puer
1447 1977 1613 2033 Adeodetus
1636 1977 1844 2034 exclamaritin
1887 1972 1889 2029 ἶ

91 2070 164 2126 Cum
178 2070 287 2125 interea
302 2069 347 2125 rix
363 2069 438 2124 iutra
459 2069 587 2141 quinque
609 2068 681 2137 dies,
700 2071 750 2122 aut
769 2083 827 2121 nou
848 2066 939 2121 multo
994 2066 1152 2138 planctum,
1171 2070 1258 2138 atque
1272 2065 1307 2120 ab
1322 2066 1456 2122 omnibus
1473 2065 1561 2121 nobis
1582 2066 1734 2122 coercitus
1752 2066 1840 2124 tacuit.

91 2158 216 2231 amplius
231 2158 366 2214 decubuit
377 2157 513 2214 lebribus.
530 2158 562 2213 lit
571 2173 637 2212 cum
643 2160 804 2227 aegrotaret,
815 2155 940 2227 quodam
995 2156 1053 2211 iloc
1067 2157 1153 2211 modo
1166 2156 1253 2211 etiam
1264 2171 1360 2211 meum
1371 2154 1509 2227 quiddam
1519 2153 1640 2226 puerile
1651 2157 1734 2228 quod
1748 2154 1843 2211 labeba

93 2246 139 2303 die
155 2246 297 2302 delectum
312 2246 416 2302 animm
429 2261 513 2317 passa
523 2249 576 2311 est,
592 2249 619 2299 el
631 2244 781 2316 paululum
798 2243 941 2297 subtracta
994 2244 1085 2300 turin
1100 2246 1184 2300 fletus
1194 2243 1316 2317 iuvenili
1330 2260 1396 2300 voce
1410 2243 1515 2312 cordis,
1531 2244 1731 2301 coercebatur
1744 2249 1841 2300 eltnae

92 2335 322 2405 apresentibus.
340 2334 397 2388 Nos
409 2333 617 2388 concurrimus.
633 2332 681 2387 sad
698 2331 755 2386 cito
771 2330 885 2386 reddita
899 2335 942 2386 est
994 2333 1053 2391 bat.
1077 2334 1174 2406 Neque
1198 2333 1276 2388 enim
1304 2332 1402 2388 decere
1423 2331 1644 2388 arbitrabamur
1668 2332 1759 2388 funus
1784 2332 1841 2389 illud

93 2422 199 2491 sensui,
216 2427 245 2478 et
253 2421 364 2494 aspexit
377 2425 502 2475 astantes
515 2437 561 2475 me
573 2426 601 2475 ot
610 2420 728 2475 fratrem
740 2435 848 2481 meum,
862 2422 890 2473 et
902 2420 942 2474 ait
995 2422 1143 2495 questibus
1161 2420 1326 2494 lacrymosis
1346 2419 1559 2493 gemitibusque
1578 2420 1774 2492 celebrare¹;
1787 2420 1842 2493 quia

92 2511 176 2568 uobis
190 2511 270 2583 quasi
285 2509 424 2582 quaerenti
443 2508 562 2563 similis:
587 2509 638 2563 Ubi
651 2511 750 2563 eram?
769 2507 875 2562 Deinde
889 2523 941 2562 nos
994 2510 1038 2565 his
1052 2511 1223 2583 plerumque
1235 2510 1306 2565 solet
1318 2508 1462 2580 deplorari
1480 2509 1619 2581 quedam
1644 2509 1769 2566 miseria
1788 2525 1841 2565 mo·

93 2599 207 2654 intuens
217 2614 339 2654 moerore
353 2597 506 2653 attonitos:
523 2599 629 2652 Ponctis
643 2598 695 2664 liic,
712 2595 815 2668 inquit,
827 2601 941 2651 matrem
994 2600 1142 2668 rientinm,
1158 2603 1208 2656 aut
1223 2599 1305 2671 qnasi
1326 2597 1490 2654 omnimodo
1504 2598 1673 2655 exstinctio.
1690 2603 1730 2656 At
1741 2600 1790 2655 illa
1801 2615 1843 2655 nse

92 2687 232 2745 uestram?
256 2689 314 2759 Ego
340 2686 468 2753 silebam,
489 2690 518 2741 et
536 2688 636 2740 lletum
657 2685 816 2740 treuabam.
843 2685 941 2741 Frater
995 2690 1098 2745 misere
1116 2689 1302 2756 moriebatur,
1322 2704 1374 2744 nee
1391 2687 1508 2743 omniuo
1528 2688 1725 2745 moriebatur.
1748 2690 1844 2745 llooel

92 2780 188 2833 autem
200 2793 280 2832 meus
289 2776 425 2849 quiddam
432 2777 541 2831 loeutus
551 2780 738 2846 est,quoeam
747 2790 940 2845 nauperegre,
994 2778 1172 2834 documentis
1187 2794 1301 2834 morum
1315 2777 1385 2850 ejus,
1397 2780 1427 2833 et
1442 2776 1499 2832 tide
1510 2791 1571 2832 non
1585 2776 1668 2847 licta,
1681 2777 1843 2834 rationibus

92 2867 186 2922 sedin
201 2866 293 2938 patria
307 2864 426 2937 defungi
440 2870 577 2936 tanquam
598 2864 707 2919 felicius
730 2868 850 2935 optaret.
878 2863 940 2928 Quo
995 2884 1051 2939 que
1066 2867 1149 2923 certis
1162 2866 1342 2923 tenebamus.

90 2956 199 3023 audito,
223 2955 273 3010 illa
289 2956 369 3010 vultu
388 2955 472 3009 anxio
483 2953 668 3009 reverberans
683 2970 751 3009 eum
764 2952 854 3008 ocrrlis
863 2953 940 3024 quad
1031 2955 1246 3028 30.011iderg0
1261 2954 1404 3027 eratquod
1418 2953 1495 3010 intus
1504 2953 1578 3008 mihi
1588 2954 1843 3026 grariterdolebat,

92 3043 162 3099 talia
174 3038 296 3114 saperet,
311 3048 396 3115 atque
412 3043 478 3098 iude
494 3058 540 3097 me
554 3041 686 3097 intuens:
705 3042 782 3109 Vide,
796 3041 846 3112 ait,
873 3042 942 3112 quid
993 3046 1049 3103 nisi
1063 3063 1098 3101 ox
1111 3044 1318 3101 consuetudine
1334 3043 1419 3100 simul
1429 3042 1544 3099 vivendi
1558 3042 1736 3101 dulcissima
1749 3049 1777 3100 et
1789 3045 1844 3099 rba·

92 3132 172 3188 dicit.
186 3133 219 3187 lit
230 3148 296 3187 mox
310 3132 451 3187 ambobus
462 3133 578 3198 :Ponite
593 3131 697 3203 inquit,
709 3132 757 3186 troc
769 3146 866 3201 corpus
880 3132 940 3186 ubi·
995 3133 1108 3189 rissima
1128 3138 1246 3205 repente
1270 3132 1398 3205 disrupta
1414 3132 1518 3187 vulnus
1540 3131 1667 3189 recens?
1686 3134 1845 3189 Gratulebsr

92 3234 223 3289 cumque;
238 3221 310 3275 nibit
331 3236 377 3276 uos
402 3221 461 3290 ejus
486 3237 553 3275 euru
575 3221 730 3287 conturbet;
752 3225 857 3274 larrium
870 3220 941 3275 illud
995 3223 1113 3296 quidem
1129 3221 1294 3277 testimonio
1306 3222 1377 3292 eius,
1391 3221 1469 3292 quod
1482 3219 1514 3274 in
1525 3235 1560 3275 ea
1573 3219 1639 3292 ipsa
1654 3222 1762 3277 ultima
1775 3220 1845 3293 agri·

91 3323 139 3365 uos
152 3325 226 3378 roae,
255 3314 285 3363 ut
311 3308 349 3364 ad
372 3312 481 3364 Domini
506 3311 593 3364 altare
617 3312 791 3364 memineritis
816 3311 869 3363 mei
893 3309 942 3363 ubi
995 3310 1105 3379 tudine,
1121 3310 1264 3381 obsequiis
1279 3309 1350 3364 meis
1362 3308 1598 3378 interblandiens,
1620 3310 1790 3382 appellabat
1807 3326 1845 3364 me

91 3400 212 3467 meritis.
239 3398 368 3470 Cumque
382 3396 455 3453 hano
469 3398 640 3454 seutentiam
655 3397 749 3453 verbis
773 3398 941 3469 quibuspo·
994 3400 1086 3473 pium,
1114 3403 1142 3454 et
1170 3397 1414 3454 commemorabat
1437 3396 1540 3469 mandi
1563 3397 1735 3454 dilectionis
1753 3399 1844 3456 affectu

92 3491 165 3542 terat
178 3486 356 3559 explicasset,
384 3486 539 3553 conticuit;
556 3491 585 3543 et
607 3487 820 3557 ingravescente
840 3486 941 3541 morbo
995 3503 1145 3561 utinquam
1159 3485 1310 3543 seandisse
1325 3502 1359 3541 ex
1373 3502 1423 3541 ore
1437 3500 1503 3541 meo
1524 3486 1691 3557 jaculatum
1718 3487 1750 3543 iu
1764 3488 1845 3543 sedo·

92 3576 288 3634 exercebatur.
995 3592 1059 3632 rum
1071 3579 1119 3631 unt
1128 3574 1370 3631 contumeliosum
1379 3590 1483 3629 sontum
1493 3573 1514 3628 ⁸.
1526 3574 1582 3630 Sed
1592 3578 1697 3631 tamen
1707 3577 1778 3649 quid
1788 3576 1844 3640 tale,

126 3667 172 3720 28.
188 3666 245 3736 Ego
260 3681 327 3721 vero
349 3664 478 3737 cogitans
504 3665 579 3720 dona
598 3669 656 3730 tua,
678 3665 751 3719 Deus
777 3662 938 3729 invisibilis,
995 3666 1070 3722 Deus
1084 3681 1173 3728 meus,
1189 3664 1239 3737 qui
1253 3663 1344 3719 iecisti
1356 3680 1418 3731 nes,
1434 3661 1503 3735 quid
1515 3663 1720 3735 comparabile
1731 3666 1845 3722 babebat

91 3768 157 3824 quae
170 3752 289 3808 immitis
303 3754 334 3808 in
347 3755 432 3809 corda
446 3754 575 3809 lidelium
589 3758 714 3821 tuorum,
725 3757 754 3808 et
767 3751 942 3824 proveniunt
994 3755 1088 3809 bonor
1100 3770 1117 3808 a
1131 3768 1177 3809 rue
1188 3752 1298 3808 delatus
1312 3751 1364 3820 illi,
1380 3756 1409 3807 et
1422 3751 1542 3807 servitus
1556 3753 1593 3807 ab
1609 3752 1662 3809 illa
1676 3753 1773 3810 milri?
1782 3755 1843 3821 Quo

92 3840 159 3896 iude
172 3840 270 3911 iruges
284 3840 483 3907 admirabiles;
501 3841 660 3912 gaudebam
667 3846 695 3895 et
705 3842 811 3912 gratias
820 3840 940 3912 agebam
994 3844 1073 3900 niam
1088 3843 1184 3914 itaque
1203 3841 1355 3897 deserebar
1375 3844 1435 3896 tam
1448 3855 1553 3913 magno
1568 3840 1635 3913 ejus
1654 3843 1772 3913 solatio,
1789 3858 1843 3899 sau·

92 3928 155 3996 tibi,
171 3928 300 3983 recolens
323 3928 401 3998 quad
427 3944 572 3996 noveram,
601 3933 707 4000 quanm
733 3945 802 3984 cura
828 3945 941 4000 semper
995 3931 1124 3988 eiabatur
1143 3929 1241 3985 anima
1257 3945 1332 3996 mea,
1346 3933 1375 3984 et
1390 3928 1473 4000 quasi
1488 3928 1689 3987 dilaniabatur
1701 3930 1773 4001 vita,
1787 3946 1842 4005 qua

93 4020 241 4072 aestuasset
255 4016 289 4071 de
306 4017 436 4087 sepulcro
451 4017 529 4088 quod
544 4017 598 4071 sibi
613 4016 776 4087 prouiderat
790 4022 819 4074 et
830 4034 940 4090 praepa·
994 4035 1053 4076 nna
1065 4019 1138 4074 lacta
1150 4023 1212 4073 erat
1225 4034 1257 4072 ex
1270 4033 1334 4072 mea
1348 4021 1376 4071 et
1389 4016 1479 4072 illius.

91 4110 205 4162 reserat
225 4105 306 4177 juxti
322 4120 426 4177 eorpus
438 4105 492 4160 riri
506 4104 560 4162 sui.
577 4105 650 4171 Quia
671 4105 749 4161 enim
766 4106 846 4161 valde
872 4123 940 4161 con·
1031 4111 1075 4164 tl.
1089 4106 1220 4163 Cohibito
1234 4121 1303 4178 ergo
1318 4121 1335 4161 a
1349 4105 1419 4161 lietu
1432 4104 1481 4161 ille
1494 4121 1597 4178 puero,
1614 4108 1793 4165 Psalterium
1804 4123 1842 4163 ar·

92 4195 216 4252 corditer
230 4194 370 4261 riserant,
396 4193 427 4249 id
452 4193 538 4249 etiarn
560 4194 683 4264 valebat,
710 4198 742 4250 ut
769 4197 811 4250 est
827 4191 941 4249 animus
995 4196 1085 4269 ripuit
1103 4195 1237 4263 Euodius,
1256 4200 1284 4250 et
1304 4199 1417 4250 eantare
1441 4195 1528 4266 coepit
1550 4197 1720 4269 psalmum
1743 4198 1790 4254 oni
1805 4212 1843 4253 ro·

91 4285 236 4340 humanus
264 4283 359 4338 minus
378 4298 465 4355 capax
483 4283 646 4339 divinorum
666 4284 784 4356 adjungi
798 4283 833 4339 ad
861 4283 941 4337 illam
995 4285 1207 4357 spondebamus
1217 4283 1310 4339 omnis
1321 4283 1671 4343 domusztliserioordiam
1682 4293 1712 4345 et
1714 4288 1843 4359 judione

90 4373 266 4441 felicitatem,
281 4380 309 4428 et
320 4371 541 4427 commemorari
550 4372 941 4435 ablromiuibns,coneessnru
994 4374 1107 4430 cantabo
1129 4374 1189 4440 tibi,
1215 4375 1325 4428 Domine
1341 4372 1425 4442 (Psoi.
1448 4389 1473 4440 c,
1491 4373 1526 4445 l).
1540 4373 1649 4430 Audito
1671 4383 1773 4433 eutem
1782 4372 1841 4449 quid

92 4462 147 4517 sibi
161 4479 222 4517 esse
236 4465 301 4533 post
314 4460 535 4517 transmarinam
549 4460 822 4531 peregrinationem,
832 4467 864 4515 ut
873 4476 941 4514 con·
995 4467 1137 4536 ageretur,
1160 4466 1354 4517 convenerunt
1376 4460 1460 4516 multi
1482 4460 1585 4517 iratres
1599 4479 1635 4519 aa
1651 4464 1795 4537 religiosa
1806 4462 1841 4519 le·

89 4550 189 4621 tunore
214 4554 291 4605 terra
318 4551 469 4607 amborum
495 4550 651 4620 conjugum
682 4552 757 4604 terra
783 4554 939 4621 tegeretur.
994 4552 1097 4620 mium3
1111 4554 1138 4606 et
1152 4551 1186 4606 de
1201 4566 1281 4605 mare
1295 4549 1362 4618 illis,
1384 4565 1507 4622 quorum
1524 4549 1657 4608 alliciam
1676 4554 1842 4625 arabianus

92 4638 212 4704 Quando
228 4643 325 4695 autem
336 4640 391 4695 ista
404 4638 528 4694 inanitas
540 4637 720 4711 plenitudiue
735 4637 871 4693 bonitatis
884 4642 941 4693 tua
994 4641 1169 4708 curantibus,
1185 4655 1239 4711 ego
1254 4639 1285 4694 in
1299 4643 1379 4711 parte
1398 4637 1449 4694 ubi
1466 4638 1600 4694 decenter
1618 4645 1768 4713 poteram,
1785 4654 1840 4696 cum

92 4730 216 4798 creperet
230 4727 261 4782 in
275 4728 337 4799 ejus
351 4729 436 4784 corde
450 4745 510 4784 non
529 4744 599 4796 esse,
615 4726 787 4787 nesciebam,
812 4731 841 4782 et
864 4727 942 4781 lata·
995 4731 1036 4786 eis
1050 4731 1100 4802 qui
1109 4746 1154 4784 me
1164 4746 1222 4784 nou
1236 4728 1425 4784 deserendum
1438 4743 1499 4782 esse
1510 4728 1677 4795 censebant,
1696 4731 1776 4803 quod
1789 4731 1841 4786 ent

92 4813 145 4871 bar
157 4814 304 4869 admirans
318 4816 395 4886 quod
410 4816 450 4872 sie
472 4815 544 4871 mibi
556 4814 716 4888 aperuisset
731 4812 759 4883 ²3
775 4830 941 4886 quanquam
994 4820 1118 4891 tempori
1132 4833 1291 4889 congruum
1308 4815 1503 4888 disputabam
1521 4832 1615 4889 eoque
1630 4818 1764 4875 fomento
1777 4816 1839 4873 reri·

92 4907 121 4960 et
135 4903 165 4959 iu
177 4902 229 4959 illo
244 4918 375 4985 serm-one
390 4908 487 4959 nostro
501 4905 536 4960 ad
545 4903 701 4959 fenestram
712 4918 776 4958 eum
788 4902 867 4970 uixit,
881 4905 942 4958 Jam
994 4909 1060 4964 tatis
1090 4907 1256 4978 mitigabam
1286 4905 1443 4961 cruciatum
1467 4904 1521 4961 tibi
1543 4910 1661 4979 notum,
1689 4908 1749 4964 illis
1770 4908 1840 4979 igno

92 4993 690 5065 quidbiciucio?nouapparuitdesiderare
706 4992 736 5048 iu
750 4991 843 5063 patria
856 4991 941 5048 mori·
995 4997 1125 5053 rantibus
1141 5001 1169 5052 ot
1183 4995 1292 5051 intente
1311 4993 1502 5059 audientibus,
1520 4999 1548 5050 et
1561 4995 1626 5053 sine
1641 5012 1731 5054 sensu
1743 4992 1838 5054 doloris

91 5080 196 5139 Audivi
211 5080 299 5137 etiam
317 5084 425 5151 postea,
448 5083 525 5153 quod
539 5082 600 5153 jem
623 5098 689 5137 cum
705 5081 790 5138 Ostiis
804 5096 941 5149 essemus,

91 5187 158 5229 cum
173 5169 346 5244 quibusdam
361 5169 460 5225 amicis
468 5171 539 5225 meis
553 5174 682 5227 materna
690 5170 943 5244 fiduciacolloque·
1025 5159 1036 5253 ζ
1051 5153 1657 5285 ἕὲῗώξῑὲἓξίῗξχοέἱξζᾚξῖῗὲξῗῆξὲἲᾛά
1667 5220 1744 5272 um
1758 5220 1791 5272 n·

1027 5280 1036 5309 ³
1048 5280 1110 5330 Lov.
1122 5280 1233 5343 aliaque
1242 5279 1380 5333 editiones,
1391 5292 1549 5330 sermonem.

123 5353 132 5386 r
145 5349 224 5401 Mart,
242 5360 303 5397 oum
317 5349 431 5419 quatuor
445 5346 522 5406 blas„
540 5344 695 5398 dicebamus
710 5345 788 5397 tutia.
799 5346 836 5395 tl.
1027 5342 1063 5407 (a)
1079 5344 1153 5392 lluuc
1166 5357 1305 5391 numerum
1318 5353 1411 5390 omrres
1427 5342 1459 5390 ad
1472 5356 1557 5392 unrrm
1577 5344 1694 5403 codices,
1706 5349 1763 5396 tum
1773 5339 1836 5397 edili·

124 5411 253 5462 ²Siclru.
268 5413 295 5460 et
303 5410 404 5473 aliquot
412 5421 444 5456 ex
462 5408 539 5471 praeci
561 5409 601 5456 uis
613 5408 689 5468 bles.;
707 5413 734 5457 at
746 5407 810 5458 Ded.
829 5408 885 5457 llm.
897 5406 940 5456 Er.
994 5409 1050 5455 turn
1062 5406 1151 5468 scripti
1162 5405 1311 5468 assiguaut;
1322 5402 1393 5452 uude
1404 5404 1562 5468 intelligitur
1573 5406 1663 5458 locum
1674 5408 1782 5459 minime
1790 5417 1836 5455 oor·

93 5475 167 5531 Lar..
180 5471 536 5547 apparuisset-Siccium
569 5471 703 5522 audeam
719 5475 744 5522 ll
756 5471 818 5522 bles.
833 5475 859 5522 et
871 5470 939 5520 olor.
995 5468 1302 5547 ruptumeesequodeui
1321 5464 1731 5540 imtusestcnsarunreniusad
1741 5468 1835 5526 anmi·

93 5549 154 5586 cum
169 5536 278 5587 totidem
290 5536 352 5586 btse.
370 5534 404 5585 bl.
996 5543 1024 5581 n.
1039 5532 1161 5590 ll,et1n
1176 5529 1234 5581 bot.
1250 5529 1283 5580 ad
1327 5531 1387 5592 art,
1397 5529 1440 5581 dre
1450 5532 1465 5580 5
1475 5531 1550 5582 mari.
