3884 6112
152 236 196 287 itt
507 168 516 186 ’
760 226 840 281 VlTA
859 225 886 280 S.
908 225 1097 281 AUGUS'llNl
1118 223 1282 280 episcopi.
1856 231 1906 282 {aa

148 362 208 413 tem
222 353 480 428 inquinaritzcum
496 352 634 424 gauderet
643 350 749 422 potins,
759 341 999 420 vehementerque
1052 346 1168 413 diderit,
1195 347 1251 401 ileo
1275 345 1303 401 id
1322 346 1508 418 permittente
1530 347 1561 402 in
1582 363 1695 420 poenam
1719 353 1904 420 peccatorum

149 447 302 512 letaretur,
314 442 428 514 plebem
443 458 523 497 suam
535 439 693 495 ministerio
704 438 780 494 illius
792 437 910 494 erudiri.
924 437 999 502 Quin
1053 452 1182 502 suorum,
1198 441 1226 490 et
1245 435 1476 490 emendationem
1497 435 1624 507 pristinae
1643 437 1814 492 temeritatis
1832 455 1904 505 sure,

148 535 236 591 etiam
249 533 441 605 Augustinum
456 531 510 586 sibi
525 545 716 585 successorem
728 527 926 584 ardentissima
941 532 999 580 stu·
1052 524 1122 578 darn
1135 522 1367 594 presbyterorum
1378 529 1406 578 et
1415 523 1613 594 episcoporum
1626 525 1725 595 culpas
1735 524 1855 579 liberius
1865 542 1906 579 re-

148 624 195 678 dio
216 622 392 694 peroptavit3
408 637 439 674 ac
462 621 535 674 Deus
558 619 594 673 ad
608 622 741 672 votorum
764 616 824 688 ejus
838 616 995 682 cumulum,

146 713 230 767 illurn
244 711 298 783 ipsi
307 710 401 765 adhuc
413 709 442 763 in
457 707 527 762 viris
542 706 649 779 agenti,
661 710 694 761 ut
707 705 781 760 inira
791 704 929 773 dicemus,
938 704 996 758 col·

148 801 240 873 legam
255 799 393 855 concessit
407 799 505 868 (Epist.
521 799 565 864 32,
580 811 607 849 a.
627 796 667 865 i).
688 793 833 848 Valerium
851 809 937 863 porro
953 792 996 846 ri-

61 951 63 955 ,
148 889 242 943 cissim
256 903 349 959 usque
364 886 434 940 adeo
449 884 560 938 colebat
579 888 608 938 et
627 880 795 936 observabat
808 880 994 951 Augustinus,

146 976 218 1031 uihil
233 980 266 1030 ut
280 974 358 1045 quod
377 973 403 1027 ei
418 971 582 1042 displiceret
599 970 748 1040 tantisper,
764 984 847 1040 agere
867 969 994 1036 auderet,

146 1079 182 1118 ne
197 1062 268 1117 illud
282 1061 400 1132 quidem
415 1059 490 1131 quad
506 1058 537 1113 in
551 1059 655 1113 animae
669 1073 728 1111 suaa
748 1057 869 1112 salutem
884 1072 916 1111 aa
929 1073 994 1128 pro·

145 1150 251 1204 tectum
271 1149 356 1203 sciret
374 1146 533 1202 redundare
554 1148 653 1217 (Epist.
674 1149 718 1212 tl,
733 1162 760 1202 u.
782 1145 819 1217 6).
837 1146 864 1199 ls
883 1145 917 1200 ad
936 1148 994 1199 Au·

144 1239 249 1293 reliam
264 1236 518 1308 Carthaginensem
533 1236 659 1290 scribens
675 1234 710 1288 dc
729 1233 864 1289 tollendis
878 1250 994 1304 compo-

144 1326 299 1382 tationibus
313 1325 349 1380 ad
364 1325 495 1396 sepulcra
507 1328 666 1394 martyrum
683 1321 745 1376 lieri
766 1322 867 1386 solitis,
884 1322 945 1375 liaeo
959 1321 994 1375 de

144 1414 256 1469 Valerio
269 1413 355 1468 habet
367 1429 374 1467 :
386 1415 421 1468 Et
435 1427 483 1467 uos
498 1411 606 1481 quidem
621 1411 732 1466 illarum
745 1412 867 1480 portium
879 1410 916 1479 (iu
932 1410 994 1480 qui·

144 1500 198 1556 bns
211 1501 274 1556 haec
293 1498 515 1570 intemperantia
530 1514 587 1552 nou
606 1497 703 1568 riget),
720 1498 852 1551 homiuem
866 1497 993 1552 habemus

143 1593 307 1661 episcopum,
327 1588 399 1643 aride
416 1603 530 1656 mapuas
548 1589 655 1654 agimus
678 1589 784 1655 pretias
802 1589 854 1641 lieo
876 1605 884 1640 :
905 1602 992 1656 quou-

109 1745 111 1748 .
144 1694 226 1746 quam
238 1679 296 1747 ejus
306 1677 531 1744 modestiamque
541 1675 660 1729 leuitatis
668 1679 718 1742 est,
730 1675 789 1743 ejus
799 1674 913 1743 denique
921 1689 993 1743 pru-

143 1766 240 1821 dentia
250 1771 275 1821 et
286 1764 477 1821 sollicitudinis
491 1766 520 1819 ia
534 1765 656 1830 Domina,
668 1768 699 1817 ut
712 1765 819 1818 etiamsi
830 1763 900 1829 Afer
914 1766 991 1823 esset,

142 1857 195 1909 cito
208 1855 252 1908 illi
261 1853 294 1907 de
308 1853 457 1922 Scripturas
470 1850 680 1920 persuaderetur
694 1849 854 1915 curandum,
871 1850 943 1919 quod
957 1851 991 1904 ti·

142 1945 260 1997 cmtiasa
273 1945 299 1997 ct
313 1941 382 1995 male
392 1940 477 2029 libera
491 1938 653 1993 cousuetudo
666 1939 764 1992 vulnus
777 1938 883 2006 iustiait
893 1938 989 2007 [Epist.

142 2034 186 2098 it,
202 2048 231 2085 u.
246 2030 283 2098 i).
306 2028 377 2084 Cum
396 2027 492 2099 perid
518 2030 631 2096 tempus
654 2025 844 2098 Hipponensis
869 2024 992 2079 Ecclesia

143 2117 355 2175 Donatistarum
381 2115 534 2170 schismate
562 2114 776 2176 dilaceraretur,
801 2112 989 2183 Augustinus,

141 2207 192 2280 qui
206 2205 232 2260 ei
246 2205 280 2260 ad
299 2204 451 2276 pristinam
466 2201 648 2257 concordiam
667 2200 832 2256 revocandae
848 2200 988 2269 studebat,

106 2343 109 2346 ,
141 2294 326 2349 Proculeiano
341 2292 475 2364 episcopo
490 2290 643 2345 Donatistae
662 2288 822 2360 pollicetur,
845 2288 989 2344 Valerium

140 2389 208 2439 tuuc
227 2382 383 2441 absentem,
399 2380 495 2434 auimo
515 2376 723 2445 latentissimo,
744 2375 883 2448 quidquid
903 2376 988 2431 simul

141 2470 276 2543 egissent,
287 2467 486 2540 probaturum.
496 2469 533 2520 lte
543 2468 643 2533 auimo,
656 2465 705 2528 ait,
720 2465 869 2520 beatissimi
878 2469 903 2519 et
912 2481 988 2520 vore-

139 2557 236 2611 rabitis
249 2557 318 2610 milri
330 2556 420 2624 patris
438 2554 543 2610 liuterii
555 2568 626 2606 auae
643 2552 761 2607 absentis
777 2557 833 2606 tota
845 2552 990 2608 securitate

136 2646 275 2715 polliceor,
291 2643 338 2698 Aac
353 2658 413 2698 eum
426 2657 486 2696 cum
500 2656 600 2709 mapua
611 2641 706 2696 latitia
720 2642 890 2710 coquiturum
905 2658 910 2695 :
926 2644 990 2696 rioci

139 2736 210 2788 euim
223 2737 354 2803 quautam
368 2732 470 2800 dilipat
479 2745 584 2799 pacem,
596 2734 622 2783 et
631 2729 708 2784 uultu
720 2731 787 2783 uarii
795 2729 885 2795 fastus
900 2731 990 2784 inuui-

140 2827 196 2877 tate
218 2822 340 2891 jactetur
363 2819 464 2889 (Epist.
493 2819 537 2884 33,
561 2833 590 2871 u.
616 2818 655 2888 i).
683 2817 785 2872 Narrat
814 2817 989 2888 Augustinus

141 2911 282 2981 (Epistola
304 2909 342 2964 ad
361 2910 494 2964 Romanos
509 2909 612 2976 Erpos.
628 2907 766 2973 inchoata,
787 2921 815 2960 a.
839 2906 890 2977 13).
907 2906 987 2960 Vale-

138 2999 226 3067 riam,
242 3014 309 3053 curn
327 2997 399 3052 duos
420 2995 574 3068 aliquando
593 2995 754 3050 rusticanos
776 2993 880 3067 punice
899 2995 989 3049 collo·

138 3091 266 3158 quantas,
275 3091 304 3140 et
313 3101 419 3140 nomen
431 3085 514 3140 Salus
522 3088 622 3139 mutua
632 3087 805 3153 usurpantes
813 3082 986 3146 offendisset,

138 3175 284 3247 quaesiisse
296 3172 332 3226 ab
347 3188 381 3227 eo
396 3171 446 3244 qui
466 3171 553 3226 latine
568 3171 653 3225 sciret
671 3187 703 3225 ac
717 3171 833 3241 punice,
849 3171 917 3243 quid
934 3171 988 3226 sibi

139 3263 225 3318 vellet
247 3262 275 3316 id
294 3259 433 3327 nominis;
450 3259 645 3329 rusticumque
667 3258 858 3328 respondisse,
875 3259 930 3313 tria
950 3259 989 3313 si·

1051 611 1252 681 prehenderet.
1266 613 1344 668 Vires
1357 627 1442 681 meas,
1457 611 1561 684 inquit,
1576 615 1682 667 omuino
1697 628 1752 668 nou
1765 629 1904 683 rroaeram,

1050 708 1075 755 et
1090 702 1208 770 alicujus
1221 703 1348 755 mamerti
1368 702 1527 756 arbitrabar
1543 717 1549 755 :
1566 700 1694 756 Dominam
1709 709 1800 757 autem
1814 706 1905 758 irrisit

1049 804 1100 856 me,
1116 793 1141 844 ct
1152 789 1231 844 rebus
1241 791 1308 860 ipsis
1316 790 1453 844 ostmdcrc
1463 791 1549 845 uoluit
1557 793 1688 861 meipsum
1698 793 1778 846 milri.
1794 792 1903 847 Nihilo-

1049 877 1145 931 minus
1161 878 1211 932 bei
1230 877 1427 933 misericordia
1441 878 1541 945 fretus,
1557 878 1642 933 abeo
1658 896 1689 933 se
1704 896 1762 934 nou
1780 881 1901 936 damna·

1049 964 1084 1032 ri,
1099 965 1149 1021 sed
1167 966 1314 1021 emendari
1329 967 1470 1024 credebat.
1487 967 1605 1037 Cognita
1625 967 1713 1039 igitur
1729 969 1902 1040 egritudine

1049 1069 1110 1116 sua,
1127 1053 1227 1109 statuit
1242 1054 1272 1109 iu
1293 1054 1378 1108 sacris
1399 1055 1510 1109 Litteris
1528 1055 1739 1110 medicamenta
1760 1073 1900 1128 quaerere,

1048 1157 1080 1195 ac
1094 1141 1228 1196 idoneam
1243 1142 1279 1197 ad
1299 1146 1358 1197 tam
1372 1143 1568 1213 periculosam
1587 1143 1782 1200 ministerium
1797 1146 1901 1202 animae

1048 1229 1241 1285 valetudinem
1256 1231 1320 1299 sibi,
1337 1247 1393 1302 qua
1408 1231 1551 1303 precibus,
1574 1249 1632 1304 qua
1646 1233 1769 1288 lectione
1784 1250 1901 1306 compa·

1048 1333 1125 1386 rara;
1141 1335 1207 1373 cuni
1222 1319 1386 1374 nullatenus
1401 1319 1545 1375 dubitaret
1560 1321 1630 1390 quin
1646 1320 1734 1375 sacris
1750 1321 1779 1376 in
1794 1322 1900 1377 cortici·

1047 1407 1101 1461 bus
1114 1411 1143 1462 et
1159 1407 1277 1462 consilia
1300 1412 1327 1462 et
1341 1413 1484 1479 praecepta
1499 1412 1573 1462 esset
1592 1413 1778 1480 reperturus;
1795 1410 1899 1482 quihus

1047 1495 1169 1566 cognitis
1184 1500 1212 1550 et
1224 1495 1412 1566 apprehensis
1426 1496 1517 1567 possit
1538 1496 1624 1552 horno
1645 1497 1694 1552 bei
1710 1497 1799 1552 rebus
1813 1499 1899 1553 eccla·

1047 1583 1167 1638 siasticis
1182 1583 1341 1638 ordinatius
1356 1583 1529 1651 ministrare,
1543 1590 1593 1640 aut
1607 1590 1684 1640 certe
1704 1584 1896 1640 intermunus

1045 1671 1211 1744 iniquorum
1231 1673 1275 1727 rel
1297 1672 1390 1727 rivere
1411 1672 1587 1728 couscientia
1606 1673 1730 1741 saniore,
1747 1675 1793 1729 rel
1815 1674 1894 1743 mori,

1046 1765 1078 1815 ut
1091 1759 1141 1815 illa
1151 1760 1209 1814 vita
1223 1776 1281 1815 nou
1291 1760 1450 1828 emittatur,
1460 1762 1507 1817 cui
1518 1761 1568 1816 uui
1578 1762 1735 1817 christiana
1746 1763 1835 1818 corda
1845 1764 1893 1818 hu·

1045 1848 1125 1903 milia
1149 1853 1177 1903 et
1201 1854 1350 1904 mansueta
1371 1849 1525 1921 suspirant.
1549 1851 1697 1916 Quomodo
1723 1855 1822 1906 autem
1843 1853 1894 1907 hoc

1045 1937 1106 1991 lieri
1123 1942 1227 2008 potest,
1244 1937 1298 1992 uisi
1313 1938 1445 2010 petendo,
1457 1940 1622 2010 quaerendo,
1634 1940 1789 2011 pulsando,
1800 1941 1829 1996 id
1842 1946 1892 2010 est,

1044 2025 1163 2090 orando,
1181 2024 1312 2096 legendo,
1336 2026 1521 2098 plangendo?
1540 2029 1576 2082 Ut
1597 2027 1642 2082 his
1667 2027 1758 2100 igitur
1785 2035 1892 2085 uacaret

1044 2111 1195 2181 exercitiis,
1220 2111 1348 2168 inducias
1375 2115 1476 2169 saltem
1499 2114 1529 2169 in
1553 2131 1675 2187 sequeus
1698 2117 1810 2172 Pascha
1832 2133 1892 2188 per·

1044 2200 1161 2272 optabat
1176 2218 1183 2256 ε
1199 2217 1286 2272 quam
1308 2201 1472 2257 facultatem
1487 2204 1626 2258 altataria
1640 2204 1763 2259 fratrum
1778 2222 1891 2260 suorum

1044 2294 1072 2345 et
1086 2288 1244 2344 amicorum
1254 2289 1388 2361 precibus
1402 2290 1551 2362 flagitavit.
1563 2294 1600 2347 At
1609 2308 1674 2346 cum
1686 2310 1754 2347 euru
1768 2293 1891 2350 Velenus

1043 2377 1177 2433 omnibus
1190 2378 1332 2448 praesidiis
1347 2377 1383 2432 ad
1396 2388 1498 2434 cuncta
1511 2380 1672 2451 presbpteri
1684 2380 1780 2436 cilicia
1793 2387 1822 2437 et
1834 2399 1892 2438 mu·

1042 2465 1090 2520 nia
1104 2465 1276 2521 instructum
1291 2483 1350 2521 esse
1365 2472 1441 2522 certo
1452 2474 1646 2540 cognosceret,
1660 2485 1721 2524 non
1736 2470 1820 2525 aliter
1834 2473 1891 2542 ejus

1041 2554 1174 2625 petitioni
1189 2554 1346 2625 respoudit,
1364 2571 1452 2627 qaam
1471 2557 1615 2612 sincerum
1634 2574 1719 2613 suum
1739 2575 1809 2630 erga
1828 2575 1889 2614 enm

1041 2658 1168 2697 amorem
1193 2647 1378 2720 contestatus,
1399 2645 1480 2716 cnjus
1503 2647 1594 2700 Deum
1621 2646 1717 2716 ipsum
1747 2649 1889 2703 etiosam

1043 2731 1187 2786 Christum
1205 2735 1307 2786 testem
1333 2732 1493 2787 adhibebat.
1516 2734 1698 2805 Quapropter
1715 2737 1890 2809 Augustinus

1041 2819 1211 2891 supplicem,
1227 2820 1317 2874 instar
1340 2821 1479 2891 epistola,
1494 2821 1635 2890 libellum,
1652 2839 1710 2894 quo
1729 2824 1888 2880 facilitatem
1920 2816 1928 2834 ⁴

1041 2907 1191 2962 secedendi
1200 2907 1368 2979 aliquandiu
1378 2911 1414 2964 ad
1425 2926 1570 2965 sacrarum
1583 2911 1757 2967 Litterarum
1767 2914 1889 2970 studium

1042 2996 1214 3066 postulabat,
1238 2995 1281 3051 illi
1303 2995 1405 3052 ollerre
1429 3003 1542 3052 coactus
1557 3003 1608 3053 est.
1634 3000 1714 3054 Extat
1733 3000 1887 3057 etiamnum

1041 3082 1161 3156 insignis
1175 3084 1274 3140 isthaec
1293 3085 1414 3156 epistola
1429 3089 1527 3156 (Epist.
1550 3091 1608 3155 tt),
1625 3103 1690 3159 quae
1710 3104 1777 3144 cum
1796 3090 1888 3162 siugu-

1040 3172 1130 3226 larem
1148 3172 1177 3228 in
1192 3174 1350 3245 Augustino
1366 3174 1455 3228 animi
1474 3175 1674 3230 demissionem
1696 3176 1816 3245 iudicet,
1831 3195 1888 3233 mo·

1042 3266 1186 3332 uetporro
1198 3263 1306 3334 eosqui
1320 3277 1427 3318 munus
1437 3264 1608 3335 evangelicae
1621 3265 1837 3335 praedicationis
1848 3283 1889 3322 co·

139 3350 276 3422 gniticare
293 3365 300 3404 ε
315 3352 376 3402 lum
391 3346 533 3402 Valerium
547 3363 612 3401 cum
624 3346 728 3419 gaudio
743 3347 918 3416 cognovisse,
929 3364 988 3402 non
1040 3347 1133 3418 gitaut
1148 3351 1222 3421 (quae
1238 3356 1281 3405 est
1293 3350 1348 3404 viri
1364 3367 1422 3405 nou
1436 3352 1575 3423 dignitate
1589 3352 1684 3416 modo,
1699 3355 1749 3409 sed
1764 3354 1889 3410 doctrina

137 3437 256 3492 fortuita
268 3435 477 3508 significatione
493 3434 629 3503 nominis,
645 3434 694 3489 sed
709 3435 899 3489 occultissima
914 3434 987 3490 diri·
1041 3453 1156 3509 quoque
1172 3454 1204 3492 ac
1218 3438 1323 3509 pietate
1335 3438 1519 3494 illustrissimi
1535 3440 1694 3495 observatio
1703 3441 1832 3512 [Antonii
1845 3445 1889 3501 Go-

138 3541 182 3579 nae
196 3524 383 3597 providentie
403 3523 614 3596 dispensatione
633 3524 749 3588 tactum,
766 3526 799 3577 ut
817 3523 918 3577 eodem
936 3539 986 3577 ru·
1041 3527 1120 3592 droa
1146 3528 1301 3583 Grasseusis
1319 3530 1448 3601 episcopi,
1472 3531 1502 3584 ia
1528 3531 1594 3584 Vita
1616 3533 1704 3585 scruti
1731 3533 1888 3602 Aupustiui,

138 3616 313 3686 cabulo,quo
325 3615 400 3669 salus
408 3613 496 3669 latine
507 3612 692 3685 significatur,
702 3611 825 3667 Trinitas
835 3627 901 3666 vera
912 3612 987 3666 salus
1041 3614 1088 3669 tib.
1107 3618 1132 3684 t,
1148 3631 1209 3685 cap.
1226 3616 1292 3686 28]l,
1309 3615 1391 3672 atad
1409 3618 1462 3672 hoc
1480 3617 1674 3672 ministerium
1693 3620 1834 3688 oratione,
1850 3638 1888 3676 se·

138 3707 234 3758 nostra
255 3701 359 3773 punice
378 3701 574 3757 denotaretur.
599 3703 667 3756 Eam
690 3699 916 3755 observationem
942 3699 986 3755 di·
1040 3718 1131 3770 cassu,
1143 3708 1171 3758 et
1182 3703 1271 3758 divini
1281 3704 1360 3759 verbi
1370 3705 1554 3761 meditatione
1568 3722 1597 3760 se
1612 3713 1790 3778 comparent.
1801 3713 1889 3781 Atque

137 3810 224 3866 gnam
236 3793 347 3848 censuit
359 3791 547 3863 Augustinus,
562 3807 651 3862 quarn
666 3790 856 3845 adiecturum
872 3790 986 3844 aniinos
1042 3795 1072 3844 ut
1085 3807 1118 3846 ex
1134 3791 1233 3846 eadem
1248 3796 1337 3864 patet,
1353 3799 1493 3865 quantum
1507 3795 1684 3867 Augustinus
1697 3795 1775 3852 illius
1788 3813 1888 3853 mune·

136 3880 319 3938 oblectandos
334 3879 363 3934 iu
377 3896 441 3934 suas
453 3878 665 3934 lucubrationes
680 3879 806 3934 referret.
1039 3878 1089 3946 ris,
1106 3896 1163 3951 quo
1179 3883 1238 3935 tam
1254 3880 1338 3935 multi
1352 3886 1450 3938 nostra
1468 3887 1551 3938 aetate
1566 3883 1636 3939 citra
1655 3886 1848 3942 reverentiam
1863 3890 1888 3940 ct

171 3972 199 4025 l.
225 3969 392 4025 Existimare
422 3967 487 4023 licet
508 3983 542 4022 eo
568 3967 625 4021 line
652 3967 797 4021 Valerium
825 3968 985 4039 Augustino
1039 3968 1216 4023 vocationem
1231 3969 1358 4024 dirinum
1374 3971 1695 4043 setemereimplicant,
1711 3975 1886 4030 sanctitatem

135 4057 306 4132 presbyterii
324 4055 444 4129 gradum
466 4055 630 4122 contulisse,
646 4059 679 4109 ut
697 4054 723 4109 ei
742 4057 835 4109 totum
856 4055 986 4110 Ecclesia
1040 4071 1071 4109 ac
1085 4054 1282 4111 difficultatem
1298 4058 1418 4112 haberet
1431 4060 1575 4129 cognitam
1589 4076 1595 4114 :
1607 4060 1647 4115 ita
1662 4062 1794 4118 studium
1808 4069 1838 4119 et
1848 4080 1887 4118 ar·

135 4165 195 4204 suae
208 4146 339 4219 regimen
353 4143 545 4199 committeret
561 4160 568 4199 :
586 4159 643 4216 qno
663 4143 704 4206 lit,
719 4146 752 4197 ut
766 4144 941 4214 Augustinus
955 4144 985 4198 iu
1039 4143 1093 4197 dor
1106 4144 1165 4213 ille,
1181 4160 1239 4216 qno
1259 4144 1392 4217 exiguam
1408 4148 1546 4218 temporis
1564 4164 1687 4218 moram,
1703 4166 1758 4221 pro
1779 4151 1886 4225 ingenti

135 4236 254 4309 epistola
273 4234 307 4291 ad
315 4232 506 4289 Maximinum
524 4232 699 4287 Donahstam
712 4231 880 4303 episcopum
894 4249 927 4286 ea
942 4232 985 4287 di·
1039 4230 1187 4298 beneficio,
1199 4233 1477 4305 suppleueltlagitat,
1490 4236 1666 4309 praecipitem
1679 4238 1806 4295 aliorum
1816 4240 1886 4296 iesti-

135 4326 216 4382 cendi
231 4324 369 4396 gravitate
388 4324 531 4395 loquatur,
547 4337 612 4393 quaa
627 4320 723 4391 potius
738 4320 880 4392 episcopo,
898 4338 984 4392 quam
1038 4320 1184 4376 nationem
1203 4323 1379 4378 severissime
1399 4326 1580 4381 condemnat.
1597 4327 1740 4382 Caeterum
1759 4329 1826 4401 pius
1842 4331 1885 4384 ille

134 4413 299 4485 presbytero
326 4410 477 4466 conveniat
499 4410 597 4479 (Epist.
622 4411 676 4478 23).
707 4409 842 4480 baptismi
870 4426 984 4482 quoque
1037 4413 1096 4463 tam
1118 4411 1232 4481 augusti
1254 4427 1287 4466 ac
1305 4412 1458 4482 periculosi
1483 4414 1636 4470 ministerii
1658 4420 1765 4484 metus,
1792 4435 1885 4473 eorum

132 4498 298 4553 conterendi
314 4514 410 4554 curam
435 4497 552 4570 gerebat
567 4513 574 4552 :
592 4497 668 4552 unde
692 4513 709 4552 a
731 4497 855 4552 hiceutio
879 4497 984 4552 dicitnr
1037 4497 1170 4568 proprius
1183 4504 1234 4566 est,
1249 4500 1299 4570 qui
1314 4506 1452 4556 vocantur
1466 4517 1483 4556 a
1498 4504 1555 4557 lieo
1569 4508 1688 4558 :contra
1702 4520 1770 4559 reru
1783 4507 1885 4578 pleros·

133 4586 259 4642 tontibus
273 4585 415 4641 inlautum
431 4585 580 4657 praefectus
590 4587 630 4656 (lu
640 4587 728 4655 Epist.
745 4587 788 4649 26,
801 4601 829 4639 a.
845 4588 871 4652 3,
884 4601 911 4640 υ.
925 4586 981 4655 ¹27).
1037 4602 1092 4656 que
1108 4602 1217 4656 omnes,
1234 4587 1283 4659 qui
1298 4604 1355 4643 uon
1370 4589 1493 4660 Spiritus
1507 4591 1609 4661 saucii,
1627 4591 1676 4647 sed
1692 4609 1745 4647 suo
1761 4594 1883 4665 ipsorum

132 4676 165 4730 ln
181 4673 339 4729 ordinando
354 4678 449 4729 tamen
464 4674 625 4745 Augustino
636 4673 666 4729 id
676 4673 859 4744 potissimum
870 4673 983 4728 ridetur
1035 4673 1163 4745 impulsu
1177 4680 1296 4730 sumunt
1310 4675 1365 4731 sihi
1374 4678 1526 4748 honorem,
1539 4680 1603 4735 illos
1612 4680 1720 4735 imitari
1735 4682 1842 4750 rideas,
1852 4683 1883 4738 de

132 4767 273 4834 spectasse
288 4761 425 4828 Valerius,
443 4767 472 4817 ut
488 4762 566 4819 verbi
582 4762 758 4835 praedicandi
772 4743 879 4816 munus
895 4763 921 4816 ci
936 4763 983 4817 de·
1036 4763 1140 4834 quibus
1153 4765 1301 4832 Dominus,
1316 4767 1374 4821 Neu
1387 4768 1525 4823 mittebam
1537 4769 1697 4838 propbetas,
1714 4776 1739 4825 et
1754 4773 1812 4842 ipsi
1826 4788 1881 4828 cur·

132 4851 288 4906 mandaret.
307 4850 377 4905 llinc
391 4850 489 4905 scribit
507 4850 683 4921 Augustinus
698 4866 738 4917 sa,
754 4867 820 4905 cum
835 4850 863 4905 id
880 4867 981 4906 mune·
1033 4852 1129 4906 roboat
1145 4854 1247 4922 (ierem
1264 4870 1341 4920 xxru,
1357 4852 1412 4925 tl).

131 4939 171 4995 ris
182 4938 261 4994 obire
276 4938 369 5008 caepit,
384 4939 474 4992 multu
484 4939 607 5010 amplius
617 4943 769 5009 expertum
783 4938 880 5006 fuisse,
894 4956 980 5011 quam
1070 4943 1096 4994 5.
1113 4939 1253 4995 Credibile
1264 4947 1308 4996 est
1322 4942 1467 4999 Valerium
1479 4948 1538 4999 tam
1552 4946 1681 5002 sollicitis
1695 4949 1880 5021 etjustisAu·

132 5032 323 5090 euteanosset,
336 5031 408 5098 quot
417 5031 445 5081 et
454 5033 567 5098 quantae
579 5027 805 5100 presbyteratum
818 5027 982 5085 circumcin·
1034 5026 1142 5105 gustini
1172 5028 1307 5098 precibus
1334 5030 1480 5098 annuisse,
1504 5033 1587 5105 eique
1608 5037 1766 5107 presbyteri
1787 5038 1881 5095 munia

130 5122 199 5190 gant
208 5116 388 5173 difficultates
398 5120 426 5169 et
439 5114 577 5185 pericula.
590 5115 650 5171 Sibi
661 5121 705 5171 sat
715 5122 897 5188 perspectum
908 5122 978 5181 erat,
1032 5114 1107 5169 torte
1122 5115 1157 5171 ad
1166 5120 1277 5188 ternpus
1289 5119 1449 5174 traditionis
1459 5121 1596 5191 Symboli,
1610 5125 1688 5195 qnod
1702 5127 1881 5184 paschalibus

130 5207 201 5278 quid
216 5207 251 5262 ad
266 5204 387 5260 salutem
403 5201 559 5273 pertineret
569 5220 575 5258 :
585 5204 633 5259 sed
648 5221 705 5276 quo
720 5209 803 5275 pacto
817 5206 870 5264 hac
883 5205 979 5275 ipsum
1032 5202 1111 5257 ieriis
1125 5204 1250 5260 ricinum
1264 5213 1336 5274 erat,
1352 5208 1502 5264 differendi
1513 5214 1684 5281 potestatem
1697 5212 1798 5273 iecisse
1809 5236 1816 5272 ς
1829 5231 1881 5289 qao

35 5338 37 5342 .
129 5292 164 5347 ad
180 5292 301 5347 aliorum
317 5291 439 5345 salutem
453 5287 611 5343 ministrari
623 5288 750 5357 deberet,
766 5289 888 5344 necdum
902 5289 978 5344 didi·
1031 5295 1160 5363 tempore
1172 5296 1349 5365 Augustinus
1361 5297 1445 5353 illum
1457 5298 1492 5353 de
1507 5298 1641 5371 Symbola
1657 5316 1822 5360 sermonem
1836 5304 1881 5359 ha·

129 5385 216 5435 cerat.
226 5379 471 5436 Totdithcultates
481 5376 713 5446 intuitus,usque
721 5378 793 5432 adeo
802 5377 836 5433 de
848 5395 877 5432 se
886 5377 979 5432 humi·
1031 5380 1104 5447 buit,
1119 5382 1201 5453 cujus
1215 5384 1365 5439 exordium
1380 5391 1422 5441 est
1435 5403 1441 5440 :
1454 5389 1506 5443 Pro
1521 5389 1627 5444 modulo
1641 5394 1731 5447 etatis
1746 5393 1881 5448 rudimen·

128 5467 193 5522 liter
205 5469 303 5538 sensit,
319 5471 351 5523 ut
364 5468 422 5523 rim
437 5466 471 5522 ad
487 5464 717 5536 presbyteratum
733 5466 835 5521 initam
850 5467 904 5521 sibi
919 5482 976 5522 cre·
1033 5474 1342 5542 torumqueuostromrm,
1350 5490 1403 5545 pro
1413 5478 1792 5548 tirociniosusceptimuurrrs
1801 5487 1880 5552 utque
