3884 6112
84 255 135 309 287
686 253 772 310 VITA
800 253 827 309 S.
858 249 1050 309 ,lUGUSTlNl
1079 248 1250 306 uulscout.
1787 249 1845 303 288

85 390 203 431 manum
217 388 276 431 non
292 375 357 430 ante
368 373 456 431 tinem
466 373 536 430 anni
549 375 741 432 trecentesimi
756 375 935 448 nonagesimi
990 378 1016 430 et
1028 375 1214 445 occupationes
1236 387 1318 428 meas.
1341 374 1457 428 Tantum
1471 372 1542 426 euim
1555 369 1651 426 absum
1665 370 1700 426 ab
1714 385 1753 440 eo,
1768 368 1846 442 quod

85 465 154 522 noni
177 464 344 521 admouisse,
375 464 479 537 Legem
507 464 584 520 enim
608 466 769 521 haedere
792 464 936 537 conceptis
987 465 1104 534 putasti,
1119 463 1245 518 uilsilme
1259 463 1353 529 latere,
1369 465 1400 517 ut
1414 463 1484 517 nilsit
1496 462 1654 531 iaspistolo
1670 461 1844 530 tuateqcrim

87 553 179 610 serbis
190 553 285 610 datam
300 553 409 609 nullam
425 553 563 609 babemus
578 553 613 608 iis
628 554 816 627 superiorem,
828 571 893 627 qum
905 553 936 608 in
990 555 1097 609 tristius
1103 572 1112 620 ;
1128 555 1195 624 quio
1220 556 1246 608 et
1265 554 1436 623 apertissime
1449 551 1552 619 {abusa
1565 554 1619 617 est;
1634 554 1660 605 et
1672 551 1758 605 miror
1776 552 1846 620 quia

87 643 180 700 Africa
199 642 388 715 promulgatae
415 645 443 697 et
467 643 639 698 exsecutioni
659 644 799 698 mandatas
822 643 938 698 luerunt
990 646 1038 698 troc
1057 646 1082 698 te
1105 643 1180 710 latet,
1202 640 1274 713 quod
1291 657 1345 696 uoa
1369 641 1455 697 solum
1469 643 1499 694 ia
1522 640 1586 695 aliis
1600 638 1846 694 innumerabilibus

87 748 163 787 anno
187 748 273 803 supra
297 733 455 786 memorato
479 749 487 786 ι
511 729 615 802 quibus
633 732 761 787 nondam
777 730 937 787 constitutis
989 732 1068 787 rebus
1091 731 1177 786 multo
1198 747 1239 786 use
1253 731 1347 799 lateat,
1364 729 1506 786 sedetiam
1522 730 1553 783 iu
1567 730 1645 798 ipsis
1660 729 1763 783 sanctis
1773 728 1847 784 Scri·

87 820 230 876 fatebatur
251 818 436 890 Augustinus,
453 834 509 873 non
529 818 614 874 licere
634 819 688 874 sibi
704 818 856 876 simulacre
869 835 936 875 con·
988 821 1302 892 pturismultouesciaru
1313 820 1398 891 plura
1416 834 1499 890 quara
1516 820 1611 874 suom.
1628 817 1682 874 Sed
1695 817 1756 873 ideo
1771 830 1846 888 spera

87 909 222 980 tringere,
239 907 294 963 nisi
307 908 342 963 ab
355 907 411 961 illis
423 923 547 979 quornm
562 923 597 963 ee
611 913 703 978 orant,
718 909 838 964 tacultas
856 908 937 964 dare·
991 911 1022 962 iu·
1032 911 1139 964 nomiae
1158 909 1261 966 Christi
1273 923 1327 963 uon
1341 909 1541 975 infructuosam
1554 920 1628 976 pero,
1644 908 1713 978 quia
1731 921 1785 962 aaa
1800 920 1844 961 so·

87 997 248 1070 tur(Scrm.
263 999 308 1061 6'2,
325 1012 348 1052 c.
371 1000 454 1064 ll,u.
472 997 824 1069 tr).c1smaaumaujus
843 997 938 1070 operis
991 998 1047 1053 lum
1069 997 1175 1053 mediati
1189 999 1241 1052 ileo
1258 1012 1325 1064 meo,
1351 999 1380 1051 iu
1398 997 1453 1052 illis
1468 995 1572 1051 duobus
1594 996 1738 1066 preceptis
1761 998 1845 1050 totam

86 1102 188 1157 scopus
202 1085 238 1140 sit
258 1085 466 1158 demonstrare,
490 1101 547 1158 qua
568 1086 678 1142 ratione
693 1088 754 1142 loca
769 1086 938 1160 Evangelio·
989 1089 1084 1155 Legem
1105 1087 1306 1158 Propietosque
1326 1085 1453 1156 perdere,
1473 1085 1520 1140 scd
1534 1087 1615 1140 etiam
1627 1088 1758 1155 caper-tara
1773 1099 1845 1154 suar,

87 1190 150 1231 rum
180 1173 210 1229 in
239 1173 363 1245 speeiem
385 1172 461 1230 inter
482 1191 512 1230 se
535 1174 702 1231 dissidentia
720 1176 831 1248 possint
845 1176 937 1232 conei-
990 1174 1541 1247 ecpaiuqaeqaouaiuquaaaoqatasm
1551 1175 1656 1230 uultum
1668 1175 1845 1229 rrsibisaeru-⁴

87 1263 166 1331 lieri,
179 1262 296 1318 titulum
309 1262 336 1318 ei
354 1262 468 1331 indidit,
484 1267 520 1320 us
539 1265 673 1323 douseasu
687 1267 935 1336 liuoaqelistarum.
990 1270 1108 1322 meritum
1122 1271 1171 1322 aut
1189 1267 1386 1337 dliquisserruo
1400 1264 1546 1321 admodum
1559 1263 1701 1319 obscurior
1713 1262 1748 1318 de
1758 1263 1846 1318 sacris

88 1351 200 1408 Primus
220 1356 319 1408 minen
340 1352 434 1424 operis
459 1352 532 1409 liber
553 1352 584 1408 in
606 1353 641 1409 iis
661 1354 840 1411 revincendis
860 1358 939 1411 totus
990 1355 1101 1410 Litteris
1114 1353 1846 1426 aperitur,ubiaoueodempraeceptoreperiaasrtlrsis

88 1444 252 1514 occupatur,
268 1440 398 1513 quicum
414 1441 568 1510 Christum,
581 1445 719 1515 tanquam
733 1443 882 1499 hominem
897 1460 937 1499 sa·
991 1445 1060 1499 euim
1074 1446 1203 1516 precepti
1224 1448 1264 1501 est
1282 1445 1403 1500 ebomtos
1423 1443 1515 1516 (ried,
1534 1458 1558 1499 o.
1576 1444 1622 1513 20,
1636 1457 1665 1497 a.
1683 1442 1739 1511 38).
1755 1439 1845 1497 Libris

87 1529 198 1602 pientia
219 1529 306 1601 longe
321 1546 381 1601 pros
395 1529 505 1586 caeteris
517 1530 715 1599 excellentem,
738 1531 939 1588 honorandum
991 1529 1091 1587 iisdem
1106 1532 1141 1587 ad
1156 1530 1324 1587 ianuarium
1344 1548 1419 1587 anno
1432 1530 1546 1586 circiter
1559 1528 1843 1602 quadringentesimo

90 1633 152 1674 esse
174 1632 233 1673 non
256 1623 406 1691 negarent,
432 1619 584 1690 Evangelio
607 1623 704 1675 tamen
728 1619 816 1676 iidem
840 1621 939 1678 haberi
992 1615 1159 1687 conscriptis
1173 1615 1351 1686 Augustinus
1365 1614 1495 1686 proximu
1514 1613 1664 1685 subJuugit
1685 1612 1794 1668 tibrum
1810 1611 1843 1667 du

89 1707 208 1774 nollent,
225 1707 301 1778 quod
313 1724 373 1763 non
388 1707 423 1762 ab
436 1706 499 1779 ipso
513 1707 624 1764 Christo
637 1707 827 1781 conscriptum
841 1708 938 1776 tuerit,
992 1705 1084 1776 Opere
1096 1705 1302 1761 monachorum
1318 1704 1448 1773 (lletraet.
1464 1704 1511 1759 lib.
1527 1706 1554 1771 2,
1570 1718 1631 1773 cop.
1647 1701 1706 1771 il).

89 1795 138 1850 sed
153 1795 189 1850 ab
201 1795 262 1866 ejus
272 1794 430 1867 discipulis,
442 1794 492 1867 qui
502 1800 530 1851 et
541 1796 713 1867 magistrum
724 1812 807 1852 suum
818 1813 870 1869 pro
882 1799 940 1853 lico
1029 1797 1055 1850 3.
1080 1794 1173 1865 Supra
1196 1793 1328 1859 vidimus,
1351 1792 1517 1848 monasticus
1531 1791 1597 1847 uitas
1612 1790 1782 1846 institutum
1795 1800 1843 1860 per

89 1883 287 1953 obstruserint,
298 1887 326 1939 et
337 1884 372 1940 de
383 1885 502 1940 deorum
514 1885 670 1942 abdicando
680 1887 768 1951 cultu,
778 1904 864 1961 quam
878 1888 940 1959 ipse
993 1881 1115 1938 btrieem
1131 1899 1147 1937 a
1162 1898 1218 1954 quo
1228 1887 1357 1954 tempore
1370 1881 1401 1938 in
1411 1898 1475 1937 eam
1487 1881 1556 1937 illud
1572 1877 1841 1953 importaritibiqae

89 1989 147 2028 non
171 1971 212 2028 eis
234 1971 398 2029 tradidisset
420 1973 580 2029 doctrinam
594 1974 785 2046 predicarent
798 1977 847 2048 (tle
861 1977 938 2035 Cous.
994 1987 1105 2026 servum
1130 1971 1216 2043 uoepit
1232 1971 1420 2044 Augustinus,
1436 1970 1534 2025 multis
1555 1969 1625 2026 l⁰ui³
1645 1967 1728 2024 breti
1742 1981 1841 2040 imin·

88 2065 207 2131 Ecouq„
227 2062 274 2118 lib.
291 2064 317 2126 2,
331 2063 437 2133 prolop.
452 2079 483 2119 u.
498 2062 534 2135 t).
547 2065 580 2119 ln
594 2063 658 2119 aliis
671 2080 740 2137 ergo
755 2065 847 2120 tribus
860 2065 940 2121 libris
993 2064 1091 2131 galam
1114 2060 1210 2117 faisse.
1237 2060 1365 2117 Plurima
1389 2059 1559 2132 Cartbagine
1584 2056 1764 2114 monasteria
1782 2070 1840 2111 mox

90 2150 214 2206 ostendit
232 2155 357 2223 quatuor
378 2151 570 2223 Euangelistas
584 2152 661 2208 inter
674 2170 705 2208 se
719 2169 866 2225 nunquam
881 2171 940 2210 non
994 2149 1114 2206 excitata
1127 2154 1194 2205 suni
1208 2167 1215 2206 ι
1232 2149 1261 2204 in
1275 2150 1379 2220 quibus
1394 2155 1492 2205 temen
1505 2165 1562 2203 non
1571 2164 1631 2203 una
1645 2146 1768 2204 omnino
1781 2145 1840 2200 uites

90 2237 242 2294 conuenire
258 2255 265 2294 ι
283 2255 341 2311 qua
355 2239 386 2294 in
400 2242 494 2312 operis
508 2245 590 2312 parta
605 2242 728 2298 multum
744 2259 840 2314 operae
852 2259 884 2298 ac
898 2245 940 2299 la·
994 2239 1087 2294 torma
1105 2239 1265 2295 tenebatur.
1286 2239 1339 2295 Alii
1355 2238 1497 2311 siquidem
1511 2237 1649 2310 Apostolo
1664 2233 1839 2308 praecipienti

90 2327 167 2382 boris
185 2342 215 2382 sc
230 2327 437 2399 consumpsisse
450 2343 510 2384 non
522 2329 662 2385 diffitetur
683 2332 722 2401 (la
735 2334 817 2389 Joaa.
832 2335 939 2401 Euaap.
994 2344 1104 2383 morem
1118 2332 1258 2401 gerentes,
1273 2328 1391 2401 proprio
1408 2328 1513 2383 sudore
1533 2327 1640 2382 vietum
1661 2325 1718 2381 sibi
1732 2339 1840 2397 comps·

92 2417 193 2472 Tractt.
219 2418 280 2480 stu,
306 2416 376 2488 tlt).
393 2416 543 2472 Enimvero
567 2417 720 2474 destitutas
733 2424 795 2475 erat
808 2419 844 2475 iis
858 2421 939 2493 adju·
994 2418 1109 2473 rabant.
1127 2417 1183 2473 litii
1198 2422 1297 2474 eontra
1312 2416 1467 2491 sepiarum
1482 2416 1634 2472 hominurn
1644 2414 1772 2471 donariis
1784 2429 1840 2469 sus·

90 2504 204 2572 mentis,
227 2504 331 2577 quibus
343 2505 473 2561 instructi
487 2506 568 2563 tuere
590 2511 733 2580 quotquot
746 2513 846 2580 postea
863 2510 940 2566 idem
993 2507 1097 2563 tentari
1112 2507 1267 2571 malebant,
1293 2507 1328 2562 ab
1353 2507 1433 2562 omni
1455 2506 1562 2573 labore,
1579 2521 1637 2578 qno
1652 2504 1708 2560 sibi
1722 2519 1840 2560 necessa·

90 2592 161 2649 illud
177 2598 380 2666 argumentum
390 2598 549 2651 tractarunt
562 2595 629 2668 :qui
641 2599 740 2652 tamen
749 2595 805 2668 ipsi
813 2596 941 2668 vestigiis
995 2596 1038 2651 ria
1051 2596 1243 2669 providerent,
1258 2597 1498 2668 supersedentes:
1514 2595 1601 2667 idque
1621 2611 1682 2651 non
1697 2594 1776 2666 quod
1788 2593 1840 2648 atto

91 2683 152 2753 ejus
166 2683 337 2759 insistentes,
353 2683 398 2740 vix
414 2683 574 2757 quidquam
587 2685 707 2757 alicujus
717 2687 856 2741 momenti
865 2684 941 2741 inre·
995 2684 1184 2741 eeclesiastico
1207 2684 1368 2740 ministerio
1392 2689 1610 2757 occuparentur,
1631 2686 1665 2739 nt
1687 2682 1774 2739 altari
1790 2697 1840 2737 ser·

90 2787 168 2839 nere,
186 2773 263 2844 quod
279 2772 328 2828 ille
342 2788 401 2828 non
414 2773 566 2830 docuisset.
994 2774 1104 2829 aientes
1118 2774 1184 2830 inde
1199 2774 1301 2830 merito
1316 2774 1370 2830 sibi
1392 2773 1566 2846 stipendium
1587 2773 1783 2844 postularent;
1797 2772 1841 2827 aut

125 2865 152 2918 i.
169 2862 206 2918 Er
222 2861 343 2918 eruditis
361 2862 529 2934 huJusmodi
543 2861 792 2920 lucubrationibus
806 2877 940 2936 magnam
995 2865 1072 2935 quod
1085 2864 1204 2919 delicate
1218 2879 1250 2918 ac
1268 2862 1395 2919 molliter
1408 2862 1530 2930 educati,
1543 2879 1601 2918 non
1616 2864 1715 2917 essent
1727 2860 1840 2916 tercado

92 2951 331 3007 existimationem
341 2951 401 3022 jam
415 2952 580 3024 collegerat,
593 2968 658 3009 cum
674 2953 710 3010 ad
723 2968 790 3010 eum
805 2956 942 3025 tanquam
996 2968 1134 3008 manuum
1148 2952 1240 3008 labori
1253 2952 1474 3025 pares3quippe
1488 2953 1538 3024 qui
1551 2951 1582 3007 in
1598 2951 1767 3007 sodalitium
1780 2965 1839 3005 san·
1870 2965 1872 2970 ·

90 3041 237 3095 doctorem
259 3039 408 3109 eximium,
428 3058 515 3114 quem
537 3042 608 3098 nibil
631 3043 742 3111 lateret,
769 3042 942 3098 christianus
995 3047 1072 3098 ctum
1093 3041 1247 3109 coiverant,
1269 3041 1319 3097 ubi
1341 3041 1433 3097 mullo
1456 3041 1640 3103 abundabant
1660 3040 1733 3106 otio,
1750 3044 1780 3096 et
1796 3055 1841 3095 eo·

90 3130 207 3201 quidam
218 3129 323 3202 pietate
336 3130 468 3203 insignis,
484 3135 513 3187 et
525 3132 617 3186 eidem
631 3137 726 3186 sancto
741 3133 855 3188 [laetari
869 3133 941 3188 bene
995 3148 1060 3188 rum
1078 3130 1208 3204 plerique
1222 3130 1290 3185 illue
1313 3147 1329 3186 a
1347 3131 1405 3186 rita
1419 3130 1593 3203 gravissimis
1611 3130 1761 3186 laboribus
1771 3144 1842 3185 exer

91 3217 223 3290 cognitus
243 3217 387 3287 (ianuario
408 3234 515 3274 nomen
540 3220 621 3290 erat),
645 3211 811 3278 deterendus
834 3221 944 3278 curavit
995 3222 1050 3278 cita
1068 3223 1215 3277 venerant.
1230 3222 1267 3276 dt
1281 3236 1348 3276 vero
1369 3221 1461 3276 multo
1483 3221 1585 3275 melius
1603 3235 1664 3274 esse
1679 3219 1752 3291 ipsis
1772 3216 1843 3275 vide·

91 3306 183 3362 uarias
206 3305 246 3362 de·
266 3306 455 3362 Sacramentis
469 3313 497 3363 et
512 3309 640 3363 Ecclesiae
655 3309 756 3364 ritibus
773 3310 940 3382 inquisitio·
995 3310 1089 3378 batur,
1112 3309 1289 3366 orationibus
1311 3315 1339 3365 et
1359 3310 1477 3382 psalmis
1491 3314 1520 3365 et
1533 3308 1648 3364 lectioni
1663 3324 1776 3376 vemas,
1791 3311 1843 3363 slu-

91 3411 152 3453 ncs.
169 3396 239 3452 Cnm
251 3395 403 3469 permulta
418 3395 476 3453 illae
490 3400 583 3454 essent
594 3398 825 3465 commonitorio,
840 3399 884 3456 uti
893 3416 941 3455 so·
996 3398 1043 3454 dio
1055 3414 1169 3471 qnoque
1183 3398 1349 3454 incumbere
1362 3414 1394 3453 ae
1408 3397 1588 3454 meditationi
1602 3396 1684 3453 verbi
1699 3395 1841 3470 Dei,quod

91 3488 181 3554 catur,
206 3487 332 3559 quodam
356 3486 579 3559 comprehense,
599 3487 727 3560 primum
750 3489 866 3562 quidem
890 3489 941 3546 uni
995 3487 1175 3544 venientibus
1190 3488 1224 3543 ad
1237 3503 1267 3542 se
1280 3504 1314 3542 er
1334 3488 1390 3543 alio
1404 3502 1509 3560 genere
1522 3486 1587 3542 uitas
1601 3486 1741 3542 tratribus
1755 3502 1842 3560 quan·

91 3575 153 3647 ejus
168 3575 331 3649 quaestioni,
342 3576 485 3647 omnium,
499 3576 522 3632 si
535 3577 667 3633 ordinem
676 3583 796 3650 spectes,
807 3578 940 3652 principi,
996 3578 1090 3650 doque
1100 3577 1280 3650 erogandum
1295 3582 1381 3650 atque
1396 3577 1597 3649 exponendum
1612 3580 1702 3645 esset;
1722 3591 1757 3631 aa
1777 3574 1843 3631 illud

92 3665 127 3721 ab
143 3665 302 3737 Augustino
317 3680 486 3737 responsum
497 3670 549 3735 est,
561 3684 616 3740 qua
630 3667 764 3724 videlicet
778 3668 943 3742 inquirebat
996 3669 1112 3725 demum
1126 3673 1194 3724 'non
1218 3669 1362 3740 operando
1385 3668 1505 3741 implere
1528 3671 1697 3736 statuerent,
1719 3666 1800 3740 quod
1816 3666 1842 3720 in

92 3753 160 3826 quid
174 3770 226 3826 per
243 3755 374 3827 quintam
388 3756 488 3811 teriam
504 3756 613 3812 ultimae
626 3756 813 3813 hebdomadis
823 3758 944 3823 Quadra·
997 3757 1149 3830 Evangelio
1172 3757 1208 3813 de
1231 3757 1442 3813 considerandis
1465 3755 1628 3813 volatilibus
1651 3761 1680 3811 et
1703 3754 1774 3811 liliis
1787 3753 1842 3827 agri

92 3840 208 3914 gesimae
221 3841 284 3896 deri
299 3843 414 3910 debeat;
439 3860 476 3898 an
492 3844 672 3901 offerendum
691 3845 727 3902 sit
741 3861 825 3902 mane
841 3851 869 3903 et
882 3863 943 3903 rur·
996 3845 1175 3918 praecipitur,
1189 3863 1255 3919 quas
1273 3862 1368 3920 neque
1383 3845 1535 3915 seminant,
1549 3861 1643 3922 neque
1656 3848 1771 3900 metunt
1785 3861 1793 3900 :
1805 3849 1842 3900 a·

93 3945 141 3984 sus
154 3933 218 4000 post
232 3946 356 3998 coerrem;
369 3948 405 3986 an
414 3932 616 4004 jejunandum,
633 3938 739 4005 etpost
753 3950 864 3990 coenam
877 3940 943 3990 tan-
995 3935 1079 3991 metsi
1105 3935 1140 3990 de
1165 3935 1219 3991 hoc
1237 3936 1314 4008 quod
1338 3935 1480 4008 adjicitur,
1505 3949 1599 4006 neque
1623 3937 1802 4008 congregant
1817 3932 1842 3987 io

77 4018 241 4074 ·tummodo
255 4018 446 4088 atterendam
463 4036 500 4075 an
519 4021 606 4076 etiarn
617 4022 819 4094 jejunandum,
835 4027 863 4079 et
879 4029 944 4095 post
997 4024 1148 4095 apothecas
1173 4026 1280 4091 (uasta.
1300 4029 1326 4092 ll,
1351 4024 1406 4093 ull),
1433 4024 1528 4079 minus
1551 4022 1674 4091 solliciti,
1695 4039 1790 4095 penus
1802 4037 1841 4076 m·

93 4107 279 4175 oblationem,
299 4107 373 4164 sicut
395 4109 486 4165 tacere
502 4110 637 4179 solemus,
652 4110 811 4184 inquiebat,
826 4129 942 4169 coenan·
997 4113 1155 4169 condendas
1166 4129 1262 4168 curam
1276 4115 1501 4186 haudquaquam
1515 4111 1702 4184 abjecissent;
1716 4111 1777 4167 imo
1791 4109 1842 4164 uel·

92 4196 162 4252 dum
173 4196 326 4268 (Epictiti,
339 4211 361 4253 c.
374 4199 400 4264 ii,
410 4212 439 4255 a.
450 4195 487 4270 6).
500 4198 616 4254 Caelerae
627 4200 903 4272 autemqumstiones
913 4201 943 4256 in
996 4201 1056 4256 lent
1066 4217 1167 4256 manus
1181 4201 1287 4258 habere
1302 4202 1417 4270 otiosas,
1434 4207 1463 4258 et
1476 4201 1644 4273 repositoria
1660 4202 1759 4272 plena.
1779 4199 1842 4266 Qui·

92 4285 170 4343 aliud
182 4291 296 4358 tempus
309 4285 404 4342 dilate
423 4290 498 4342 sunt.
520 4286 591 4343 Cum
609 4304 676 4344 uero
691 4289 841 4344 lanuarias
856 4290 942 4363 longo
996 4306 1119 4362 cumque
1133 4305 1199 4344 vero
1214 4290 1249 4345 ab
1274 4306 1413 4346 manuum
1433 4306 1519 4362 opere
1540 4289 1580 4344 sic
1607 4290 1760 4358 vacabant,
1784 4301 1841 4344 cum

91 4379 157 4446 post
172 4378 303 4448 ternpore
325 4391 377 4448 per
389 4376 498 4432 litteras
513 4391 578 4432 eum
595 4382 733 4450 rogasset,
749 4395 786 4434 ne
800 4377 858 4434 iltis
872 4395 944 4450 quo·
995 4379 1051 4450 ipsi
1066 4379 1203 4435 deberent
1216 4380 1258 4434 rel
1273 4379 1420 4452 propriam
1436 4378 1561 4451 corporis
1579 4376 1790 4444 infirmitatem,
1803 4375 1841 4430 rel

93 4479 150 4534 qne
164 4463 325 4520 satisfacere
340 4469 515 4537 gravaretur,
531 4469 644 4521 sanctus
659 4467 812 4540 Episcopus
827 4468 941 4536 maritas,
996 4484 1077 4524 suam
1101 4469 1230 4540 ipsoram
1254 4467 1392 4524 desidiam
1417 4483 1580 4540 agnoscere,
1607 4482 1668 4522 sese
1692 4465 1728 4522 iis
1742 4465 1840 4539 potius,

94 4551 198 4623 quibus
217 4555 285 4609 tunc
304 4553 538 4627 distringebatur,
561 4554 761 4626 occupationes
778 4554 943 4624 intermisit,
997 4557 1048 4632 qui
1075 4557 1242 4631 quotidiano
1267 4542 1397 4629 dirroque
1422 4557 1520 4613 labore
1542 4556 1648 4611 victum
1673 4557 1840 4629 quaererent,

94 4656 151 4714 quo
168 4639 294 4712 ejusdem
309 4643 414 4714 optatis
427 4644 515 4722 altera
529 4642 596 4698 data
610 4642 730 4714 epistola
749 4660 800 4699 seu
816 4645 888 4700 libro
908 4645 942 4699 ad
998 4647 1219 4719 anteponebant.
1237 4646 1308 4702 ilinc
1318 4662 1403 4719 porro
1417 4645 1840 4718 sanetipresulesrerebantur,

94 4745 161 4788 eom
181 4730 306 4785 seeundo
329 4733 518 4803 responderet
538 4731 639 4803 (Epist.
665 4735 710 4795 55,
723 4749 750 4788 u.
769 4731 803 4803 l).
823 4732 854 4788 ld
869 4732 946 4787 inter
997 4741 1031 4793 ut
1048 4736 1107 4791 veri
1128 4735 1270 4800 monachi,
1293 4735 1343 4808 qui
1364 4735 1451 4791 vitam
1475 4751 1509 4792 ex
1537 4733 1658 4790 sanioris
1681 4733 1749 4790 vitae
1774 4746 1841 4806 pre·-

94 4823 197 4876 castera
218 4818 414 4875 sciscitabatur
435 4820 597 4890 lanuarias,
613 4836 664 4876 cur
684 4836 742 4876 non
761 4836 874 4892 semper
888 4829 946 4876 u'na
999 4824 1104 4897 scripto
1118 4840 1199 4880 suam
1221 4823 1394 4896 dirigebant,
1414 4822 1507 4879 tallaci
1527 4822 1645 4878 demam
1667 4821 1785 4895 pietatis
1801 4818 1841 4875 su·

95 4909 254 4981 eademque
268 4906 326 4975 die,
340 4909 584 4980 quemadmodum
601 4909 707 4966 Natalis
721 4909 848 4979 bomini,
863 4910 946 4966 itaet
1000 4911 1139 4967 blimioris
1162 4910 1254 4984 specie
1274 4909 1310 4966 ad
1333 4909 1466 4965 inertiam
1491 4909 1707 4981 pellicerentur,
1732 4910 1843 4982 urgente

94 4995 237 5055 Paschalis
251 4995 356 5053 temam
369 4997 576 5068 celebraretur3
592 5015 676 5055 curve
689 4999 721 5054 in
736 5000 787 5054 hac
797 4999 947 5055 statuenda
998 5000 1157 5074 praesertim
1172 4999 1352 5067 uerecundia,
1374 5013 1440 5053 cum
1455 4998 1624 5053 infractores
1638 4997 1787 5071 Evangelii
1798 4996 1842 5052 bs·

95 5102 125 5145 re
141 5088 342 5144 observaretur
355 5086 504 5143 sabbatum
519 5092 548 5144 et
561 5089 629 5144 luna
645 5088 736 5158 (tota,
751 5103 779 5142 u.
795 5091 832 5153 i).
848 5089 882 5143 ln
896 5103 945 5159 ge·
998 5089 1101 5147 beriae
1115 5088 1312 5161 conspicerent
1327 5087 1402 5158 apud
1422 5087 1581 5158 imperitos.
1598 5088 1790 5157 uraeureaab
1801 5084 1844 5142 itta

96 5177 183 5234 minis
195 5177 274 5233 hisce
287 5174 371 5232 libris
394 5174 430 5230 de
450 5176 705 5234 consuetudinibus
723 5176 821 5231 multis
840 5175 944 5248 agitur,
1000 5195 1100 5235 eorum
1115 5177 1229 5235 vivendi
1243 5177 1355 5232 ratione
1367 5176 1519 5232 auctoritas
1530 5177 1691 5233 addebatur
1703 5172 1843 5234 monacbis

95 5282 161 5341 quse
182 5268 228 5324 rel
251 5265 282 5322 in
303 5264 446 5332 omnibus,
462 5264 506 5319 uel
522 5265 613 5321 solum
628 5265 659 5321 in
674 5265 845 5338 quibusdam
857 5265 947 5321 Eccle-
1000 5266 1179 5336 errabundis,
1195 5264 1245 5337 qui
1257 5265 1293 5320 ad
1308 5263 1486 5336 operandum
1501 5263 1597 5336 quiete
1612 5280 1644 5319 ae
1658 5263 1775 5319 silentio
1785 5266 1843 5318 cusu

97 5357 146 5412 siis
172 5357 350 5415 obtinebant.
367 5354 477 5422 Quibus
503 5354 648 5428 explicatis
667 5356 842 5428 augustinus
866 5355 946 5427 operi
999 5355 1096 5411 induci
1111 5371 1169 5411 non
1189 5359 1316 5428 possent,
1339 5353 1454 5426 plebem
1477 5351 1643 5408 monasticae
1664 5352 1752 5408 vestis
1768 5362 1843 5407 sens·

97 5445 185 5500 tinem
198 5445 322 5520 imponit
339 5446 370 5502 in
382 5446 444 5502 hrec
458 5444 544 5500 verba
560 5461 566 5500 :
583 5447 644 5501 ttae
659 5445 710 5500 tibi
723 5447 749 5500 si
758 5447 827 5501 sotis
840 5458 896 5501 esse
909 5444 947 5500 ad
999 5445 1111 5501 ratione
1139 5449 1253 5516 captam
1278 5443 1462 5511 deludebant,
1487 5440 1573 5497 variis
1593 5440 1744 5497 iraodibus
1767 5440 1845 5511 atqui

97 5551 129 5591 eo
153 5548 213 5610 que
226 5538 367 5621 requisisti
379 5552 432 5594 uon
451 5536 601 5609 putauuis,
615 5535 698 5593 nimis
711 5537 823 5605 ipaoras
836 5538 862 5591 et
874 5536 946 5591 uires
1000 5532 1118 5590 fallaciis
1131 5533 1166 5588 ad
1181 5532 1370 5588 corradendae
1377 5529 1510 5604 pecunias
1526 5529 1556 5585 in
1570 5544 1718 5586 summum
1728 5522 1844 5586 instituti
