3884 6112
112 238 179 293 tila

109 377 166 445 que
180 360 281 418 viderit
298 357 464 431 aliqnando,
478 372 531 412 nec
545 356 663 412 omnino
678 355 762 427 quale
778 360 852 411 esset
863 356 960 412 audie·

108 439 165 501 rri;
181 450 239 488 non
253 432 401 487 oculorum
417 434 470 498 est,
486 428 534 483 sed
550 427 650 493 animi,
662 427 737 498 qnod
745 427 858 499 cujusce
867 429 910 482 rei
918 427 960 499 pi·

109 510 190 560 ctnra
217 504 262 569 sit,
279 501 379 557 nescit.
394 501 523 555 Alterum
535 515 625 571 genus
640 499 736 553 estnbi
748 516 791 553 res
803 499 899 553 animo
908 516 959 570 pa·

108 580 192 640 teret,
207 575 263 629 nisi
278 572 373 628 sensui
389 571 578 635 clauderetur,
593 570 666 624 sieut
680 576 722 624 est
732 571 819 624 homo
830 571 959 641 pictusin

109 645 250 702 tenebris:
268 660 335 699 nam
351 642 400 697 ubi
415 641 687 712 oculisapparuerit,
703 641 898 695 nihilonimus
910 641 959 695 ho·

108 717 219 773 minem
234 717 341 787 pictum
356 713 507 769 dubitabit.
534 713 662 768 Tertium
677 729 766 783 genus
781 717 832 779 est,
856 715 887 767 in
902 730 958 782 quo

108 789 195 843 etiam
217 787 313 842 sensui
329 784 523 849 absconditur,
540 785 614 854 quod
632 788 725 839 umen
743 787 766 838 si
791 783 957 851 nudaretur,

107 859 179 915 nihil
191 858 281 928 magis
296 858 393 911 animo
409 855 563 909 emineret:
581 856 657 925 qnod
673 869 763 925 genus
774 859 816 909 εει
828 854 959 909 omnium

108 925 959 997 obscurissimum,utsiimperitusmalumilludpunicnmpi-

107 1007 184 1056 ctum
194 1001 280 1054 ctiam
292 999 453 1054 intenebris
461 1003 610 1067 cogeretur
622 997 874 1068 agnoscerelleter
882 1013 958 1051 nnnc

108 1072 237 1126 animum
252 1071 287 1125 ad
302 1071 397 1134 verba,
408 1068 880 1140 quorumistaesuntsimilitudines
891 1084 957 1122 con-

108 1143 223 1197 stitutas.
236 1143 312 1198 Pone
326 1141 493 1220 quempiam
502 1140 732 1210 grammaticum,
742 1138 902 1194 convocatis
913 1138 956 1193 di·

109 1213 234 1285 scipulis,
254 1213 385 1283 laetoque
400 1212 514 1266 silentio
530 1227 682 1282 suppressa
694 1227 760 1264 voce
776 1210 891 1278 dixisse,
906 1211 957 1264 Τε-

109 1290 234 1339 metum:
251 1283 328 1354 quod
343 1283 377 1337 ab
404 1299 437 1336 eo
464 1281 580 1343 dictum,
610 1281 660 1352 qui
680 1297 768 1352 prope
783 1281 956 1346 assidebant,

108 1357 176 1409 satis
191 1354 345 1409 audierunt
359 1371 365 1420 ;
382 1354 431 1423 qni
442 1353 586 1418 remotius,
602 1368 723 1422 parunt,
741 1352 791 1423 qui
804 1357 900 1405 autem
912 1368 956 1406 re·

108 1426 267 1481 motissimc
281 1426 360 1478 nulla
375 1423 493 1476 omnino
507 1439 575 1477 voce
590 1422 733 1503 perstricti
749 1426 824 1476 sunt.
848 1423 956 1477 Horum

108 1502 204 1552 autem
221 1495 326 1566 partim
333 1494 469 1556 sciebant,
485 1493 527 1546 illi
537 1493 644 1547 scilicet
656 1492 706 1564 qui
716 1494 811 1547 nescio
822 1509 879 1563 quo
889 1510 957 1547 casu

107 1567 276 1621 remotiores
292 1570 383 1630 crant,
400 1563 468 1635 quid
483 1569 557 1618 esset
569 1569 723 1618 temetum:
735 1564 864 1634 reliquos
897 1580 957 1617 ror·

108 1655 155 1693 sus
169 1638 293 1692 latebat:
311 1651 410 1689 omnes
424 1634 595 1688 obscuritate
606 1635 846 1705 impediebantur.
873 1640 897 1688 ιι
910 1635 956 1689 hic

103 1708 165 1780 jam
181 1706 319 1778 perspicis
332 1705 429 1760 omnia
446 1706 494 1759 illa
519 1721 625 1775 genera
651 1706 865 1761 obscuritatum.
884 1707 955 1760 Nam

107 1779 158 1861 qui
172 1779 271 1833 auditu
287 1777 359 1831 nihil
373 1776 552 1841 dubitabant,
567 1777 694 1848 primum
711 1777 782 1831 illud
799 1793 889 1846 genus
904 1794 955 1848 pa·

107 1850 261 1912 trebantur,
274 1848 319 1902 cui
344 1848 436 1902 simile
452 1853 505 1917 est,
519 1850 628 1902 malum
643 1848 780 1919 punicum
795 1848 955 1919 ignoranti·

104 1920 169 1985 bus,
185 1921 232 1975 sed
249 1920 279 1973 in
303 1920 366 1972 luce
384 1918 504 1990 pictum.
527 1919 581 1984 Qui
593 1925 733 1974 noverant
750 1920 879 1986 verbum,
906 1920 955 1973 scd

105 1993 223 2047 auribus
234 1996 282 2044 aut
296 2006 397 2061 parum
409 1996 458 2044 aut
467 1992 586 2044 omnino
597 2006 654 2044 non
665 1995 832 2060 acceperant
844 2006 952 2057 vocem;

105 2064 229 2118 secondo
243 2063 293 2116 illo
309 2077 413 2131 genere
428 2061 604 2127 laborabant,
620 2061 665 2115 cui
681 2061 782 2115 similis
797 2064 839 2115 est
862 2061 954 2115 homi·

105 2134 150 2188 nis
164 2135 272 2204 imago,
283 2131 332 2185 sed
343 2132 607 2203 nonincorrspicuo,
618 2133 667 2187 scd
678 2133 797 2187 omnino
803 2132 954 2187 tenebroso

104 2204 175 2259 loco.
192 2204 247 2269 Oui
259 2208 355 2257 autem
381 2219 440 2256 non
453 2204 545 2256 solnm
562 2203 645 2266 vocis,
663 2204 711 2258 sed
726 2209 754 2257 ει
768 2202 953 2273 significatio-

105 2275 149 2329 nis
163 2275 241 2329 verbi
256 2281 386 2344 expertes
400 2279 482 2327 erant
493 2290 500 2339 ;
513 2273 589 2327 tertii
605 2275 727 2342 generis,
742 2275 818 2346 quod
835 2274 953 2328 omnino

104 2345 292 2401 deterrimum
305 2355 357 2409 est,
373 2343 498 2397 caecitate
513 2344 742 2398 involvebantur.
759 2345 839 2408 Quod
856 2351 952 2399 autem

104 2416 213 2470 dictum
238 2420 290 2476 cst,
315 2414 460 2484 quoddam
481 2414 634 2468 obscurum
650 2415 784 2485 ambiguo
805 2415 908 2481 simile,
923 2417 953 2469 in

103 2484 149 2541 his
164 2485 286 2557 perspici
302 2491 405 2557 potest,
422 2484 526 2555 quibus
540 2484 657 2540 verbnm
675 2493 736 2540 erat
760 2485 875 2556 quidem
902 2502 953 2540 nc-

102 2560 176 2624 tum,
188 2559 234 2611 sed
251 2572 348 2610 vocern
363 2555 478 2626 penitus
489 2556 608 2622 nnllam,
625 2561 746 2611 autnon
760 2556 877 2610 omnino
893 2573 953 2611 ccr-

102 2633 161 2682 tam
176 2632 374 2708 perceperant.
394 2626 497 2681 Omnia
511 2626 599 2697 igitur
613 2628 732 2682 obscura
749 2627 886 2698 loquendi
903 2645 952 2699 gc-

102 2715 170 2754 ncra
185 2699 294 2764 vitabit,
311 2697 360 2769 qni
375 2704 405 2753 et
418 2714 485 2751 socc
501 2704 639 2768 quantum
658 2699 725 2753 satis
745 2704 787 2753 εει
799 2701 883 2761 clara,
901 2715 952 2753 nec

101 2787 150 2825 ore
167 2769 313 2841 impedito,
325 2768 452 2823 etverbis
466 2769 623 2824 notissimis
638 2774 743 2824 utetur.
757 2770 825 2824 Vide
836 2786 912 2824 nunc
923 2769 952 2824 in

102 2843 203 2896 eodem
239 2840 397 2895 rammatici
413 2841 554 2910 exemplo,
575 2857 662 2911 quam
677 2842 761 2911 longe
776 2841 951 2912 alinsimpe-

100 2912 160 2966 diat
172 2857 345 2982 colligatus
358 2927 445 2982 quam
459 2910 618 2965 obscuritas
632 2911 723 2966 verbi.
742 2913 794 2966 Fae
809 2912 886 2965 enim
903 2929 951 2966 eos

101 2983 152 3055 qni
166 2984 286 3038 aderaut
301 2987 329 3037 et
342 2982 410 3036 satis
424 2999 509 3036 sensu
526 2982 666 3052 accepisse
682 2997 780 3036 vocem
809 2983 949 3053 magistri,

101 3059 130 3109 ει
140 3054 223 3107 illum
238 3055 356 3107 verbum
385 3052 559 3119 enuntiasse,
574 3053 652 3124 qnod
667 3058 740 3108 esset
755 3054 889 3108 omnibns
900 3071 949 3108 no·

100 3128 182 3190 tum;
198 3131 231 3178 ut
244 3129 322 3194 puta,
335 3125 379 3178 tac
393 3139 459 3177 cunr
475 3123 589 3186 dixisse,
602 3126 732 3191 llagnus,
746 3129 774 3178 et
796 3125 897 3179 deinde
912 3125 950 3178 si·

100 3194 950 3266 luisse:attendeqnidincerti,hocauditonomine,patian·

99 3266 241 3331 tur.·0nid
254 3266 278 3319 si
293 3265 420 3319 dicturus
433 3269 484 3332 est,
496 3268 564 3329 Quae
576 3282 642 3335 pars
656 3266 795 3320 orationis
808 3267 869 3320 esti
878 3266 951 3330 Ouid

100 3336 124 3391 si
135 3338 170 3392 de
186 3337 286 3391 metris
299 3335 481 3407 quaesiturus,
498 3337 548 3407 qui
557 3336 593 3390 sit
602 3337 755 3408 peslouid
765 3337 788 3391 si
802 3337 950 3392 historiam

98 3407 337 3478 interrogaturus,
355 3413 388 3462 ut
401 3412 480 3477 pota,
493 3423 614 3478 magnus
627 3409 780 3478 Pompeius
792 3415 862 3479 quot
876 3408 951 3463 bella

119 3479 241 3534 esserit‘l
256 3479 328 3544 Quid
344 3478 365 3531 si
381 3479 677 3534 commendandorum
693 3480 950 3550 carminumgratia

98 3494 228 3606 dicturus
243 3555 296 3616 est,
310 3550 428 3619 lingnns
441 3554 470 3604 et
488 3566 561 3620 pene
576 3551 652 3604 solus
679 3554 765 3622 poeta
792 3550 950 3621 Virgilius?

98 3620 173 3686 Ouid
188 3623 212 3675 si
232 3622 435 3691 objurgaturus
450 3620 657 3692 negligentiam
686 3620 902 3692 discipulorum,
919 3621 949 3676 in

98 3692 160 3748 baee
177 3692 279 3747 deinde
292 3693 377 3747 verba
388 3699 566 3762 prorumpat,
582 3692 698 3762 Magnus
709 3709 759 3746 vos
772 3693 808 3747 ab
824 3693 949 3747 studium

99 3762 258 3834 disciplinas
273 3768 372 3833 torpor
383 3762 487 3816 invasit
500 3762 513 3815 i
525 3762 646 3817 Videsne
662 3769 772 3817 remota
781 3764 886 3818 nebula
901 3765 950 3819 ob·

98 3834 250 3896 scuritatis,
269 3833 339 3886 illud
353 3833 430 3902 quod
446 3849 530 3902 snpra
544 3834 649 3887 dictura
659 3835 785 3904 estqnasi
794 3834 948 3889 eminuisse

96 3903 285 3958 multivium‘?
304 3904 374 3956 Nam
390 3904 540 3955 hocunum
554 3903 742 3973 quoddictnm
752 3910 804 3968 est,
815 3921 946 3975 magnus,

97 3979 126 4029 et
140 3989 245 4028 nomen
260 3977 312 4038 cst,
329 3978 358 4026 et
371 3989 422 4043 pes
437 3972 551 4026 chorius
564 3978 616 4033 est,
633 3978 661 4028 et
677 3975 827 4045 Pompeius
843 3982 895 4040 est,
922 3980 950 4030 et

96 4045 233 4117 Virgilius
246 4049 298 4108 est,
316 4048 343 4097 ει
355 4044 538 4114 negligentiae
555 4049 663 4115 torpor.
681 4047 714 4100 Et
728 4047 751 4099 si
766 4062 823 4116 qua
837 4047 893 4100 alia
905 4048 947 4101 vel

95 4115 320 4173 innumerabilia
344 4131 402 4170 non
418 4121 641 4170 commemorata
655 4122 732 4183 sunt,
760 4133 824 4187 qnae
852 4123 948 4173 tamen

95 4204 148 4260 per
161 4190 235 4244 hanc
248 4187 476 4241 enuntiationem
489 4188 568 4241 verbi
582 4192 702 4258 possunt
711 4187 840 4259 intelligi.

201 4260 313 4314 CAPUT
329 4260 371 4313 tx.
388 4288 423 4298 -
437 4259 657 4325 Antiquitatum
670 4274 769 4326 ιιειιιειι
781 4261 843 4314 duo.

130 4333 230 4404 ltaque
252 4329 409 4384 rectissime
434 4329 618 4384 adialecticis
648 4331 824 4401 dictumest,
856 4329 946 4385 ambi·

95 4417 184 4473 guum
199 4419 260 4457 esse
275 4417 359 4456 omna
377 4401 506 4456 verbum.
525 4402 581 4454 Nec
596 4407 707 4456 moveat
721 4402 797 4473 qnod
813 4402 887 4472 apud
902 4401 946 4456 Ci-

96 4489 228 4528 ceroncm
244 4472 437 4527 calumniatur
453 4472 628 4538 Hortensius,
645 4472 699 4526 hoc
716 4473 822 4527 modo:
846 4474 946 4528 Ambi-

94 4560 182 4611 guase
200 4544 380 4599 uiuataudire
392 4548 479 4607 acute,
495 4545 632 4612 erpticure
646 4543 767 4599 dilucide
779 4560 785 4597 :
798 4546 861 4597 item
872 4559 947 4598 omae

94 4617 205 4669 uatum
219 4617 376 4683 ambiguum
392 4630 447 4668 esse
460 4615 565 4677 dicuat,
577 4615 707 4684 quomodo
717 4617 804 4682 icitur
819 4615 947 4681 ambiguo

94 4686 230 4753 ambiguis
251 4685 427 4755 eapticabuut
440 4687 525 4739 irtam
540 4686 587 4740 liae
599 4689 639 4740 cst
653 4689 681 4739 iu
696 4687 818 4740 tenebras
839 4690 946 4740 castiu-

94 4761 167 4812 ctum
179 4759 268 4811 lumea
287 4759 399 4823 inferre.
417 4756 508 4810 Facile
524 4756 641 4826 quidem
672 4762 756 4827 atque
785 4756 886 4810 callide
901 4756 944 4812 di-

93 4833 180 4883 ctnm.
215 4828 268 4881 Sed
293 4828 348 4882 hoc
374 4831 416 4881 est
442 4843 498 4898 quo
524 4828 598 4897 apud
622 4828 756 4882 eumdem
780 4828 944 4882 Ciceronem

91 4898 222 4955 Scaevclcu
234 4897 302 4952 dicit
312 4898 453 4952 Antonius
465 4915 472 4952 ι
488 4900 608 4968 Denique
618 4902 648 4952 ut
657 4900 826 4967 sapientibus
837 4899 943 4962 diserte,

91 4971 185 5026 stultis
199 4972 280 5025 etiam
295 4969 485 5024 coenaturis
503 4969 677 5033 dicer·e.0uid
694 4971 770 5025 enim
791 4970 867 5024 aliud
883 4971 944 5025 loeo

91 5040 141 5096 illo
157 5043 224 5097 lacit
241 5040 419 5106 Hortensius,
448 5040 503 5094 nisi
519 5041 649 5094 acumina
662 5040 773 5112 ingenii
796 5046 824 5095 ει
847 5042 944 5111 lepore

90 5113 243 5178 sermonis,
263 5111 346 5183 quasi
357 5126 469 5165 meraco
484 5115 511 5164 ει
526 5112 604 5165 suavi
618 5113 723 5182 poculo
744 5112 884 5183 imperitis
898 5129 944 5168 ca·

90 5184 209 5255 liginem
226 5182 370 5238 alluuditl
384 5182 463 5247 Quod
479 5182 557 5236 enim
580 5183 689 5237 dictum
711 5188 763 5248 est,
781 5200 866 5238 omne
880 5200 943 5238 ver-

89 5255 158 5311 bum
181 5256 350 5326 ambiguum
376 5269 448 5316 esse,
465 5253 499 5307 de
515 5253 635 5324 singulis
649 5254 743 5308 verbis
768 5254 942 5310 dictumest.

91 5328 275 5399 Explicantur
290 5325 426 5397 arrvhigua
436 5324 618 5394 disputando,
630 5330 749 5379 etnemo
765 5327 865 5396 utique
880 5342 943 5380 ver-

88 5397 132 5453 bis
147 5398 268 5468 singulis
283 5398 418 5467 disputat.
432 5399 520 5451 Nemo
532 5396 621 5464 igitur
632 5396 768 5467 ambigna
779 5398 866 5451 verba
881 5414 943 5451 rer·

88 5467 132 5523 bis
142 5468 285 5538 ambiguis
301 5468 464 5538 explicabit.
481 5468 514 5521 Et
527 5473 623 5521 tamen
639 5484 704 5521 cum
720 5484 805 5521 omne
824 5469 943 5521 verbnm

88 5539 257 5611 ambiguum
273 5537 943 5608 sit,nemorerbumambiguumnisiverbis,sed

87 5609 175 5666 etiam
188 5610 359 5681 conjunctis,
382 5626 447 5681 quae
468 5609 529 5679 jam
544 5607 681 5679 ambigua
695 5625 755 5664 non
767 5615 843 5676 sunt,
855 5609 944 5680 expli-

86 5679 171 5736 cabit.
200 5680 237 5733 Ut
258 5679 335 5734 enim
362 5679 386 5733 si
400 5680 552 5745 diceretur,
570 5678 670 5733 Omnis
689 5679 774 5735 miles
788 5680 869 5754 bipes
887 5683 942 5751 est,

85 5766 144 5810 nan
159 5764 241 5810 exeo
264 5753 442 5822 sequeretur,
462 5754 495 5806 ut
508 5749 610 5808 cohors
624 5765 659 5806 ex
673 5749 814 5808 militibus
829 5750 941 5824 bipedi-

768 230 950 289 PlllNClPld
969 230 1204 290 DlALECTlGAE.

1823 228 1875 282 titt

1014 355 1067 411 bus
1081 359 1141 412 tota
1154 354 1305 409 constaret.
1317 352 1359 407 lta
1372 365 1438 407 cnm
1452 348 1519 406 dico
1536 346 1727 420 ambiguum
1743 361 1874 403 omniru-

1014 427 1095 496 bum,
1112 443 1171 481 non
1186 425 1249 481 dico
1263 423 1444 489 sententiam,
1455 438 1516 477 non
1533 418 1782 492 disputationem
1796 435 1874 490 qnam

1013 498 1056 553 vis
1065 497 1158 553 verbis
1169 497 1223 552 ista
1231 500 1370 552 texantur.
1378 495 1471 550 Omne
1480 494 1584 564 igitur
1592 490 1874 562 ambigunmrcrbnn

1013 585 1073 624 non
1093 569 1228 637 ambigua
1248 565 1442 638 disputatione
1467 563 1691 637 explicabitur.
1709 562 1792 617 Nune
1807 564 1873 617 emb·

1013 641 1156 710 guitatum
1179 655 1285 711 genera
1307 639 1466 693 videamus.
1489 638 1570 701 Quae
1599 633 1705 706 prima
1729 633 1786 688 dno
1805 641 1872 689 snat:

1013 728 1103 767 unum
1118 711 1194 766 iniis
1210 711 1307 778 etiam,
1318 726 1382 780 quae
1397 710 1561 773 dicuntur3
1572 705 1710 760 alterum
1727 705 1803 776 qnod
1814 705 1872 760 inis

1012 783 1091 848 solis,
1104 799 1168 864 quar
1183 782 1354 845 scribuntur,
1369 779 1595 835 dubitationem
1610 777 1697 831 iacit.
1711 777 1784 831 Nam
1794 777 1816 830 si
1827 778 1872 848 qu's

1013 853 1145 917 audierit,
1167 853 1258 918 Acies,
1283 857 1311 907 et
1332 851 1355 905 si
1378 852 1443 923 quis
1466 849 1593 922 legerit,
1614 848 1733 920 poterit
1756 847 1871 903 incertum

1012 924 1130 990 babere,
1155 924 1210 978 nisi
1232 940 1283 995 per
1307 924 1480 977 sententiam
1507 923 1678 986 clarescat,
1701 923 1800 973 utrum
1819 922 1871 974 anu

1012 995 1147 1061 nlilitum,
1163 1011 1200 1049 an
1215 994 1294 1062 terri,
1309 1010 1345 1048 an
1364 995 1521 1048 oculorum
1548 992 1633 1046 dicta
1655 991 1704 1044 vel
1730 991 1868 1062 scriptasit

1011 1069 1048 1121 At
1058 1067 1157 1121 verosi
1167 1066 1232 1136 quis
1243 1065 1369 1120 inveniat
1382 1065 1540 1135 scriptum,
1551 1062 1644 1117 verbi
1656 1078 1748 1116 causa
1757 1063 1868 1134 leporem,

1012 1152 1064 1192 nec
1075 1142 1278 1209 appareatque
1292 1136 1433 1190 sententia
1448 1136 1587 1206 positum
1600 1133 1657 1199 sit,
1670 1133 1867 1203 proiectodubi·

1010 1207 1092 1269 tabit,
1107 1214 1203 1263 utrum
1216 1207 1376 1278 penultima
1389 1207 1477 1278 hujus
1488 1205 1581 1260 verbi
1598 1205 1720 1277 syllaba
1756 1205 1867 1259 reducen-

1012 1280 1047 1334 da
1065 1279 1111 1347 sit,
1126 1280 1161 1334 ab
1173 1295 1206 1333 eo
1222 1279 1299 1349 quod
1314 1282 1356 1333 est
1370 1279 1466 1348 lepos;
1483 1294 1527 1332 an
1545 1276 1584 1331 ab
1603 1292 1644 1330 εε
1658 1293 1724 1349 quo
1760 1281 1799 1330 εει
1810 1276 1866 1347 lepos

1011 1351 1200 1422 corripienda.
1221 1350 1312 1415 Quam
1332 1348 1439 1403 scilicet
1461 1365 1526 1403 non
1547 1352 1715 1418 pateretur
1733 1347 1865 1419 ambagem.

1010 1421 1033 1475 si
1049 1422 1241 1476 accusativum
1257 1421 1342 1491 liujus
1360 1419 1491 1474 nominis
1515 1435 1629 1474 casnm
1652 1435 1728 1474 voce
1750 1419 1865 1489 loquenn's

1010 1493 1161 1563 acciperet.
1177 1492 1259 1557 Quod
1281 1494 1304 1547 si
1329 1490 1392 1562 quis
1416 1490 1505 1557 dicat,
1523 1491 1716 1562 loquentem
1736 1492 1805 1544 male
1819 1507 1865 1560 pro·

1009 1564 1142 1618 nuntiare
1162 1563 1302 1634 potuisse;
1322 1563 1382 1632 jam
1396 1578 1454 1617 non
1472 1562 1699 1632 ambiguitate,
1718 1561 1768 1616 sed
1789 1561 1862 1615 obsca-

1009 1635 1094 1689 ritate
1109 1633 1299 1706 impediretur
1310 1634 1433 1689 auditor.
1445 1634 1484 1687 Ex
1500 1632 1556 1688 illo
1568 1640 1680 1687 tamen
1698 1648 1800 1703 genere
1810 1634 1862 1703 quod

1010 1706 1146 1777 ambiguo
1168 1706 1262 1760 simile
1285 1710 1337 1774 est,
1355 1705 1422 1776 quia
1442 1705 1524 1759 male
1546 1704 1648 1759 latine
1672 1704 1862 1774 pronuntiatus

1009 1777 1138 1844 verbum,
1154 1793 1213 1831 non
1230 1777 1259 1831 in
1283 1776 1407 1830 diversas
1427 1775 1562 1829 rationes
1589 1775 1692 1830 trahit
1705 1776 1861 1846 cogitantem,

1009 1849 1057 1903 sed
1072 1848 1106 1903 ad
1123 1848 1151 1902 id
1167 1848 1243 1920 quod
1259 1852 1378 1919 apparet
1392 1847 1431 1901 im
1454 1846 1531 1901 ellit.
1549 1847 1634 1902 Cum
1660 1846 1754 1917 igitur
1767 1847 1814 1900 ista
1824 1847 1861 1900 ιιι

1009 1934 1115 1990 genera
1125 1919 1200 1973 inter
1214 1935 1243 1973 se
1258 1919 1415 1989 plurimum
1446 1918 1552 1986 istent,
1571 1918 1716 1988 primum
1731 1934 1813 1987 genus
1820 1933 1860 1971 ιιι·

1009 2006 1056 2044 sus
1075 1991 1105 2044 in
1125 1991 1181 2044 duo
1201 1989 1337 2045 dividitur
1352 2005 1358 2043 :
1376 2005 1442 2043 nam
1463 1988 1625 2060 quidquid
1648 1989 1767 2055 dicitnr,
1786 1994 1811 2043 ει
1828 2004 1861 2059 per

1008 2061 1092 2132 plura
1112 2061 1236 2131 intelligi
1251 2066 1352 2131 potest,
1377 2060 1479 2114 eadem
1503 2059 1628 2115 scilicet
1647 2061 1737 2130 plura
1760 2067 1806 2114 ant
1822 2075 1861 2113 nno

1008 2131 1144 2186 vocabulo
1159 2139 1187 2187 et
1206 2148 1264 2186 una
1279 2130 1537 2202 interpretatione;
1553 2137 1615 2185 aut
1641 2137 1760 2186 tantum
1775 2147 1824 2185 nno
1834 2137 1860 2184 te

1008 2208 1115 2258 nentur
1138 2204 1287 2269 vocabulo,
1309 2203 1357 2257 sed
1377 2201 1501 2256 diversis
1523 2202 1776 2274 expeditionibus
1795 2202 1859 2272 expli·

1008 2275 1173 2328 cantualis
1195 2291 1259 2344 qure
1281 2291 1337 2327 una
1360 2271 1492 2328 delinitio
1516 2279 1626 2344 potest
1653 2273 1808 2337 includere,
1819 2273 1860 2326 nni

1008 2361 1078 2399 voca
1099 2345 1300 2399 nominantur:
1316 2343 1373 2398 illis
1392 2349 1489 2398 autem
1507 2361 1582 2414 quae
1610 2344 1670 2399 snb
1687 2361 1748 2400 uno
1770 2344 1859 2399 nomae

1008 2431 1121 2470 necesse
1155 2421 1197 2470 est
1224 2415 1342 2469 delinire
1366 2415 1488 2482 diverse,
1518 2416 1679 2488 aequivoci
1705 2432 1806 2471 nomen
1824 2419 1858 2468 st

1008 2487 1090 2541 Prius
1104 2502 1171 2558 ergo
1186 2487 1399 2541 consideremus
1413 2486 1553 2554 univoca,
1573 2493 1613 2542 ut
1629 2488 1780 2559 quomodo
1793 2502 1858 2551 ιιειιε

1007 2558 1061 2611 ιιεε
1073 2559 1134 2629 jam
1154 2558 1326 2628 patefactum
1348 2562 1399 2623 est,
1416 2557 1591 2613 illustretur
1618 2558 1772 2630 exemplis.
1787 2557 1858 2612 lieni

1007 2644 1073 2683 nem
1091 2644 1156 2683 cum
1172 2629 1300 2694 dicimus,
1317 2634 1377 2682 tam
1396 2644 1524 2699 puerum
1545 2629 1686 2684 dicimus
1710 2647 1792 2703 quam
1802 2634 1859 2700 jure-

1006 2705 1373 2771 nem,quan1senem,tam
1391 2700 1515 2753 stultum
1528 2717 1631 2771 quam
1644 2701 1857 2772 sapientemun

1007 2786 1144 2841 magnum
1153 2787 1238 2842 qnam
1252 2787 1380 2842 pervum,
1392 2774 1451 2824 tam
1462 2769 1562 2825 civem
1576 2789 1676 2844 quam
1688 2773 1856 2844 peregrinum

1006 2846 1064 2896 tam
1082 2842 1223 2896 urbanum
1238 2859 1324 2914 quom
1335 2848 1489 2912 agrestem,
1503 2846 1569 2896 tam
1584 2845 1641 2915 qni
1655 2846 1720 2914 jam
1735 2844 1855 2914 lnitqnan

1007 2912 1057 2982 qui
1072 2929 1148 2967 nunc
1163 2918 1214 2979 est,
1230 2919 1288 2968 tam
1304 2915 1449 2968 sedentem
1462 2929 1559 2984 quarn
1579 2921 1726 2982 stantem,
1740 2920 1793 2970 tam
1805 2913 1855 2968 diri·

1006 2987 1063 3037 tem
1080 2999 1166 3054 quam
1180 3000 1346 3055 pauperem,
1358 2990 1417 3037 tam
1429 2988 1576 3054 agentem
1589 2986 1710 3057 aliquid
1724 3002 1803 3058 quam
1814 3001 1854 3038 cce

1005 3060 1126 3120 sentem,
1134 3061 1190 3109 tam
1200 3057 1370 3126 gaudentem
1381 3071 1468 3126 quam
1479 3063 1669 3112 moerentem
1680 3059 1727 3113 rel
1737 3064 1851 3111 ιιειιιειι.

1004 3124 1056 3180 Sed
1073 3126 1102 3178 iu
1118 3126 1161 3180 his
1175 3127 1308 3180 omnibus
1324 3125 1498 3180 dictionibus
1515 3128 1599 3182 nihil
1616 3133 1674 3195 cst,
1689 3129 1766 3201 qnod
1779 3131 1854 3182 nonnt

1005 3196 1130 3252 bominis
1145 3213 1251 3251 nomen
1264 3197 1382 3267 accepit,
1393 3197 1433 3251 ita
1447 3197 1540 3251 etiam
1560 3200 1701 3254 hominis
1717 3199 1854 3254 delinitione

1006 3268 1170 3323 claudatur:
1189 3284 1254 3322 nam
1271 3268 1399 3323 delinitio
1423 3267 1561 3324 bominis
1578 3276 1637 3338 est,
1653 3271 1771 3326 Animal
1792 3270 1854 3324 ratio·

1006 3339 1080 3401 nale,
1098 3341 1218 3394 mortale
1235 3356 1241 3394 ι
1258 3356 1315 3394 non
1332 3355 1399 3409 ergo
1414 3339 1579 3411 quisquam
1598 3347 1703 3413 potest
1715 3343 1803 3397 dicere
1812 3338 1854 3394 ani·

1005 3410 1062 3464 mal
1088 3410 1224 3465 rationale
1247 3411 1366 3464 mortale
1387 3411 1528 3480 juvenem
1556 3416 1695 3476 tantum,
1716 3430 1775 3469 non
1792 3412 1853 3467 etian

1005 3496 1102 3534 senem
1132 3487 1159 3535 et
1184 3497 1317 3552 puerum,
1347 3486 1412 3548 etc,
1441 3486 1492 3536 aui
1526 3485 1707 3554 sapientam
1734 3501 1790 3539 esse
1810 3490 1853 3537 tau

1005 3555 1076 3616 tum,
1093 3568 1152 3605 non
1169 3552 1255 3606 ctiam
1270 3553 1403 3617 stultum;
1420 3551 1481 3606 imo
1495 3557 1525 3606 et
1554 3553 1616 3611 ista
1632 3561 1664 3611 ει
1688 3563 1797 3621 εεειειι,

1004 3628 1155 3679 numerata
1169 3628 1246 3690 sunt,
1262 3623 1333 3678 sicut
1346 3622 1472 3677 hominis
1492 3626 1638 3692 nomine,
1656 3628 1701 3682 ita
1714 3568 1854 3682 etiamid}

1004 3693 1114 3749 nitione
1129 3694 1330 3749 continentur:
1346 3710 1412 3748 nam
1427 3693 1488 3749 sive
1503 3711 1598 3766 puer,
1614 3698 1678 3754 sive
1695 3701 1802 3759 stultns,
1814 3697 1854 3750 sire

1003 3780 1124 3889 pauper,
1132 3766 1189 3820 sive
1201 3766 1287 3820 etiam
1297 3766 1454 3831 dormiens,
1462 3766 1486 3819 si
1496 3767 1617 3823 animal
1624 3771 1770 3825 rationale
1778 3774 1854 3824 morte

1015 3837 1373 3903 enoncst311ecbomoest.
1384 3838 1537 3891 Estautem
1549 3840 1648 3895 homo
1658 3838 1853 3913 ;illaigitnrde

1003 3906 1134 3961 linitione
1149 3908 1328 3963 contineatur
1337 3923 1450 3962 necesse
1463 3911 1515 3962 cst.
1534 3911 1572 3966 Et
1586 3912 1625 3966 de
1636 3914 1756 3968 εεειειιε
1765 3911 1854 3984 ιιειιιειι

1003 3977 1074 4032 nibil
1091 3978 1263 4050 ambigitur:
1279 3979 1313 4033 de
1328 3995 1416 4050 puero
1426 3984 1528 4033 autem
1542 3997 1643 4051 parvo
1660 3989 1717 4039 aut
1731 3986 1816 4041 stulto,
1826 3981 1854 4032 si·

1002 4064 1035 4102 vc
1050 4065 1165 4119 prorsus
1181 4050 1270 4118 iatuo,
1286 4056 1334 4104 aut
1348 4051 1383 4105 de
1401 4050 1585 4119 dormiente,
1603 4055 1653 4108 vel
1670 4056 1763 4121 ebrio,
1776 4053 1814 4107 vol
1824 4051 1854 4104 ir·

1002 4126 1082 4174 rente
1106 4119 1231 4174 dubitari
1246 4125 1348 4192 potest,
1365 4121 1511 4192 quomodo
1535 4130 1674 4193 possunt
1691 4143 1754 4182 esse
1769 4126 1855 4180 anne

1002 4189 1041 4245 lia
1056 4190 1218 4259 rationalia,
1230 4191 1316 4246 etiam
1332 4190 1356 4245 si
1370 4191 1459 4262 possit
1476 4192 1616 4255 delendi,
1630 4199 1686 4252 sed
1704 4199 1740 4253 ad
1753 4198 1855 4266 aliapre

1001 4262 1171 4331 parantibus
1185 4263 1306 4333 longum
1327 4266 1369 4316 est
1393 4263 1434 4315 Ad
1451 4262 1481 4317 id
1497 4271 1585 4334 quod
1607 4269 1716 4338 agitur
1731 4269 1797 4323 illud
1810 4263 1856 4320 sstb

1002 4335 1054 4399 est,
1069 4349 1126 4386 non
1145 4349 1206 4387 esse
1222 4333 1306 4388 istam
1322 4333 1523 4388 definitionem
1542 4336 1686 4393 bominis
1702 4348 1814 4395 rectam.
1826 4334 1856 4389 ni·

1001 4402 1024 4457 si
1040 4408 1068 4456 et
1082 4404 1176 4458 omnis
1190 4404 1276 4459 homo
1292 4405 1390 4459 eadem
1402 4404 1607 4471 contineatur,
1626 4416 1660 4466 et
1671 4419 1780 4482 prater
1791 4406 1856 4464 toni

1000 4489 1067 4528 nem
1083 4474 1166 4530 nihil.
1184 4476 1247 4529 Hace
1262 4480 1330 4530 sunt
1354 4475 1442 4546 igitur
1457 4476 1601 4548 univoca,
1617 4497 1693 4552 qnae
1717 4499 1775 4538 non
1788 4481 1857 4535 solun

1000 4545 1117 4599 nomine
1133 4562 1200 4612 nno,
1218 4547 1268 4601 sed
1286 4562 1342 4602 una
1357 4545 1441 4601 etiam
1457 4548 1600 4617 ejusdem
1617 4554 1757 4608 nominis
1779 4549 1857 4608 delini·

999 4616 1079 4670 tione
1094 4617 1268 4671 clauduntur
1283 4634 1289 4672 :
1303 4617 1434 4688 quamvis
1448 4622 1477 4671 et
1491 4618 1577 4674 inter
1591 4639 1623 4676 se
1642 4626 1782 4696 propriis
1790 4618 1858 4679 noni·

1000 4686 1084 4741 nibus
1112 4692 1141 4742 et
1170 4687 1387 4743 delinitionibus
1415 4687 1563 4760 distingui
1593 4701 1740 4765 possunt.
1769 4696 1857 4752 utras

1000 4758 1078 4813 enim
1100 4758 1229 4826 nominc,
1254 4776 1337 4831 puer,
1354 4759 1532 4823 adolescens,
1550 4763 1640 4819 dives
1655 4772 1689 4822 et
1704 4782 1820 4840 pauper,
1836 4761 1856 4817 li·

1000 4829 1052 4884 ber
1066 4834 1095 4884 et
1120 4846 1227 4896 servus,
1245 4837 1272 4884 et
1287 4830 1311 4885 si
1326 4831 1402 4902 quod
1418 4830 1498 4885 aliud
1518 4832 1772 4894 differentiarum
1787 4837 1856 4897 cstti

999 4899 1118 4955 interae
1138 4901 1203 4955 ideo
1221 4902 1352 4973 proprias
1366 4901 1556 4958 definitiones
1578 4906 1741 4965 habebunt
1759 4927 1766 4965 :
1786 4908 1856 4964 sein

999 4970 1055 5026 illis
1070 4988 1161 5026 unum
1177 4989 1329 5027 commune
1345 4989 1450 5027 nomen
1466 4977 1510 5028 cst
1526 4974 1639 5045 bomo,
1658 4981 1702 5035 sic
1718 4980 1855 5037 animata

999 5041 1106 5098 tionale
1122 5045 1242 5098 mortale
1260 5043 1387 5099 delinitio
1402 5059 1460 5098 nna
1483 5050 1665 5106 communis
1681 5058 1738 5109 cst.

1066 5116 1178 5169 CAPUT
1198 5115 1227 5170 ll.
1249 5146 1283 5156 -
1302 5115 1478 5181 Ambipuitas
1491 5131 1528 5171 ece
1541 5122 1708 5188 aquicocis
1723 5125 1809 5178 caua

1034 5186 1115 5241 Nunc
1130 5186 1277 5257 {equivoco
1293 5187 1449 5251 videamus,
1466 5186 1496 5240 in
1512 5191 1630 5259 quibns
1647 5196 1854 5267 ambiguitatum

998 5256 1145 5337 perplexio
1168 5273 1258 5329 prope
1273 5257 1386 5312 infinita
1408 5258 1559 5315 silvescit:
1578 5266 1723 5321 conabor
1736 5272 1855 5321 tamena

998 5342 1029 5381 ιιι
1052 5344 1159 5397 genera
1181 5334 1257 5382 certa
1271 5329 1457 5399 distinguere.
1476 5329 1584 5387 Utrum
1609 5342 1722 5392 autem
1743 5340 1855 5391 conatos

998 5413 1094 5452 meum
1110 5399 1173 5453 lucc
1188 5399 1307 5455 facultas
1330 5405 1475 5471 sequatur,
1491 5404 1525 5456 ιιι
1541 5403 1714 5473 judicabis.
1729 5403 1855 5474 Ambigni·

999 5473 1092 5523 tatum
1109 5470 1208 5540 igitur,
1224 5487 1289 5542 quae
1304 5471 1339 5525 ab
1353 5470 1508 5542 aequivocis
1522 5476 1668 5545 veniunt,
1679 5479 1778 5551 primo
1791 5488 1855 5548 ιιεε

997 5555 1030 5594 ra
1045 5541 1099 5595 tria
1114 5545 1181 5596 sunt
1197 5557 1204 5596 :
1220 5557 1311 5596 unum
1326 5541 1361 5597 ab
1377 5546 1449 5610 arte,
1465 5543 1594 5600 alterum
1614 5548 1656 5604 ab
1673 5567 1741 5618 usn,
1759 5546 1855 5606 ιειιιιιιι

998 5611 1033 5666 ab
1048 5617 1187 5684 utroque.
1205 5615 1273 5668 Arte
1288 5629 1366 5669 nunc
1387 5612 1462 5683 dico,
1477 5621 1603 5688 propter
1621 5621 1750 5677 nomina
1764 5616 1856 5693 quein

997 5682 1153 5739 verborum
1171 5683 1331 5759 disciplinis
1345 5684 1440 5741 verbis
1454 5684 1671 5767 imponuntur.
1687 5693 1783 5750 Aliter
1794 5687 1856 5746 enin

997 5751 1137 5812 delinitur
1150 5756 1228 5828 apud
1242 5755 1443 5830 grammaticos
1456 5756 1529 5830 qnid
1544 5759 1585 5818 sit
1597 5762 1800 5837 aequivocum,
1812 5757 1854 5817 eli·
