3884 6112
64 290 94 341 tl
743 290 929 346 PRAEFATIO
949 291 1153 347 tenuantis.
1794 301 1827 353 it

99 409 244 464 Craterum
257 413 291 464 nt
315 411 405 465 solem
425 411 544 483 gratiam
559 412 704 468 victricem
719 418 747 469 et
760 418 906 470 actuosam
920 415 1064 471 vocabulis
1077 416 1147 486 istis,
1162 433 1221 487 que
1234 421 1344 488 proprie
1358 422 1451 486 arctio
1466 425 1516 485 est,
1532 420 1585 475 hoc
1603 422 1665 476 loco
1681 427 1709 478 at
1724 422 1827 479 simili-

63 498 117 551 bus
131 498 292 568 designarit
304 499 492 569 Augustinus,
508 500 578 555 falso
587 500 652 572 quis
666 501 731 557 inde
741 502 888 573 colligeret
899 505 994 560 locum
1009 522 1066 560 non
1081 505 1206 577 relinqui
1218 506 1284 561 ullis
1296 507 1359 562 aliis
1374 508 1534 578 adjutoriis,
1545 510 1642 580 qualia
1651 514 1718 565 sunt
1730 510 1825 566 inciti-

63 588 140 643 cacia
154 594 184 644 et
198 605 286 643 sensu
311 589 525 645 Tbomistarum
538 589 720 646 sufficientia.
742 593 831 663 liujus
846 594 959 664 generis
980 594 1085 665 gratias
1109 594 1185 649 baud
1204 595 1289 651 dubie
1310 597 1438 668 agnoscit
1452 601 1566 652 sanctus
1582 600 1699 665 Praesul,
1715 616 1825 672 nosque

63 694 127 732 curn
143 679 208 748 ipso
223 694 305 733 veras
320 682 349 734 et
360 678 477 750 proprie
492 679 581 733 dictas
593 682 773 750 prolitemnr.
790 681 846 735 Nec
858 681 944 736 refert
955 683 1032 754 qnod
1048 682 1139 737 rarior
1151 682 1192 737 illi
1207 683 1242 737 de
1252 682 1313 738 istis
1323 686 1530 754 posterioribus
1545 687 1665 753 mentio,
1681 693 1730 743 ant
1744 689 1823 760 qnod

62 768 231 822 nominibus
246 767 309 823 aliis
324 768 399 840 ipsas
413 769 582 841 plerumque
597 771 731 841 appellet,
747 770 854 826 scilicet
868 772 1040 844 quandoque
1055 772 1218 826 uoluntatem
1236 787 1362 841 portium,
1379 773 1552 846 quandoque
1570 792 1686 844 parrum
1701 778 1823 832 alteritu-

63 863 125 923 trm,
145 860 289 923 minorem,
312 857 475 927 insolidum,
495 859 691 928 imperfectum.
707 859 850 915 vocabula
868 860 940 916 nibil
955 861 990 916 de
1010 876 1041 914 re
1063 860 1123 931 ipsa
1138 861 1300 915 detrahunt.
1318 864 1398 918 Certa
1414 862 1581 919 charitatem
1596 882 1713 936 parvam
1729 870 1756 921 et
1771 867 1825 921 im-

65 946 220 1014 perfectam
236 944 268 999 in
287 947 371 1000 Petro
390 947 425 1002 de
444 962 471 1002 se
490 952 680 1018 presumente
699 948 807 1003 donum
823 950 873 1003 Dei
886 953 1049 1005 constanter
1063 953 1155 1016 vocat,
1172 948 1243 1004 libro
1258 949 1292 1003 de
1310 950 1406 1005 Gratia
1420 956 1448 1005 et
1462 952 1563 1006 libero
1578 953 1713 1021 Arbitrio,
1731 954 1825 1025 capite

65 1033 324 1105 decimoseptimo.
340 1036 375 1090 Ut
388 1035 518 1090 omittam
534 1035 660 1102 interim,
677 1037 751 1108 quod
766 1037 858 1092 omnis
871 1038 945 1093 bona
960 1037 1089 1092 voluntas
1103 1041 1198 1090 sancto
1215 1038 1326 1093 Ductori
1341 1055 1399 1092 non
1413 1040 1503 1110 possit
1515 1057 1575 1095 esse
1590 1044 1698 1114 absque
1713 1044 1823 1113 gratia:

65 1122 141 1194 qnod
157 1126 187 1177 et
201 1122 237 1178 ad
251 1138 333 1177 oram
347 1123 462 1192 codicis,
476 1125 526 1179 ubi
540 1141 569 1179 se
585 1126 652 1181 tulit
667 1125 788 1194 occasio,
804 1132 902 1183 notare
915 1143 975 1182 non
989 1125 1239 1197 pretermisimus.

99 1231 201 1300 Neque
227 1245 293 1284 vero
317 1230 436 1302 aequiori
450 1231 484 1286 de
499 1248 583 1286 cansa
602 1232 636 1287 lis
651 1232 801 1288 adversum
823 1250 873 1288 nos
888 1236 1030 1298 movetur,
1048 1233 1127 1304 quod
1142 1234 1296 1288 urrioersurn
1311 1234 1411 1289 diuina
1424 1238 1521 1303 pratia
1542 1241 1712 1293 nco-raomiom
1736 1241 1825 1296 oculis

64 1317 167 1388 subjici
181 1318 254 1372 libro
269 1317 305 1372 de
325 1318 509 1389 Correptione
524 1324 553 1375 et
567 1320 662 1375 Gratia
681 1321 925 1376 admonuerimus.
943 1321 1038 1375 Primo
1053 1320 1082 1375 id
1102 1321 1226 1376 mutuati
1246 1338 1344 1375 somus
1358 1321 1393 1376 ab
1413 1321 1570 1377 clarissimo
1586 1329 1614 1378 et
1629 1325 1823 1380 eruditissimo

62 1407 283 1477 Augustinianne
304 1406 440 1462 doctrinas
463 1407 573 1463 vindice
593 1413 622 1463 et
639 1409 793 1481 interprete
809 1409 858 1481 (o),
873 1409 1057 1485 cujusverba
1076 1413 1105 1464 et
1126 1425 1241 1463 sensum
1261 1410 1448 1465 reddidimus.
1469 1411 1606 1478 Secundo,
1624 1414 1703 1468 nullo
1723 1414 1779 1469 alio
1795 1415 1825 1471 in

62 1511 151 1565 opere
168 1494 272 1566 majori
286 1511 353 1550 cnm
366 1497 428 1551 luce
442 1496 578 1566 explicuit
593 1497 783 1569 Hipponensis
796 1499 904 1555 Praesul
916 1496 1077 1553 discrimina
1092 1498 1218 1553 hominis
1233 1497 1333 1554 stantis
1349 1504 1378 1553 et
1388 1499 1559 1567 innocentis,
1575 1506 1603 1555 et
1615 1502 1742 1557 hominis
1753 1504 1825 1576 lapsi

62 1588 89 1637 et
112 1583 204 1638 noxii.
229 1585 334 1654 Tertio,
358 1601 456 1639 causas
470 1586 671 1656 perseverandi
693 1587 734 1641 rel
761 1603 821 1642 nou
835 1588 1035 1659 perseverandi
1055 1587 1086 1642 in
1106 1592 1228 1659 utroque
1243 1591 1316 1641 statu
1338 1603 1479 1659 nusquam
1495 1589 1662 1660 diligentius
1675 1592 1822 1662 expressit.

64 1673 194 1744 lienique
209 1673 469 1745 predestinationis
478 1680 593 1730 aeternio
608 1676 683 1730 circa
697 1677 801 1731 electos
812 1676 1009 1732 inconcussam
1022 1676 1182 1731 doctrinam
1192 1675 1355 1731 admirabili
1368 1677 1538 1748 compendio
1551 1679 1698 1748 pertonuit
1709 1679 1738 1734 iu
1748 1679 1824 1735 dicto

63 1757 146 1811 libro.
172 1758 229 1814 Cur
249 1759 339 1830 igitur
352 1759 421 1815 vitio
441 1763 484 1816 vel
505 1763 618 1817 crimini
638 1763 722 1819 datur
741 1764 807 1830 dici,
822 1764 899 1819 hunc
912 1764 1019 1820 librum
1039 1764 1202 1819 universam
1222 1765 1322 1835 gratia
1341 1765 1532 1821 oeconomiam
1547 1768 1714 1838 complectit
1730 1769 1782 1824 Ubi
1795 1773 1825 1823 ot

62 1847 158 1901 obiter
171 1845 242 1902 illnd
258 1849 437 1919 profitemur,
453 1850 588 1922 opusculi
602 1852 729 1924 ejusdem
744 1853 914 1923 analyticam
933 1853 1080 1924 synopsim
1099 1853 1196 1907 insciis
1212 1853 1374 1924 Praeposilis
1388 1854 1492 1908 nostris
1506 1855 1681 1925 publicatam
1698 1873 1705 1911 t
1721 1857 1751 1911 in
1767 1872 1824 1928 quo
1845 1910 1855 1924 ‚

64 1934 257 2007 llagitantinm
273 1937 351 1993 illam
366 1940 558 2011 quorumdam
573 1942 714 1997 voluntati
728 1958 839 1996 moreni
852 1958 951 2013 gerere
967 1959 996 1997 se
1011 1957 1094 2012 posse
1107 1941 1260 1996 arbitratus
1274 1946 1402 1996 estuans
1416 1957 1431 1995 e
1447 1942 1560 2008 nostris,
1577 1959 1642 1997 cnm
1657 1948 1754 1999 tamen
1771 1961 1823 1999 nec
1902 1948 1904 1953 '

63 2024 102 2078 illi
113 2041 169 2078 nec
183 2026 267 2080 nobis
281 2027 433 2083 consilinm
447 2028 547 2084 inisset
560 2030 730 2101 particulam
743 2031 827 2085 istam
837 2031 970 2087 universo
986 2030 1067 2102 operi
1080 2029 1265 2101 premittere,
1282 2048 1298 2084 a
1312 2031 1394 2100 cujus
1408 2031 1554 2102 proposito
1570 2030 1694 2086 alienam
1710 2048 1782 2100 esse,
1794 2038 1824 2088 et

64 2113 96 2167 nd
106 2113 137 2169 id
148 2114 227 2185 quod
235 2116 375 2187 agebatur
387 2117 507 2172 minime
516 2118 708 2189 pertinentem
722 2135 782 2174 non
792 2120 873 2175 inriti
885 2119 1076 2191 agnoscimus.
1088 2120 1185 2190 Neque
1196 2118 1274 2174 enim
1286 2118 1508 2173 commentarios
1520 2123 1570 2174 aut
1581 2120 1735 2191 analyticas
1747 2137 1823 2176 snm-

64 2220 125 2258 mas
138 2205 223 2262 edere
245 2205 359 2261 animus
372 2207 426 2263 init
438 2208 469 2263 in
482 2224 570 2293 opera
583 2209 674 2264 sancti
696 2210 831 2265 bnatoris.
856 2212 997 2266 Caeterum
1012 2209 1047 2263 de
1065 2207 1210 2279 praedictae
1232 2208 1390 2278 analyseos,
1414 2224 1478 2280 quae
1493 2224 1557 2262 com
1572 2209 1739 2263 anctoritate
1753 2209 1823 2264 olim

63 2289 220 2360 prodierat,
234 2291 369 2360 utilitate,
386 2295 489 2364 pretio,
504 2295 569 2362 tide,
583 2296 620 2351 ad
634 2312 687 2351 nos
702 2296 795 2352 dicere
811 2314 870 2352 non
884 2298 1000 2365 attinet,
1017 2313 1083 2353 cum
1097 2297 1233 2352 harumce
1248 2312 1346 2351 rerum
1361 2298 1516 2367 praesulum
1531 2297 1682 2353 arbitrium
1698 2313 1758 2353 essa
1772 2298 1822 2354 da·

63 2378 135 2443 beat,
150 2395 211 2434 non
224 2379 414 2451 privatorum,
431 2383 529 2455 quales
544 2400 652 2440 sumus.

95 2488 163 2541 Post
178 2503 213 2542 ea
226 2503 293 2543 vero
307 2505 371 2560 quac
385 2489 520 2559 diximus,
536 2491 643 2547 morari
658 2509 832 2565 quemquam
848 2509 906 2548 non
920 2489 1015 2560 debet,
1028 2491 1086 2546 sive
1101 2491 1178 2562 qnod
1191 2490 1264 2546 libro
1275 2491 1310 2546 de
1325 2491 1509 2562 Correptione
1524 2496 1552 2547 et
1567 2493 1673 2561 Gratia,
1689 2493 1726 2548 nd
1740 2509 1819 2548 nter-

62 2576 158 2645 ginem
173 2577 277 2648 capitis
289 2579 416 2645 secundi,
432 2579 531 2651 gratias
545 2580 652 2635 efficaci
668 2597 773 2636 nomen
787 2585 883 2651 praete
892 2582 994 2640 Cirristi
1004 2579 1149 2650 precipua
1161 2578 1285 2651 quadam
1297 2579 1406 2634 ratione
1420 2579 1553 2634 tribuisse
1565 2580 1616 2635 visi
1631 2597 1730 2636 sumus
1741 2597 1748 2635 :
1760 2580 1818 2637 sire

62 2665 136 2736 qood
153 2665 184 2720 in
200 2666 273 2721 libro
287 2669 322 2722 de
337 2668 432 2723 Gratia
446 2669 550 2723 Christi
564 2669 804 2726 insinuaverimus
818 2687 954 2726 cantasse
969 2669 1150 2739 definitionem
1162 2670 1259 2736 prutiae
1274 2669 1387 2737 Christi,
1403 2684 1490 2738 quam
1506 2668 1563 2723 illic
1582 2668 1664 2723 affert
1677 2669 1704 2724 S.
1721 2671 1819 2740 Augu·

61 2753 160 2821 atinus,
177 2755 295 2824 scilicet,
315 2759 529 2828 inspirationem
548 2761 764 2816 luminosissima
783 2765 807 2815 et
829 2761 1026 2816 ardentissime
1041 2759 1204 2813 claritatis:
1221 2757 1278 2811 sive
1300 2757 1417 2812 demum
1434 2757 1510 2828 quod
1525 2757 1561 2810 ad
1576 2762 1661 2829 caput
1676 2758 1821 2813 decimum

60 2843 175 2899 tertium
191 2840 320 2915 ejusdem
333 2846 401 2901 libri
415 2851 545 2903 notatum
559 2848 606 2918 sit,
622 2849 701 2915 Quod
713 2851 762 2919 qui
774 2865 823 2919 per
835 2851 957 2918 prolium
972 2847 1080 2912 didicit,
1096 2850 1163 2915 aput
1174 2847 1280 2900 omniuo
1294 2845 1432 2915 quidquid
1443 2845 1577 2912 opendum
1590 2846 1703 2913 didicit;
1716 2850 1754 2912 ot,
1766 2847 1822 2913 Qui

59 2947 105 3001 prr
118 2936 244 3000 pretium
258 2935 367 3001 dedicit,
379 2937 467 2999 uenit·
484 2938 532 3005 qui
545 2951 599 2991 noa
612 2939 692 2998 venit,
707 2951 759 2991 nou
773 2936 881 2991 didicit.
898 2936 964 2991 liaec
977 2934 1054 2990 enim
1069 2939 1098 2989 et
1110 2935 1166 2989 alia
1179 2933 1355 3004 hujusmodi,
1371 2949 1435 3004 qnae
1455 2932 1553 3004 gratiae
1576 2933 1683 2988 ellicaci
1698 2934 1820 2989 maxime

60 3020 242 3088 conveniunt,
258 3022 334 3078 dicta
347 3028 415 3078 sunt
428 3024 536 3096 absque
551 3023 723 3080 detrimento
736 3024 853 3079 alterius
866 3041 941 3080 verae
963 3028 991 3080 et
1004 3023 1148 3079 interioris
1172 3021 1283 3093 gratia,
1300 3023 1347 3077 sed
1363 3022 1465 3077 ellectu
1484 3039 1536 3077 suo
1550 3023 1684 3094 carentis,
1700 3023 1818 3096 qualem

59 3115 122 3178 post
136 3116 269 3165 sanctum
282 3113 475 3183 Augustinnm
489 3113 584 3168 schola
595 3112 805 3168 Thomistarum
816 3118 989 3184 propugnat.
1007 3113 1077 3167 llinc
1091 3111 1178 3166 solius
1191 3111 1291 3182 gratias
1305 3109 1427 3166 victricis
1442 3115 1471 3166 et
1485 3111 1618 3166 maxima
1627 3111 1755 3182 inopiam
1770 3116 1820 3167 aut
1907 3115 1910 3119 ’

61 3198 298 3254 substractionem
312 3200 472 3271 significare
486 3202 628 3257 voluimus
640 3202 676 3256 ad
691 3201 797 3256 librum
817 3200 975 3256 secundum
989 3201 1023 3256 de
1039 3201 1222 3255 Peccatorum
1243 3198 1348 3254 blerltis
1361 3204 1389 3254 et
1402 3198 1592 3265 Remissione,
1609 3199 1660 3254 ubi
1674 3216 1740 3255 cnm
1755 3216 1818 3256 san·
1880 3250 1882 3255 .

60 3293 119 3341 ctus
134 3289 241 3344 lloctor
258 3290 390 3362 inquirit,
405 3307 453 3345 cur
466 3294 605 3347 victricem
625 3292 825 3346 delectationem
846 3305 899 3345 non
920 3290 1053 3356 omnibus,
1073 3290 1114 3344 cel
1133 3304 1185 3343 nori
1207 3304 1309 3359 semper
1332 3291 1433 3343 solertis
1448 3288 1491 3343 det
1505 3291 1591 3354 Detur
1606 3289 1730 3343 breviori
1744 3289 1818 3344 iorte

60 3377 233 3447 compendio
247 3379 418 3434 sententiam
434 3381 464 3435 in
478 3380 609 3452 margine
624 3380 663 3434 sic
677 3379 869 3450 expressimus
883 3395 890 3433 ε
902 3364 1003 3434 'uratia
1016 3394 1065 3432 cur
1078 3393 1132 3432 nou
1144 3377 1278 3445 omnibus,
1292 3378 1334 3430 oei
1347 3392 1400 3430 uon
1413 3391 1516 3445 seraper·
1537 3379 1638 3431 sanctis
1653 3377 1742 3432 (latur.
1762 3378 1816 3433 Ubi

61 3464 156 3519 addita
172 3467 392 3535 somniauictrie,
402 3469 565 3524 offensionis
582 3487 681 3525 ansam
695 3485 811 3525 omnem
826 3468 950 3524 ablatam
964 3481 1149 3537 cuperemus:
1162 3465 1230 3520 licet
1242 3464 1394 3536 Augustini
1409 3481 1505 3533 sensu,
1519 3480 1610 3535 eoque
1626 3465 1744 3520 minime
1757 3483 1818 3522 em·

60 3551 157 3623 bigno,
175 3570 281 3610 nomen
303 3557 402 3627 gratita
424 3558 590 3630 simpliciter
608 3576 660 3630 pro
684 3558 792 3613 efficaci
812 3555 904 3629 gratia
918 3555 1136 3627 sumpserimus,
1151 3570 1216 3608 curn
1235 3557 1263 3608 et
1276 3553 1307 3607 in
1329 3552 1433 3606 sanetis
1452 3557 1480 3608 et
1498 3553 1528 3606 in
1541 3553 1738 3623 peccatoribus
1752 3570 1817 3610 cuna

60 3646 154 3696 sancto
169 3643 303 3699 Antistite
317 3645 442 3700 minores
456 3646 573 3718 gratias,
589 3663 693 3719 easque
707 3646 878 3703 Tlromistico
894 3659 978 3700 sensu
993 3642 1176 3709 sullicientes,
1192 3641 1385 3696 admittamus.

93 3749 204 3803 Revera
217 3750 279 3821 ejus
303 3752 417 3822 generis
438 3756 543 3824 gratias
561 3753 667 3825 passim
691 3752 877 3824 experiuntur
900 3749 988 3805 etiam
1009 3754 1182 3822 peccatores,
1199 3748 1321 3803 maxime
1344 3748 1374 3802 in
1390 3764 1440 3801 sna
1464 3747 1590 3818 ipsorum
1614 3748 1815 3804 conversione:

59 3838 150 3891 multo
165 3838 261 3892 minus
269 3840 355 3910 justis
369 3857 416 3896 eas
429 3842 553 3912 denegat
568 3842 662 3908 licus;
677 3841 784 3912 quippe
804 3840 854 3911 qni
865 3840 959 3910 justos
972 3854 1025 3893 nou
1039 3838 1148 3905 deserit,
1166 3839 1221 3891 nisi
1232 3840 1313 3906 prius
1327 3837 1361 3890 ab
1377 3838 1415 3889 eis
1430 3836 1579 3890 deseratur.
1598 3837 1654 3890 iioc
1669 3837 1746 3891 enim
1760 3836 1817 3891 dis-

57 3924 167 3979 crimen
182 3929 360 3998 Augustinns
374 3929 449 3985 inter
462 3931 554 3985 ileum
573 3930 777 4001 justificantem
792 3932 821 3983 et
835 3927 980 3983 medicum
994 3931 1143 3984 sanantem
1157 3926 1266 3992 statuit,
1285 3925 1358 3996 quod
1370 3926 1488 3982 medicus
1509 3926 1585 3980 bomo
1606 3940 1666 3979 cum
1680 3925 1817 3979 sonaverit

57 4014 201 4082 bominem,
213 4016 275 4084 jam
286 4017 320 4071 dc
333 4022 426 4073 cetero
440 4018 646 4074 sustentandum
660 4020 794 4074 ebmuetis
818 4021 843 4071 et
858 4018 993 4072 alimentis
1012 4015 1208 4085 corporalibus,
1220 4019 1251 4068 ut
1265 4015 1357 4068 eodem
1375 4017 1481 4069 sonitus
1500 4018 1565 4084 opto
1578 4014 1701 4070 subsidio
1714 4028 1816 4068 couno-

56 4103 151 4167 lrscot,
167 4106 220 4159 Deo
232 4104 355 4160 dimittit.
371 4111 408 4161 At
419 4108 493 4162 Deus
508 4111 661 4178 postquam
675 4107 798 4178 impium
809 4104 1015 4176 justificaverit,
1031 4121 1090 4160 eum
1104 4119 1158 4159 nors
1172 4103 1271 4158 deserit
1288 4105 1314 4158 si
1327 4118 1380 4157 aon
1393 4103 1543 4170 deseratur,
1557 4106 1588 4157 ut
1599 4104 1645 4172 pie
1657 4116 1760 4171 semper
1767 4101 1817 4168 ju-

56 4195 151 4258 steque
164 4195 285 4261 cientur,
297 4193 392 4267 inquit
404 4200 517 4250 sanctus
532 4197 636 4250 lloclor
651 4196 682 4249 in
696 4195 769 4250 libro
784 4194 819 4249 dc
835 4195 940 4248 Natura
953 4198 983 4247 et
996 4193 1101 4260 Gratia,
1114 4193 1206 4263 capite
1219 4191 1356 4263 vigesimo
1372 4195 1458 4245 sexto.

95 4295 170 4350 Cum
182 4295 225 4350 his
238 4297 335 4369 itaque
349 4298 481 4354 subsidiis
496 4299 590 4370 justus
602 4302 807 4370 perseveraret,
824 4297 847 4351 si
865 4296 951 4353 vellet
971 4298 1072 4370 :quod
1091 4314 1159 4353 aero
1179 4296 1260 4364 nolit,
1276 4298 1338 4369 eius
1356 4296 1441 4368 culpa
1460 4301 1510 4358 est,
1532 4295 1646 4350 tametsi
1669 4309 1816 4366 nunquam

55 4385 145 4455 plene
159 4390 188 4439 et
201 4386 450 4454 eiiicacitervolet,
466 4387 521 4442 nisi
536 4387 669 4458 ampliori
684 4390 713 4441 et
726 4386 837 4440 fortiori
853 4385 954 4456 gratiae
973 4387 1115 4456 adjutorio
1129 4386 1272 4442 fulciatur.

93 4493 131 4547 Ex
148 4493 193 4547 his
206 4493 287 4549 facile
301 4494 483 4566 intelligitur,
497 4495 636 4549 sinceram
657 4495 687 4548 in
703 4494 760 4548 lieo
775 4509 836 4548 esse
851 4507 950 4547 omncs
969 4491 1096 4546 salvandi
1119 4491 1251 4546 homines
1266 4491 1460 4545 volontatem:
1477 4504 1563 4561 quam
1576 4489 1751 4543 voluntatem
1765 4487 1817 4541 etsi

55 4582 213 4653 aliqnando
227 4584 261 4637 ad
272 4584 387 4653 electos,
397 4585 490 4639 autad
501 4601 607 4656 genera
616 4582 796 4655 singulorum
807 4581 978 4652 restringere
987 4580 1117 4635 rideatur
1126 4580 1314 4652 Augustinus,
1327 4584 1358 4634 ut
1366 4578 1584 4651 Pelagianornm
1596 4576 1688 4648 pravis
1698 4575 1815 4647 quibus·

54 4673 123 4726 dam
138 4671 169 4724 in
184 4671 237 4725 boc
252 4673 343 4744 capite
359 4672 488 4726 sensibus
499 4676 645 4727 occurrat:
658 4687 717 4726 non
729 4675 825 4725 tamen
840 4669 984 4740 improbat
998 4669 1053 4723 alio
1068 4669 1196 4740 quolibet
1209 4685 1294 4724 sensu
1304 4670 1478 4724 voluntatem
1493 4667 1577 4722 istam
1592 4665 1736 4737 explicari,
1750 4665 1816 4721 dum

55 4769 147 4815 tamur
160 4761 328 4816 carduenos
337 4777 474 4830 copomnr,
486 4761 589 4832 inquit,
603 4760 712 4832 aliquid
724 4762 929 4829 omnipotentem
942 4760 1025 4812 Deum
1034 4761 1095 4827 fieri
1104 4759 1230 4825 uoluisse,
1241 4758 1386 4812 voluntate
1400 4756 1538 4811 nimirum
1550 4756 1688 4820 absoluta,
1700 4757 1816 4821 foetum·

54 4867 169 4921 quinon
180 4866 236 4906 esse
246 4850 340 4921 (Enclt.
354 4867 377 4905 c.
395 4851 465 4919 lus).
476 4850 555 4904 Unde
564 4850 618 4904 alio
631 4851 693 4904 loco
705 4849 868 4921 generalem
884 4845 1037 4919 quandam
1048 4847 1098 4901 liei
1111 4847 1146 4902 de
1156 4846 1286 4901 omnium
1300 4845 1452 4899 bominum
1467 4845 1558 4899 salute
1571 4845 1747 4899 voluntatem
1758 4859 1815 4898 non

54 4941 179 4993 obscure
194 4938 298 5005 innuit,
316 4954 380 4992 cum
395 4938 488 5004 docet,
502 4938 547 4992 Sic
561 4938 626 4992 uelle
638 4941 720 4993 mum
738 4952 827 4992 omnes
843 4937 961 4990 homines
976 4937 1063 4990 saluos
1077 4937 1177 5005 tirrici
1197 4939 1227 4991 iu
1246 4937 1412 5004 opniliouem
1431 4936 1553 4988 ueritatis
1568 4936 1815 4999 restructiones

54 5044 106 5081 uon
122 5027 232 5082 adimat
244 5029 282 5081 cis
297 5026 409 5082 liberum
422 5028 579 5091 arbitrium,
595 5042 647 5095 quo
660 5027 722 5082 bene
737 5028 777 5082 uel
790 5028 861 5081 male
873 5028 975 5080 utentes
991 5024 1144 5094 justissime
1161 5025 1336 5095 judicentur:
1353 5023 1425 5094 quod
1443 5038 1503 5078 cum
1517 5026 1558 5093 fit,
1573 5023 1692 5091 infideles
1707 5021 1815 5092 qiudrm

54 5123 151 5172 ccrrtro
165 5118 330 5171 voluntatem
343 5118 521 5184 britonium,
539 5131 599 5171 cum
613 5115 671 5184 ejus
685 5117 832 5183 Ecoupelio
843 5129 896 5169 aaa
911 5114 1038 5177 creduut:
1054 5130 1100 5169 nec
1114 5114 1174 5168 ideo
1189 5118 1278 5167 tomen
1293 5128 1351 5167 eam
1364 5116 1487 5178 vincuat,
1500 5127 1592 5166 rerum
1606 5127 1634 5165 sc
1646 5113 1718 5181 ipsos
1733 5110 1813 5176 fruu-

53 5208 124 5262 dout
139 5221 237 5273 manno
251 5212 276 5261 et
291 5221 394 5260 summo
414 5206 489 5271 bona,
505 5206 639 5273 malisque
651 5206 803 5275 perentibus
817 5206 971 5275 implicant,
987 5203 1127 5273 reperturi
1141 5204 1171 5256 iu
1185 5203 1329 5272 suppliciis
1342 5206 1502 5271 potestatem
1514 5202 1583 5269 ejus,
1598 5201 1674 5269 cuius
1688 5201 1719 5253 in
1734 5198 1814 5253 donis

55 5294 272 5350 misericordium
292 5298 513 5364 contempserunt.
528 5293 578 5364 (ile
590 5294 664 5363 Spr'r.
680 5298 706 5348 et
720 5295 797 5356 titt..
815 5309 874 5364 cup.
892 5294 947 5364 33).

91 5404 132 5457 lle
148 5406 359 5474 praeceptorum
372 5401 561 5472 possibilitate
576 5403 618 5455 tot
632 5404 661 5455 et
675 5404 734 5454 lam
749 5404 846 5470 aperta
864 5405 931 5455 sunt
949 5400 1038 5454 sancti
1051 5398 1203 5470 Augustini
1218 5399 1392 5465 testimonia,
1408 5402 1440 5453 ut
1455 5413 1487 5451 ea
1502 5397 1556 5451 bnc
1572 5394 1672 5449 afferre
1688 5395 1813 5463 otiosum

57 5492 145 5548 inerit
157 5508 164 5546 :
176 5495 263 5563 negat
277 5495 376 5546 tamen
390 5506 424 5544 ea
437 5488 582 5561 possibilia
592 5504 653 5544 esse
668 5487 703 5542 ad
718 5492 845 5543 mentem
858 5487 1086 5560 Pelagianornm,
1101 5486 1199 5561 quiea
1214 5489 1280 5543 solis
1292 5492 1404 5543 natura
1414 5484 1531 5549 viribus,
1546 5483 1654 5554 absque
1668 5481 1814 5540 interioris

85 5724 124 5785 to)
138 5720 374 5775 Eminentissimua
390 5717 532 5770 cardinalis
546 5719 672 5780 Nanctus,
687 5718 808 5768 Historia
820 5718 968 5782 Pelagianae
984 5718 1052 5769 libro
1065 5723 1087 5778 t,
1104 5731 1163 5781 pag.
1180 5720 1234 5778 tit,
1246 5716 1370 5767 alitionis
1381 5714 1518 5764 Patavina
1533 5716 1596 5765 anni
1616 5719 1685 5766 1673.
