3884 6112
133 223 201 277 1247

132 344 256 401 Sensum
278 339 395 396 suificat
408 340 445 395 A.
461 338 578 404 Quare?
599 339 632 393 Ε.
657 334 729 401 Quia
758 334 862 390 melius
887 333 982 391 estid

134 432 213 506 quod
228 430 315 486 etiam
326 429 405 497 vivit,
420 444 506 500 quam
522 427 552 481 id
567 426 642 498 quod
658 429 771 480 tantum
786 427 837 480 est.

38 502 47 521 ⁸
173 525 216 577 la.
235 521 269 576 A.
287 518 359 584 Quid
370 518 476 573 ‘iillum
491 531 606 570 sensum
621 514 797 582 interiorem,
817 529 903 585 quem
917 512 979 585 qui·

137 612 203 668 dem
217 608 293 664 infre
305 608 456 672 rationem,
471 610 499 659 et
511 605 604 659 adbuc
617 603 702 659 nobis
716 618 899 657 communem
916 618 982 657 cum

136 699 234 756 bestiis
247 697 378 768 superius
394 678 601 765 indagavimus,
618 692 797 748 dubitabisne
807 692 873 746 hoie
887 691 982 746 sensui

136 802 304 861 praeponere
319 800 376 856 quo
398 799 502 854 corpus
518 782 695 854 attingimus,
712 786 840 852 atquem
852 782 913 852 jam
928 781 982 852 ipsi

135 875 245 948 corpori
259 872 486 945 praeponendum
496 870 681 943 essejdixistii
695 873 727 926 E.
741 870 825 925 Nullo
841 870 925 925 modo
934 871 984 925 do-

132 964 292 1021 bitaverim.
309 963 345 1016 A.
361 962 452 1016 Etiam
466 963 522 1016 hoc
538 977 589 1016 cur
604 976 661 1014 non
675 959 797 1028 dubites,
811 959 876 1014 volo
892 959 941 1014 abs
955 962 983 1013 te

135 1053 244 1110 andire.
262 1053 323 1107 Non
343 1051 421 1106 enim
440 1050 550 1122 poteris
565 1049 658 1105 dicere
678 1049 754 1104 hunc
773 1065 889 1104 sensum
912 1047 984 1103 inte-

134 1142 242 1199 riorem
257 1141 318 1214 jam
338 1140 369 1195 in
388 1156 422 1194 eo
438 1156 543 1212 genere
564 1140 653 1195 trium
668 1138 781 1193 illorum
800 1154 860 1193 esse
874 1154 983 1210 ponen-

135 1232 216 1300 dum,
231 1231 308 1302 quod
326 1229 414 1284 etiam
436 1228 579 1301 intelligit,
596 1227 645 1282 sed
660 1227 753 1281 adhoc
768 1227 798 1281 in
812 1244 845 1281 eo
866 1227 940 1298 quod
956 1231 984 1283 ct

136 1324 221 1376 estet
235 1319 313 1388 vivit,
329 1317 441 1372 etiamsi
456 1315 604 1372 intellectu
616 1320 710 1371 caret:
726 1315 779 1369 iste
794 1314 868 1370 enim
885 1332 984 1370 sensus

136 1408 210 1465 inest
234 1410 262 1462 et
280 1405 389 1470 bestiis,
412 1404 517 1477 quibus
544 1405 705 1459 intellectus
731 1419 788 1458 non
814 1403 896 1459 inest.
915 1404 983 1469 Qaae

110 1485 115 1493 ⁵
138 1513 204 1553 cum
216 1496 256 1551 ita
268 1495 335 1558 sint,
349 1511 446 1567 quaero
461 1510 512 1549 cnr
524 1509 676 1565 proponas
685 1508 800 1547 sensum
816 1492 984 1548 interiorem

137 1585 204 1642 huic
216 1584 311 1638 sensui
322 1599 378 1654 quo
393 1582 550 1654 corporalia
561 1582 731 1649 sentiuntur,
742 1598 806 1636 curn
817 1582 853 1637 sit
864 1586 984 1653 uterque

139 1673 170 1728 in
180 1689 214 1727 eo
227 1687 332 1744 genere
346 1672 421 1742 quod
433 1671 510 1725 vivit.
522 1670 642 1726 Sensum
653 1675 751 1725 aulem
764 1669 850 1724 istum
864 1670 915 1741 qui
924 1686 985 1725 cor·

138 1775 210 1832 pora
225 1758 350 1830 attingit,
374 1758 439 1813 ideo
462 1757 644 1829 praeposuisti
659 1756 837 1829 corporibus,
852 1756 920 1828 quia
935 1757 984 1812 illa

138 1851 204 1903 sunt
218 1847 250 1902 in
276 1863 309 1902 eo
328 1863 432 1919 genere
454 1847 532 1919 quod
546 1850 658 1901 tantum
677 1851 728 1913 est,
744 1845 796 1900 iste
816 1862 882 1901 rero
906 1846 935 1901 in
949 1863 983 1902 eo

138 1936 216 2009 qnod
232 1936 317 1991 etiam
332 1935 419 1990 risit:
442 1936 472 1991 in
492 1952 628 2008 quocum
648 1940 677 1989 et
694 1934 742 1990 ille
761 1934 882 1990 interior
901 1952 984 2008 repe-

135 2025 237 2092 riatur,
258 2041 308 2080 cur
336 2041 402 2080 eum
425 2026 574 2080 meliorem
597 2030 680 2096 putes
700 2024 745 2079 dic
760 2024 842 2080 mibi.
863 2025 891 2080 Si
906 2025 983 2080 enim

138 2113 253 2182 dixeris,
278 2113 346 2185 qnia
367 2113 414 2168 ille
428 2113 515 2168 istum
536 2112 633 2180 sentit,
656 2128 714 2167 non
727 2118 756 2167 te
776 2114 861 2168 credo
883 2113 983 2169 inven-

137 2208 237 2259 turum
251 2203 381 2274 regulam
397 2219 452 2275 qna
466 2201 554 2274 figere
569 2200 711 2273 possimus
721 2200 743 2269 ¹,
759 2217 844 2255 omne
859 2201 984 2256 sentiens

138 2292 240 2349 melius
254 2308 314 2347 esse
329 2307 416 2363 quam
429 2290 458 2346 id
475 2291 551 2362 quod
566 2291 601 2345 ab
614 2307 648 2346 eo
657 2290 794 2362 {sentituu
807 2307 843 2344 ne
858 2289 984 2345 fortassis

138 2397 173 2437 ex
183 2381 239 2437 hoo
246 2380 333 2435 etiam
347 2395 485 2452 cogamur
494 2378 597 2447 dicere,
613 2394 697 2433 omne
708 2378 870 2451 intelligens
882 2380 984 2434 melius

138 2485 200 2526 esse
221 2485 307 2541 quam
324 2467 353 2524 id
375 2467 453 2540 quod
468 2468 503 2522 ab
523 2467 752 2540 cointelligitur.
769 2470 825 2523 lloc
841 2468 918 2523 enim
932 2467 984 2522 fal-

139 2573 202 2614 sum
221 2561 281 2625 est3
297 2556 366 2628 quia
379 2557 467 2610 homo
482 2555 616 2627 intelligit
629 2555 811 2626 sapientiam,
828 2561 856 2610 et
871 2573 928 2612 uon
943 2562 986 2612 est

140 2643 242 2699 melior
266 2660 353 2716 quam
378 2643 441 2715 ipsa
462 2642 611 2714 sapientia.
633 2644 824 2709 Quamobrem
843 2644 907 2700 vide
928 2661 986 2717 qna

138 2749 223 2789 causa
237 2732 289 2788 tibi
308 2733 400 2788 risum
424 2731 469 2799 sit,
486 2748 600 2786 sensnm
619 2731 787 2787 interiorem
810 2733 877 2788 huic
890 2733 986 2788 sensui

139 2838 195 2894 quo
224 2820 362 2875 sentimus
385 2836 515 2892 corpora,
540 2837 601 2874 esse
625 2821 846 2892 preferendum.
864 2825 895 2876 E.
915 2821 987 2888 Quia

137 2910 349 2966 moderatorem
371 2912 400 2963 ct
412 2909 540 2981 jndicem
554 2910 709 2981 quemdam
723 2910 810 2983 hujus
824 2911 907 2966 illum
926 2928 986 2966 esse

136 3015 288 3071 cognosco.
305 2998 377 3052 Nam
387 3003 415 3053 et
428 2997 451 3052 si
467 2998 537 3071 quid
549 2998 616 3053 huic
630 2998 660 3052 in
676 2997 768 3054 officio
784 3016 835 3055 suo
851 2999 985 3069 defuerit,

136 3088 186 3144 ille
206 3091 344 3159 tanquam
357 3086 486 3142 debitum
500 3105 517 3142 a
535 3086 665 3142 ministro
678 3088 798 3160 flagitat,
814 3086 887 3143 sicut
901 3088 986 3159 paulo

138 3179 205 3232 ante
220 3175 398 3246 disputatum
411 3179 462 3231 est.
478 3176 540 3231 Non
553 3176 631 3231 enim
645 3193 674 3231 se
690 3177 793 3245 videre,
809 3181 929 3232 autnon
944 3175 986 3231 ri-

138 3265 205 3320 dere
220 3279 320 3318 sensus
335 3263 410 3318 oculi
424 3264 512 3333 videt,
524 3269 553 3320 et
566 3265 634 3336 qnia
649 3282 705 3320 non
719 3265 805 3330 ridet,
820 3282 878 3320 non
893 3269 987 3336 potest

138 3352 209 3427 quid
219 3351 273 3408 sibi
287 3352 370 3419 desit,
387 3356 438 3408 aut
449 3353 518 3424 qnid
533 3353 600 3408 satis
614 3353 651 3408 sit
661 3353 807 3426 judicare,
824 3354 873 3408 sed
888 3354 936 3409 ille
944 3354 986 3409 in·

137 3441 235 3509 terior,
245 3457 302 3513 quo
313 3442 487 3497 admonetur
500 3445 527 3496 et
535 3441 631 3498 anima
639 3443 738 3498 hestia
749 3445 860 3515 aperire
872 3444 986 3499 oculum

139 3530 278 3599 clausum,
293 3534 322 3586 et
340 3528 417 3604 qood
436 3530 533 3586 deesse
550 3532 636 3587 sentit
651 3532 782 3605 implere.
796 3533 875 3588 Nulli
890 3539 986 3589 autem

139 3619 257 3679 dubium
275 3624 317 3675 est
335 3636 402 3674 eum
426 3620 476 3692 qni
487 3620 608 3692 judicat,
629 3637 662 3676 eo
684 3621 718 3676 de
733 3638 790 3693 quo
801 3622 912 3694 judicat
926 3637 986 3678 esse

138 3709 299 3765 meliorem.
316 3710 352 3765 A.
371 3709 468 3766 Cernis
490 3726 558 3781 ergo
576 3710 662 3764 istum
678 3711 764 3766 etiam
780 3711 907 3783 corporis
922 3727 986 3767 sen-

140 3814 204 3852 sum
219 3797 254 3852 de
274 3799 443 3868 corporibus
455 3798 668 3870 quodammodo
681 3801 833 3872 judicare?
847 3800 889 3855 Ad
905 3801 987 3855 ilium

139 3885 218 3941 enim
240 3886 366 3956 pertinet
378 3887 510 3957 voluptas
531 3891 560 3941 et
579 3888 668 3953 dolor,
687 3903 753 3943 cum
766 3890 810 3944 vel
825 3889 929 3944 leniter
942 3890 988 3944 rel

139 3987 238 4042 aspere
252 3987 370 4044 corpore
385 3972 546 4045 attingitur.
558 3975 629 4029 Nam
643 3975 716 4031 sicut
728 3976 774 4031 ille
789 3976 910 4031 interior
919 3977 988 4048 qnid

139 4059 214 4115 desit
227 4060 270 4115 vel
286 4060 355 4115 satis
378 4061 414 4116 sit
438 4063 585 4118 oculorum
607 4064 703 4119 sensui
717 4064 843 4136 judicat;
868 4065 908 4120 sic
926 4065 987 4136 ipse

139 4166 240 4207 sensus
258 4152 406 4207 oculorum
428 4152 498 4224 quid
520 4153 593 4208 desit
606 4153 628 4222 ¹,
650 4155 694 4210 rel
709 4155 776 4210 satis
796 4155 832 4209 sit
846 4155 988 4210 coloribus

135 4240 256 4314 judicat.
274 4242 345 4298 ltcm
356 4241 428 4298 sicut
442 4242 490 4298 ille
505 4243 625 4298 interior
638 4244 673 4300 de
688 4244 787 4299 auditu
801 4249 897 4300 nostro
910 4244 987 4316 judi·

141 4335 197 4399 cat,
211 4336 308 4387 utrum
318 4331 415 4387 minus
426 4349 462 4387 an
473 4332 648 4389 sufficienter
658 4333 786 4389 intentos
795 4333 847 4402 sit;
863 4333 903 4388 sic
909 4333 987 4405 judi-

140 4425 186 4478 cat
197 4422 310 4477 auditus
318 4421 379 4494 ipse
390 4423 426 4478 de
437 4422 561 4494 roribus,
573 4423 641 4494 quid
654 4439 753 4480 earum
764 4424 986 4490 leniterinfloat,

141 4515 192 4566 aut
206 4528 304 4583 aspere
317 4517 486 4584 perstrepat.
500 4514 563 4568 Non
578 4528 692 4568 necesse
702 4517 745 4568 est
758 4518 875 4568 caeteros
889 4528 988 4568 sensus

142 4599 269 4670 corporis
282 4600 415 4672 persequi
426 4601 504 4672 :jam
514 4601 601 4669 enim,
617 4606 649 4656 ut
663 4601 776 4672 opinor,
788 4598 989 4655 animadvertis

142 4686 211 4757 quid
224 4687 309 4742 velim
319 4688 423 4756 dicere,
437 4690 476 4744 ita
487 4691 594 4747 scilicet
603 4705 717 4744 sensum
732 4689 815 4744 illum
823 4688 989 4743 interiorem

143 4773 178 4829 de
190 4774 251 4827 istie
269 4777 397 4846 corporis
411 4779 539 4834 sensibus
550 4779 690 4851 judicare,
706 4794 772 4833 cum
787 4768 885 4832 eorum
901 4781 929 4831 et
943 4776 989 4831 in·

140 4863 304 4935 tegritatem
314 4866 426 4935 probat,
438 4872 467 4922 et
477 4868 605 4923 debitum
615 4869 734 4938 flagitat,
748 4866 989 4940 quemadmodum

143 4958 172 5010 et
186 4953 242 5025 ipsi
261 4954 389 5025 corporis
403 4971 502 5010 sensus
524 4957 559 5012 de
578 4957 746 5028 corporibus
757 4955 897 5028 judicant,
913 4970 990 5009 assu·

144 5047 256 5100 mentes
275 5043 305 5097 in
325 5042 367 5097 eis
391 5044 485 5099 lenem
505 5050 622 5110 tactum,
641 5046 858 5118 rejicientesque
877 5048 989 5099 contra-

149 5134 234 5190 riom.
250 5138 284 5190 Ε.
301 5133 391 5189 Cerno
406 5149 484 5202 sane,
500 5140 529 5190 et
542 5135 687 5191 verissima
701 5152 761 5192 esse
776 5133 930 5190 consentio.

172 5314 181 5348 ¹
196 5312 274 5363 Editi.
290 5312 418 5374 Asculum
434 5323 489 5383 quc
503 5309 583 5373 fidere
593 5316 739 5377 possimus.
754 5314 826 5374 Mes,
840 5309 927 5375 ficere.

172 5376 293 5440 ’Regios
308 5375 395 5425 Codex
410 5373 506 5437 aliique
524 5374 577 5423 duo
590 5375 627 5425 sio
641 5375 757 5426 habeut:
773 5377 844 5426 Num
859 5371 989 5424 steatitis

139 5437 291 5490 intertorde
298 5441 357 5488 nisu
366 5436 673 5497 caesorumcaesorum
684 5437 859 5498 miniterium,
870 5449 906 5488 un
916 5433 990 5502 suffia

139 5502 243 5553 eleuter
259 5500 345 5552 otdeut
357 5516 363 5562 ;
374 5500 413 5552 rte
424 5501 502 5551 uleus
514 5502 571 5565 tpse
582 5499 646 5564 quid
658 5500 730 5551 desit.

680 212 728 269 DE
747 209 879 269 LIBERO
898 209 1078 277 sanmuro,
1099 207 1127 265 S.
1147 203 1341 265 Anousrnu
1834 206 1885 262 ssu

1037 333 1149 390 CAPUT
1168 332 1213 388 Vl.
1234 358 1269 372 -
1282 331 1363 386 liutto
1385 329 1488 385 ceteris
1504 330 1536 383 in
1562 327 1681 382 torm
1702 329 1828 396 prorue
1845 344 1887 398 qao

1203 400 1212 417 ¹
1231 421 1256 476 si
1271 419 1339 490 quid
1350 420 1541 489 praestantius,
1561 420 1644 472 Dares
1658 420 1710 470 est.

1075 513 1118 567 13.
1133 511 1172 566 A.
1185 509 1307 565 Attende
1319 509 1380 579 jam
1395 512 1492 563 utrum
1507 505 1592 561 ratio
1608 504 1705 561 etiam
1720 504 1758 560 de
1771 505 1824 559 hoc
1835 506 1887 560 ints

1037 600 1113 656 riore
1126 614 1211 654 sensu
1221 597 1338 669 judicet.
1355 597 1417 652 tam
1432 595 1511 651 enim
1526 611 1595 650 non
1610 610 1720 666 quaero
1737 597 1831 648 utrum
1842 611 1888 650 ean

1039 689 1187 745 meliorem
1202 687 1252 742 illo
1267 702 1327 740 esse
1346 685 1468 753 dubites,
1485 685 1558 756 quia
1571 699 1638 738 non
1653 682 1763 737 dubito
1778 682 1808 737 id
1821 687 1846 738 te
1855 685 1887 754 je·

1038 779 1132 835 dicare
1145 794 1151 832 :
1164 791 1331 848 quanquam
1347 791 1384 830 ne
1394 775 1423 830 id
1434 773 1634 846 quidemjam
1647 771 1888 844 quaerendumpo·

1037 873 1107 935 tem,
1119 871 1217 922 utrum
1232 866 1266 920 de
1281 864 1335 919 isto
1351 879 1435 919 sensu
1447 862 1561 935 judicet
1574 863 1670 917 ratio.
1686 862 1820 933 Namque
1830 861 1887 916 iniis

1038 957 1108 1029 ipsis
1123 972 1188 1028 quae
1203 954 1279 1009 infra
1294 969 1358 1008 eem
1382 957 1457 1019 sunt,
1474 952 1503 1006 id
1524 956 1572 1007 est
1587 950 1622 1005 in
1641 950 1819 1021 corporibus
1834 952 1887 1005 etia

1039 1046 1169 1102 sensibus
1190 1041 1319 1114 corporis
1340 1047 1368 1096 et
1390 1041 1444 1096 isio
1463 1041 1612 1096 interiore
1635 1054 1745 1106 sensu,
1765 1040 1887 1111 quomodo

1038 1135 1075 1191 ait
1087 1133 1167 1190 aliud
1176 1134 1232 1188 alio
1244 1131 1358 1199 melius,
1369 1135 1398 1186 et
1408 1122 1496 1202 quam
1511 1131 1549 1185 sit
1561 1129 1624 1184 illis
1632 1129 1825 1200 praestantior
1833 1130 1887 1199 ipsa,

1039 1239 1104 1296 quae
1113 1222 1240 1289 tandmn,
1253 1221 1310 1276 nisi
1322 1220 1383 1292 ipsa
1395 1219 1565 1275 renuntiat?
1578 1218 1665 1290 quod
1676 1217 1811 1289 profecto
1827 1217 1887 1272 nolle

1039 1314 1126 1369 modo
1139 1316 1244 1384 posset,
1258 1310 1357 1366 niside
1372 1309 1416 1365 his
1426 1309 1488 1380 ipsa
1498 1307 1666 1379 judicaret.
1677 1309 1716 1363 E.
1729 1307 1887 1362 Manifestus

1038 1407 1090 1476 est.
1106 1403 1142 1458 A.
1159 1401 1229 1456 Cum
1244 1417 1312 1471 ergo
1328 1415 1391 1454 eam
1404 1403 1538 1454 naturam
1555 1413 1629 1468 quae
1649 1401 1775 1451 tantum
1792 1400 1839 1463 est,
1850 1412 1886 1451 asc

1038 1491 1107 1548 vivit
1121 1506 1175 1545 nec
1188 1489 1334 1561 intelligit,
1351 1488 1433 1542 sicuti
1442 1491 1487 1542 est
1500 1501 1614 1557 corpus
1631 1484 1789 1551 exanime,
1803 1501 1885 1555 praee

1039 1581 1138 1637 datea
1156 1584 1340 1648 naturaque
1362 1594 1420 1632 non
1433 1580 1550 1631 tantum
1569 1578 1628 1643 est,
1654 1574 1710 1630 sed
1728 1574 1816 1629 etiam
1828 1574 1885 1638 urit

1037 1686 1091 1725 nec
1105 1668 1250 1740 intelligit,
1266 1666 1349 1722 sicuti
1371 1670 1412 1722 est
1436 1665 1533 1720 anima
1557 1664 1737 1719 bestiarum
1749 1684 1758 1731 ;
1772 1667 1801 1718 et
1813 1678 1885 1717 maa

1037 1760 1111 1816 hanc
1125 1758 1267 1830 praecedat
1280 1773 1313 1812 ea
1328 1773 1392 1828 quae
1405 1755 1491 1810 simul
1507 1757 1537 1808 et
1553 1757 1603 1808 est
1617 1758 1652 1808 et
1667 1753 1746 1808 vivit
1760 1756 1790 1808 et
1805 1752 1884 1806 intelli·

1038 1849 1090 1920 git,
1106 1847 1178 1902 sicut
1192 1846 1221 1901 in
1235 1845 1354 1901 homine
1372 1859 1453 1899 mens
1466 1841 1627 1897 rationalis
1640 1862 1651 1910 ;
1670 1857 1751 1897 num
1766 1840 1883 1896 arbitrari

1037 1935 1069 1992 in
1083 1935 1176 2001 nobis,
1192 1935 1218 1989 id
1231 1939 1274 1989 est
1287 1933 1317 1988 in
1330 1933 1365 1988 iis
1377 1932 1480 2004 quibus
1495 1936 1606 1987 natura
1621 1936 1734 1988 nostra
1753 1931 1884 2000 completo

1039 2030 1071 2080 ut
1084 2023 1324 2084 homiuessimos,
1340 2021 1449 2092 aliquid
1459 2019 1588 2076 inveniri
1604 2037 1698 2093 posse
1713 2020 1882 2092 prestantius,

1039 2128 1126 2187 quam
1144 2113 1197 2167 hoo
1210 2112 1285 2183 quod
1311 2111 1342 2165 in
1366 2110 1410 2165 his
1426 2110 1519 2165 tribus
1538 2110 1634 2164 tertio
1656 2110 1727 2165 loco
1743 2106 1882 2182 posuinmt

1040 2205 1112 2259 Nem
1128 2207 1158 2258 et
1172 2217 1276 2272 corpus
1290 2217 1343 2256 nos
1359 2201 1464 2256 habere
1480 2199 1686 2255 manifestum
1701 2203 1759 2267 est,
1779 2200 1806 2252 et
1820 2201 1883 2256 unu

1039 2293 1195 2367 quamdam
1215 2307 1272 2363 qua
1285 2291 1380 2362 ipsum
1396 2305 1500 2360 corpus
1513 2288 1677 2344 animatur
1693 2293 1785 2362 atque
1797 2294 1883 2362 regen·

1040 2385 1097 2448 tur,
1112 2396 1176 2451 qua
1191 2379 1247 2433 duo
1260 2378 1347 2433 etiam
1361 2377 1391 2432 in
1404 2376 1504 2432 bestiis
1520 2378 1736 2448 agnoscimus,
1752 2384 1781 2435 et
1794 2378 1884 2434 tectim

1039 2467 1175 2540 quiddam
1190 2465 1272 2538 quasi
1289 2465 1392 2521 animae
1410 2469 1518 2520 nostrae
1533 2470 1629 2537 caput
1644 2471 1703 2522 aut
1717 2469 1840 2531 oculum,
1851 2468 1884 2519 aut

1040 2555 1143 2628 siquid
1153 2555 1356 2626 congruentius
1370 2554 1404 2609 de
1415 2553 1527 2608 ratione
1537 2558 1633 2625 atque
1644 2554 1885 2628 intelligentiadio'

1039 2649 1143 2717 potest,
1160 2659 1247 2716 quam
1257 2658 1316 2698 non
1325 2642 1410 2697 habet
1420 2644 1522 2696 natura
1531 2640 1720 2700 bestiarum.
1734 2646 1825 2710 Quare
1834 2643 1886 2708 ride

1040 2734 1168 2802 obsecro,
1193 2738 1292 2788 utrum
1310 2729 1420 2802 aliquid
1442 2728 1575 2784 invenire
1597 2732 1711 2801 possis,
1735 2733 1812 2805 quod
1829 2732 1887 2786 sitin

1040 2827 1144 2878 natura
1162 2821 1290 2877 hominis
1304 2820 1414 2875 ratione
1434 2818 1602 2875 sublimius.
1629 2823 1668 2876 E.
1690 2820 1770 2878 Nihil
1794 2820 1887 2877 omnino

1040 2911 1144 2967 melius
1159 2911 1250 2966 video.

1079 3002 1121 3056 ll.
1148 3000 1184 3054 A.
1202 2996 1279 3063 Quid
1291 2997 1314 3052 si
1329 2996 1437 3069 aliquid
1459 2995 1594 3052 invenire
1619 3000 1824 3069 potuerimus,
1832 2998 1887 3071 qual

1040 3106 1099 3145 non
1114 3090 1206 3144 solum
1232 3104 1293 3144 esse
1316 3103 1375 3143 non
1390 3086 1514 3150 dubites,
1538 3088 1593 3143 sed
1617 3089 1719 3146 etiam
1739 3092 1801 3163 ipsa
1814 3095 1887 3148 nesus

1041 3179 1151 3235 ratione
1173 3176 1381 3250 prestantius?
1397 3174 1583 3232 dubitabisne
1598 3178 1682 3235 illud
1698 3181 1839 3252 quidquid
1851 3183 1887 3241 est

1041 3269 1132 3325 Deum
1145 3267 1261 3323 dicere?
1272 3268 1306 3323 E.
1324 3266 1385 3321 Non
1399 3264 1549 3332 continuo,
1565 3265 1590 3321 si
1606 3269 1689 3339 quid
1703 3271 1810 3326 melius
1824 3283 1888 3342 quan

1040 3356 1071 3413 id
1084 3357 1159 3428 qnod
1170 3356 1201 3411 in
1211 3372 1275 3411 mea
1285 3359 1388 3410 natura
1398 3355 1541 3426 optimum
1552 3360 1609 3425 est,
1625 3357 1770 3415 invenire
1784 3365 1887 3432 potuere,

1043 3447 1133 3502 Deum
1147 3461 1207 3500 esse
1222 3443 1352 3500 dixerim.
1367 3443 1429 3498 Non
1444 3443 1521 3498 enim
1536 3444 1616 3500 mihi
1633 3448 1740 3516 placet
1757 3450 1841 3504 neum
1855 3462 1888 3517 ap
1925 3502 1928 3515 ,

1040 3535 1159 3608 pellere,
1173 3551 1229 3606 quo
1242 3550 1305 3589 mea
1316 3532 1388 3588 ratio
1403 3536 1446 3587 est
1459 3533 1593 3600 inferior,
1608 3537 1666 3590 sed
1681 3554 1745 3609 qno
1763 3540 1850 3594 nullm
1859 3541 1888 3590 est

1041 3623 1185 3696 superior.
1204 3624 1240 3678 A.
1255 3623 1297 3677 lta
1312 3622 1416 3693 plane:
1438 3636 1506 3676 nam
1529 3621 1595 3693 ipse
1622 3625 1703 3681 huic
1731 3633 1792 3683 tuas
1810 3624 1888 3682 radon

1042 3713 1130 3779 dedit,
1147 3717 1205 3767 tam
1227 3711 1262 3767 de
1277 3728 1306 3767 se
1321 3711 1368 3782 pie
1382 3726 1504 3781 vereque
1523 3711 1653 3768 sentire.
1671 3715 1746 3784 Sed,
1762 3720 1888 3788 quasote

1042 3803 1066 3858 si
1080 3818 1140 3857 non
1151 3800 1294 3856 inveneris
1308 3815 1367 3854 esse
1379 3799 1489 3871 aliquid
1499 3814 1590 3871 supra
1601 3808 1748 3860 nostram
1759 3806 1886 3866 rationein,
1931 3792 1933 3807 '

1041 3891 1098 3947 nisi
1112 3890 1190 3964 quod
1204 3895 1343 3945 aeternum
1359 3893 1445 3959 atque
1459 3887 1717 3949 incommutabile
1733 3900 1787 3959 est,
1801 3893 1887 3950 dubita

1041 3981 1123 4037 bisne
1138 3981 1215 4034 hunc
1231 3981 1319 4034 Deum
1342 3976 1458 4034 diceret
1474 3977 1547 4032 Nam
1560 3983 1591 4033 et
1605 3995 1743 4052 corpora
1766 3980 1889 4038 mutabilis

1042 4086 1104 4125 esse
1118 4068 1264 4141 cognoscis
1276 4085 1282 4136 ;
1299 4071 1327 4122 et
1338 4067 1428 4139 ipsam
1442 4065 1529 4121 uitam
1547 4083 1608 4138 qua
1625 4085 1743 4143 corpus
1758 4073 1888 4127 animatu.

1042 4176 1094 4232 per
1104 4158 1219 4214 allectus
1229 4155 1518 4228 varios2mutabilitate
1527 4171 1591 4210 non
1601 4171 1712 4215 carere
1728 4161 1889 4216 manifestum

1042 4253 1102 4316 est;
1126 4251 1154 4303 et
1168 4244 1231 4318 ipsa
1243 4246 1316 4301 ratio
1331 4260 1394 4300 cum
1412 4244 1495 4299 modo
1516 4244 1553 4300 ed
1570 4260 1681 4303 verum
1699 4250 1848 4320 pervenire
1858 4248 1889 4302 ni·

1042 4337 1122 4402 titur,
1140 4337 1225 4391 modo
1248 4351 1307 4390 non
1327 4334 1440 4403 nititur,
1458 4337 1488 4388 et
1510 4333 1682 4405 aliquando
1699 4340 1842 4409 persenit,
1854 4336 1890 4390 ri·

1043 4426 1156 4499 quando
1172 4441 1231 4480 non
1243 4423 1380 4495 pervenit,
1395 4421 1542 4478 mutabilis
1558 4439 1624 4478 esse
1641 4428 1784 4496 profecto
1797 4426 1890 4483 conun-

1043 4515 1127 4571 citor.
1152 4514 1220 4579 Quae
1241 4513 1266 4568 si
1287 4513 1366 4568 nullo
1387 4511 1515 4568 adhibito
1538 4515 1678 4582 corporis
1706 4516 1889 4577 instrumenta,

1043 4619 1137 4677 neque
1147 4618 1199 4674 per
1213 4607 1331 4669 tactum,
1345 4617 1437 4672 neque
1449 4617 1501 4672 per
1515 4606 1687 4672 gustatum,
1699 4621 1801 4679 neque
1813 4603 1890 4678 perol

1043 4695 1160 4758 factum,
1176 4707 1270 4763 neque
1291 4707 1343 4763 per
1361 4706 1454 4757 aoros,
1475 4702 1572 4760 neque
1596 4707 1656 4760 per
1677 4696 1794 4763 oculos,
1819 4705 1889 4764 oeqot

1043 4798 1095 4854 per
1107 4781 1197 4834 nllom
1210 4794 1326 4834 sensnm
1339 4794 1368 4832 sa
1382 4776 1561 4844 interiorem,
1576 4778 1629 4832 sed
1643 4796 1702 4850 per
1717 4784 1843 4854 seipsam
1852 4794 1890 4835 err

1044 4871 1088 4926 nit
1112 4873 1252 4925 aternum
1281 4867 1388 4939 aliquid
1418 4870 1445 4921 ct
1475 4865 1738 4938 incommutabile,
1770 4871 1890 4927 amede

1044 4959 1168 5031 seipsam
1180 4955 1357 5024 inferiorem,
1369 4960 1397 5011 et
1410 4955 1492 5010 illum
1504 4960 1625 5026 oportet
1638 4958 1738 5014 Deum
1753 4977 1838 5017 snum
1848 4972 1890 5015 esst

1044 5050 1176 5105 fateatur.
1193 5050 1224 5103 E.
1243 5048 1325 5101 Hunc
1339 5045 1425 5117 plane
1444 5045 1557 5100 fatebor
1572 5046 1682 5117 Deum,
1699 5065 1764 5120 quo
1779 5051 1849 5106 nibil
1861 5062 1892 5102 so·
1925 5036 1933 5051 “

1044 5138 1142 5212 parius
1157 5153 1217 5192 esse
1232 5135 1399 5191 constiterit.
1415 5134 1451 5189 A.
1468 5135 1543 5189 Bene
1559 5134 1672 5192 habet:
1690 5154 1764 5194 nam
1779 5139 1848 5195 mibi
1860 5154 1891 5192 sa·

1044 5230 1080 5284 tis
1104 5227 1159 5283 erit
1182 5226 1333 5282 ostendere
1349 5240 1409 5279 esse
1433 5221 1542 5295 aliquid
1558 5223 1751 5296 buJ'usmodi,
1768 5228 1845 5300 quod
1857 5225 1891 5280 art

1045 5316 1179 5373 fateberis
1205 5318 1295 5370 Deum
1317 5331 1389 5381 esse,
1414 5317 1464 5367 aut
1479 5312 1504 5366 si
1519 5311 1631 5384 aliquid
1653 5331 1748 5386 supra
1766 5322 1820 5384 est,
1842 5326 1891 5369 eoo

1045 5407 1141 5479 ipsum
1157 5407 1247 5461 Deum
1270 5420 1329 5458 esse
1344 5402 1491 5457 concedes.
1507 5401 1602 5467 Quare
1618 5402 1683 5458 sive
1699 5420 1791 5477 snpra
1806 5405 1841 5459 sit
1853 5400 1890 5457 ati·

1044 5497 1125 5569 quid,
1148 5495 1207 5551 sive
1221 5510 1280 5550 non
1300 5492 1347 5562 sit,
1363 5490 1549 5549 manifestum
1563 5491 1621 5547 erit
1640 5493 1740 5550 Deum
1754 5510 1826 5564 osse,
1840 5504 1891 5548 cao
