3884 6112
624 243 631 255 '
711 235 818 295 LIBER
837 235 1032 297 SECUNDUS.
1681 244 1749 300 tato
1803 279 1808 292 .

61 365 106 419 UT
125 363 182 418 llll.
202 392 236 402 -
252 362 302 417 Dei
315 360 420 415 bonitas
432 374 487 416 non
501 361 569 415 sinit
579 375 636 416 run
650 360 735 416 ullum
750 376 842 416 urru-

61 456 117 509 ione
132 469 160 509 eo
172 450 324 522 perductet
335 464 389 504 ivon
399 451 445 504 sit.
458 449 588 507 Creoreet
602 450 776 520 condensque
789 450 845 516 di!-

61 547 129 597 rant.

71 629 124 686 Sed
143 629 191 684 uei
204 627 317 683 bonitas
331 641 364 680 eo
375 640 437 680 rem
448 624 566 697 perduci
581 640 640 679 non
651 625 729 693 sinit,
741 630 769 681 et
782 642 844 681 om·

61 716 215 774 deficientia
230 716 269 770 sic
284 713 408 781 ordinat,
421 717 452 767 ut
465 713 506 768 ibi
519 713 575 767 sint
591 713 639 768 ubi
652 715 846 786 congruentis-

61 828 64 860 ι
83 805 194 878 possint
209 818 281 871 esse,
301 802 392 857 donec
410 801 550 856 ordinatis
565 802 689 857 motibus
706 802 741 857 ad
756 802 785 857 id
800 819 845 857 re·

61 899 110 950 aut
123 892 200 947 unde
217 891 383 946 deiecerunt
397 888 445 961 (ol.
463 890 560 960 ltaque
576 889 663 943 ctiam
678 889 787 944 animes
799 906 845 945 ra-

61 983 123 1046 sles,
139 982 170 1036 in
189 981 295 1052 quibus
317 983 359 1033 est
378 977 610 1049 potentissimum
626 976 748 1032 liberum
768 975 845 1031 erbi-

61 1065 846 1138 n¹,deiicientesase,ininferioribuscreaturoegradibus

60 1165 118 1227 ιιει,
133 1158 183 1215 ubi
193 1159 264 1213 tales
275 1173 336 1212 esse
346 1156 435 1211 decet.
450 1155 533 1210 Fiunt
544 1171 613 1226 ergo
623 1155 735 1210 miserae
749 1155 845 1209 divino

61 1248 111 1315 cio,
125 1249 196 1303 dum
209 1245 413 1300 convenienter
426 1259 478 1314 pro
493 1244 601 1298 meritis
615 1244 794 1299 ordinantur.
807 1244 846 1297 Ex

68 1337 140 1391 illud
156 1335 265 1405 optime
281 1333 388 1388 dietum
405 1336 456 1399 est,
472 1331 551 1402 quod
571 1332 705 1386 insectari
725 1330 845 1385 manime

61 1425 108 1481 tis:
134 1428 191 1492 Eoo
215 1425 288 1490 facio
313 1422 391 1489 bonu,
411 1425 437 1476 et
459 1436 516 1475 creo
537 1421 610 1475 mola
632 1421 710 1490 (lsai.
729 1435 791 1485 rev,
808 1420 845 1489 7).

61 1530 97 1570 ire
111 1528 237 1584 nemque
251 1511 354 1565 dieitur
368 1509 491 1564 condere
507 1512 535 1564 et
547 1508 690 1563 ordinare.
704 1508 803 1578 ltaque
816 1506 847 1561 in

61 1603 138 1674 isque
160 1600 372 1671 exemplaribus
395 1598 435 1652 sic
457 1597 595 1668 scriptum
618 1600 670 1663 est,
694 1598 752 1665 Epo
773 1598 846 1661 socio

61 1696 101 1746 vet
111 1690 194 1746 condo
205 1690 288 1743 mule.
306 1689 406 1741 l'acero
419 1685 497 1740 enim
507 1690 559 1749 est,
570 1685 646 1756 qnod
659 1685 776 1738 omnino
788 1699 847 1738 non

63 1796 71 1847 3
91 1779 341 1841 conducentem,
361 1773 494 1829 ordinare
518 1772 595 1845 qood
615 1777 770 1844 utcumque
785 1773 846 1842 jam

61 1871 110 1929 ,nt
123 1866 227 1920 melius
241 1864 390 1935 magisque
404 1862 501 1917 sillia
517 1877 640 1933 namque
651 1860 747 1915 condit
762 1861 845 1927 Deus,

61 1956 215 2023 eluminat,
226 1969 290 2007 cum
301 1952 380 2019 dicit,
390 1951 478 2008 Gondo
488 1951 572 2017 molo,
585 1966 649 2021 quae
660 1948 805 2018 deliciunt,
817 1949 847 2003 id

61 2058 110 2098 rou
125 2058 186 2096 esse
199 2041 338 2107 tendunt3
349 2055 408 2093 non
424 2055 457 2092 ee
473 2055 537 2110 quae
553 2038 587 2093 ad
603 2038 632 2093 id
642 2054 699 2109 quo
714 2038 847 2107 tendunt,

61 2134 198 2187 ’suerunt
225 2129 338 2184 Dictum
361 2132 405 2183 est
427 2128 525 2182 enim:
550 2127 626 2181 Nihil
647 2142 699 2198 per
722 2126 847 2181 divinam

61 2218 217 2285 videntium,
232 2217 268 2271 ad
282 2217 312 2271 id
326 2219 358 2270 ut
373 2232 432 2270 non
448 2215 486 2269 sit
498 2215 646 2286 pervenire
661 2213 846 2286 permittitur.

61 2313 77 2362 t.
93 2308 261 2362 Tractentur
275 2307 287 2340 ¹
300 2305 360 2359 haec
371 2303 456 2358 latius
469 2307 498 2358 el
510 2303 635 2369 uberius,
651 2303 700 2357 sed
715 2303 784 2357 dum
799 2318 848 2357 vo-

61 2411 108 2451 um
122 2395 227 2467 agitur,
239 2392 307 2449 setis
320 2397 370 2448 est.
387 2391 570 2448 Ostendenda
579 2391 658 2446 enim
667 2391 748 2447 vobis
758 2391 848 2461 janua

79 2501 167 2556 (ιιιειιι
186 2481 354 2554 desperatis,
370 2485 399 2536 et
413 2481 619 2552 desperandam
635 2481 726 2535 tacitis
740 2480 847 2551 imper-

79 2575 151 2628 Nam
171 2589 221 2627 vos
241 2570 398 2626 introducit
420 2585 504 2624 nemo
527 2569 582 2624 nisi
603 2570 735 2624 voluntas
756 2569 846 2637 boua;

61 2676 85 2716 m
99 2663 230 2731 pacatam
242 2659 329 2714 eflicit
343 2657 441 2713 diviua
456 2658 616 2725 clementia,
630 2657 703 2712 sicut
716 2656 748 2710 in
762 2659 849 2712 Evan-

61 2748 218 2804 ocanitur:
240 2748 333 2804 Gloria
354 2748 385 2801 in
400 2747 511 2802 cacabis
530 2749 592 2813 Deo,
608 2751 634 2800 et
656 2751 684 2800 in
704 2750 849 2815 tmepore

61 2839 148 2892 invitus
168 2838 240 2892 bonae
257 2837 405 2892 coturnatis
427 2836 499 2905 [Lae.
521 2851 550 2901 ιι,
575 2834 626 2905 14).
644 2833 716 2889 Satis
735 2837 787 2899 est,
802 2833 848 2887 in-

61 2942 94 2992 m,
110 2929 143 2980 ιιι
156 2925 275 2981 videatis
289 2925 401 2979 nullum
421 2939 481 2977 esse
499 2923 534 2977 de
548 2922 625 2977 bono
645 2925 673 2976 et
687 2922 763 2976 malo
784 2921 849 2975 reli·

61 3031 85 3070 ω
94 3013 295 3085 disputationis
306 3012 425 3078 exitum,
437 3011 494 3066 nisi
506 3010 646 3083 quidquid
658 3015 710 3077 est,
719 3011 750 3065 in
760 3026 850 3082 quan·

76 3106 129 3171 ost,
146 3119 180 3157 ex
203 3103 262 3157 Deo
277 3101 333 3156 sit:
350 3101 380 3154 iu
395 3104 535 3171 quantum
550 3104 646 3154 autem
669 3099 704 3153 ab
727 3098 850 3154 essentia

61 3191 102 3259 sit,
119 3206 178 3245 non
193 3190 278 3245 silex
299 3190 368 3254 Deo,
384 3190 433 3244 sed
447 3193 543 3243 tamen
558 3187 655 3243 divina
669 3186 851 3259 providentia

61 3296 121 3351 per,
135 3280 208 3335 sicut
220 3278 398 3334 universitati
406 3277 549 3349 congruit,
564 3278 723 3332 ordinetur.
734 3277 815 3341 Quod
826 3275 850 3330 si

61 3369 127 3424 dum
137 3369 251 3435 videtis,
262 3367 332 3439 quid
343 3367 465 3438 amplius
475 3382 552 3421 nunc
565 3366 669 3421 faciam
680 3365 785 3432 nescio,
795 3364 851 3419 nisi

61 3451 851 3526 vinutiusetiamtractemistaquaedictasunt.Nonenim

61 3547 158 3618 najora
173 3550 297 3600 mentem
313 3545 368 3599 nisi
383 3544 473 3615 pietas
488 3543 654 3614 puritasque
669 3542 805 3614 perducit.

61 3636 114 3692 *UT
132 3635 204 3690 Vlll.
218 3663 253 3675 -
275 3635 379 3688 Matrem
402 3637 451 3700 est,
467 3647 521 3686 noo
548 3631 703 3685 substantio
722 3631 789 3700 ullo,
803 3629 851 3684 sed

155 3723 314 3778 substantia
332 3723 445 3776 inimico
463 3721 691 3775 inconvenientia.

61 3816 79 3868 l.
96 3812 168 3876 Quid
186 3812 263 3867 enim
281 3810 370 3878 eliud,
386 3825 451 3864 cum
473 3824 571 3881 quaro
586 3807 655 3880 quid
671 3806 709 3862 sit
729 3807 849 3874 matrim,

61 3900 166 3954 tonsuri
184 3899 262 3966 estis,
278 3899 335 3953 nisi
353 3903 403 3953 aut
423 3899 500 3970 quod
524 3900 624 3952 contra
642 3899 775 3950 naturam
796 3899 850 3963 εει,

61 3988 139 4061 quod
149 3992 260 4054 noceat,
272 3991 321 4042 aul
331 3986 557 4058 corruptionem,
568 3990 618 4040 aut
631 3983 739 4057 aliquid
753 3984 852 4054 hujus·

61 4075 96 4130 li‘l
108 4079 145 4131 At
163 4075 193 4130 in
212 4075 257 4129 his
276 4075 389 4130 ostendi
410 4078 502 4129 vestra
516 4073 675 4143 naufragia,
691 4072 747 4126 nisi
766 4072 849 4138 torta,

61 4163 142 4218 oletis
154 4180 219 4218 cum
235 4163 331 4235 pueris
345 4161 495 4233 pueriliter
508 4177 593 4232 agere
607 4157 629 4227 ὅ,
645 4159 851 4230 respondebitis

61 4268 108 4307 um
122 4268 182 4306 csse
196 4251 304 4324 iguem,
319 4265 474 4313 venenum,
485 4249 587 4317 ieram,
602 4251 631 4302 ct
644 4252 745 4302 caetera
755 4247 851 4317 hujus

60 4340 88 4395 li.
111 4342 182 4395 Nam
203 4340 290 4395 etiam
310 4340 344 4394 do
369 4338 493 4411 quodam
513 4336 634 4402 dicente,
655 4336 764 4390 nullam
782 4326 850 4391 suh·

61 4429 134 4484 ιιιειιι
149 4429 258 4484 melum
273 4445 346 4496 esse,
365 4444 439 4483 uuus
451 4428 485 4482 de
500 4425 669 4496 primatibus
690 4425 775 4496 hujus
790 4425 850 4480 hce-

61 4535 84 4588 s,
99 4534 186 4590 quem
205 4518 375 4574 familiarius
394 4515 578 4586 crebriusque
593 4512 789 4581 audiebamus,
805 4513 851 4569 di-

61 4610 100 4662 et:
117 4609 225 4662 Vellem
248 4608 428 4677 scorpionem
443 4604 473 4658 in
492 4618 581 4658 manu
594 4602 719 4657 hominis
733 4618 849 4675 ponere,

61 4695 143 4751 'idere
159 4700 258 4751 utrum
272 4712 331 4750 non
347 4692 525 4749 subtraheret
538 4706 671 4759 manum;
688 4691 766 4762 quod
781 4691 805 4745 si
813 4690 853 4746 ia-

61 4787 85 4848 ιι,
101 4801 160 4839 non
181 4784 283 4850 verbis,
300 4784 349 4839 sed
367 4799 397 4837 re
416 4782 478 4853 ipsu
496 4780 712 4835 convinceretur
725 4777 851 4852 aliquam

61 4873 187 4928 stantiam
201 4873 310 4926 malum
323 4886 396 4940 esse,
411 4869 644 4942 quandoquidem
658 4869 730 4923 illud
745 4868 852 4923 animal

73 4959 262 5014 substantiam
276 4974 335 5014 non
349 4962 477 5030 negaret.
492 4960 526 5013 Et
539 4957 650 5013 dicebat
661 4958 715 5012 hoc
729 4973 789 5013 nou
802 4973 850 5012 co·

61 5065 131 5178 {adsisti'
146 5064 327 5128 potissimum,
343 5078 391 5129 pro
401 5078 454 5128 qno
468 5065 533 5114 llos.
547 5062 671 5113 undecim
685 5061 792 5124 habent,
806 5074 851 5126 po·

106 5141 193 5179 mum.

61 5193 93 5240 [te
104 5191 132 5240 iu
147 5191 208 5239 Μεε.
224 5190 257 5239 dt
271 5188 298 5238 in
308 5189 431 5239 excusis:
447 5187 649 5241 Tractarentur.

61 5253 118 5304 llas.
133 5258 232 5316 septem
243 5255 270 5301 et
278 5251 481 5301 Cheralloniona
490 5251 569 5300 editio
577 5249 614 5298 sic
627 5247 740 5298 habent:
751 5247 851 5300 Soletis

66 5316 214 5378 angustiati
219 5313 327 5377 fueritis
332 5314 476 5376 pueriliter
485 5311 660 5376 opere.Paulo
671 5315 730 5382 post
737 5310 764 5358 in
773 5323 851 5360 excu-

61 5378 150 5442 egitor‚
159 5377 441 5428 nullamsubslontiom
451 5376 554 5426 motam
563 5386 636 5434 essc3
643 5372 689 5423 ubr
700 5371 733 5422 od
742 5373 851 5423 blecca·

61 5441 165 5499 ivimus,
181 5439 284 5490 malum
295 5451 358 5489 esse.

63 5502 143 5565 lvio.
160 5502 274 5553 Retract.
290 5500 334 5552 lib.
350 5503 372 5560 l,
388 5513 443 5562 cap.
459 5501 483 5558 7,
498 5511 526 5547 n.
543 5499 566 5546 e.

898 377 960 416 ram
983 360 1043 428 illo,
1073 359 1121 416 sed
1139 374 1204 415 cnm
1223 358 1259 414 ad
1278 376 1343 415 eum
1358 376 1411 415 nos
1427 360 1563 416 commoti
1575 361 1747 420 referremus

899 448 975 521 quod
988 448 1036 504 ille
1051 448 1185 504 dixisset:
1201 448 1392 519 respondebat
1401 464 1481 519 ergo,
1497 454 1531 503 ut
1540 447 1609 511 dixi,
1623 451 1746 522 puerili·

898 541 943 592 ter
955 537 1138 608 pueris.Quis
1151 536 1227 591 enim
1240 537 1405 593 meliuscule
1415 536 1542 592 imbutus
1564 542 1593 593 et
1605 540 1746 608 eruditus,

898 642 956 680 non
983 625 1076 680 videet
1094 641 1146 697 per
1162 625 1422 681 inconvenientiam
1437 626 1591 697 corporalis
1601 632 1747 699 tempera-

898 713 987 769 tionis
999 713 1061 770 haec
1075 714 1187 781 laedere,
1206 730 1238 769 ac
1256 731 1354 770 rursus
1369 730 1421 786 per
1435 715 1664 771 convenientiam
1688 733 1747 772 non

898 802 1013 870 laedere,
1029 819 1105 874 saepe
1132 803 1217 859 etiam
1243 804 1392 858 commoda
1420 819 1477 858 uon
1490 820 1578 875 parve
1592 805 1746 861 conferre?

900 891 973 945 Nem
985 891 1009 946 si
1018 891 1089 947 illud
1102 907 1244 947 venenum
1259 892 1442 964 perseipsum
1453 892 1563 947 malum
1574 899 1656 962 essct,
1668 910 1747 950 eum·

900 978 966 1034 dem
978 981 1156 1053 scorpionem
1165 981 1257 1053 magis
1268 980 1406 1053 priusque
1417 980 1579 1052 perimeret.
1591 983 1627 1038 At
1637 987 1746 1052 contra,

900 1067 923 1121 si
938 1067 964 1123 ei
975 1069 1090 1140 penitus
1105 1069 1201 1141 aliquo
1211 1074 1293 1141 pecto
1303 1070 1478 1137 detrahatur,
1489 1070 1551 1125 siue
1568 1070 1748 1127 dubitatione

900 1155 1040 1224 interiret.
1056 1160 1129 1230 Ergo
1143 1159 1220 1213 illius
1229 1159 1343 1230 corpori
1353 1159 1460 1214 malum
1472 1163 1514 1214 est
1526 1159 1657 1216 amittere
1669 1159 1747 1232 quod

899 1247 998 1298 nostro
1013 1245 1155 1316 recipere:
1171 1245 1292 1301 itcmilli
1301 1246 1409 1301 bonnm
1419 1246 1574 1302 esthabere
1584 1247 1613 1303 id
1624 1264 1682 1319 quo
1693 1264 1745 1303 uo-

900 1332 944 1387 bis
958 1333 1065 1388 bunum
1082 1338 1125 1388 est
1143 1350 1249 1389 carere.
1267 1333 1326 1388 Erit
1340 1349 1408 1404 ergo
1423 1334 1523 1388 eadem
1538 1351 1583 1389 res
1598 1341 1626 1391 et
1639 1337 1747 1392 bonum

900 1421 1042 1474 etmalum
1052 1422 1066 1474 ‘l
1075 1422 1097 1474 N
1101 1420 1159 1475 ullo
1171 1420 1271 1486 modo,
1282 1420 1332 1475 sed
1340 1423 1449 1476 malum
1458 1426 1500 1476 est
1509 1423 1690 1493 quodcontra
1700 1442 1749 1480 na·

899 1511 995 1562 turam
1002 1512 1044 1563 est
1054 1509 1122 1562 :hoc
1133 1509 1210 1563 'enim
1220 1508 1353 1563 etbestiae
1361 1508 1527 1564 illielnobis
1533 1512 1642 1566 malum
1650 1518 1703 1579 εει,
1719 1514 1748 1568 id

902 1596 1255 1667 estipsainconvenientia‚
1265 1597 1397 1668 quaesine
1405 1597 1557 1653 dubionon
1569 1604 1611 1654 εει
1623 1601 1750 1656 ειιιιειειι-

901 1683 1190 1751 tia,imoestinimica
1209 1684 1473 1741 substantioe.Unde
1490 1686 1752 1758 cstigitur‘ldtten·

901 1774 936 1829 de
951 1790 1009 1846 quo
1023 1780 1117 1846 cogat,
1133 1780 1161 1830 et
1181 1775 1285 1842 disces;
1302 1776 1326 1829 si
1347 1776 1488 1831 tamenin
1506 1781 1535 1832 te
1549 1777 1657 1849 aliquid
1676 1780 1750 1836 iute-

901 1862 984 1916 rioris
997 1862 1113 1917 luminis
1127 1863 1204 1918 vivit.
1221 1864 1283 1917 Non
1303 1878 1363 1918 esse
1383 1863 1461 1918 enim
1483 1865 1560 1936 cogit
1575 1883 1659 1923 omne
1674 1870 1751 1939 quod

901 1951 1027 2022 perimit.
1045 1953 1200 2007 lleusvero
1224 1955 1325 2006 auctor
1349 1951 1479 2007 essentia
1503 1958 1562 2009 est:
1586 1971 1639 2010 nec
1654 1955 1751 2029 aliqua

902 2039 1024 2094 essentia
1041 2043 1136 2112 potest
1149 2039 1241 2095 videri
1261 2056 1332 2107 esse,
1353 2040 1430 2112 quod
1452 2040 1483 2096 in
1498 2057 1554 2113 qua
1573 2042 1660 2099 fucrit
1675 2045 1752 2116 cogit

902 2142 960 2181 nou
975 2143 1044 2183 esse.
1064 2128 1171 2183 llicitur
1184 2143 1253 2199 ergo
1268 2127 1377 2199 aliquid
1399 2129 1475 2184 unde
1494 2145 1553 2186 non
1567 2130 1604 2186 sit
1616 2131 1751 2188 inconve-

902 2215 1028 2283 nientia3
1044 2233 1112 2271 nam
1126 2217 1203 2272 unde
1218 2216 1254 2270 sit
1269 2216 1340 2272 nihil
1356 2216 1412 2272 dici
1425 2221 1528 2289 potest.

939 2307 981 2360 ¹2.
996 2304 1131 2369 Quaedam
1145 2305 1304 2360 facinorosa
1319 2305 1423 2360 mulier
1437 2306 1627 2376 Atheniensis,
1641 2312 1673 2363 ut
1686 2325 1752 2381 pro-

903 2393 946 2448 dit
959 2393 1089 2459 historia,
1104 2410 1248 2449 venenum
1264 2393 1341 2465 quod
1356 2398 1433 2448 certo
1449 2395 1565 2450 modulo
1580 2396 1709 2453 damnati
1721 2402 1754 2452 ιιι

904 2487 1084 2538 morerentur
1091 2483 1273 2549 hauriebant,
1281 2482 1422 2553 paulatim
1433 2481 1558 2539 bibendo
1569 2482 1630 2541 sine
1640 2485 1700 2542 ullo
1710 2487 1754 2541 vel

902 2571 959 2626 levi
973 2571 1156 2627 incommodo
1171 2570 1443 2626 valetudinisetlecit
1457 2575 1489 2625 ut
1504 2571 1626 2628 biberet.
1643 2574 1752 2645 ltaque,

903 2675 969 2714 cum
985 2664 1058 2715 osset
1073 2659 1227 2730 aliquando
1244 2659 1390 2728 damnata,
1404 2658 1564 2728 legitimam
1576 2660 1657 2715 illam
1667 2677 1755 2733 quau·

903 2748 1015 2803 titalem
1040 2747 1152 2814 veneni,
1171 2762 1259 2817 quam
1279 2745 1485 2801 consuetudine
1497 2746 1623 2815 vicerat,
1645 2748 1755 2821 accepit

903 2839 936 2890 ut
950 2834 1058 2902 catari,
1073 2849 1126 2889 nec
1141 2838 1174 2889 ut
1188 2834 1284 2888 crateri
1295 2833 1431 2888 exstincta
1442 2837 1495 2889 est.
1510 2834 1591 2899 Quod
1601 2851 1667 2890 cum
1681 2841 1755 2892 esset

903 2936 1008 2993 magno
1025 2921 1172 2987 miraculo,
1182 2921 1318 2976 missuest
1331 2921 1510 2976 inexsilium.
1521 2923 1594 2987 Quid
1605 2928 1752 2994 putemus,

904 3010 928 3064 si
943 3025 1086 3065 venenum
1101 3010 1209 3064 melum
1228 3015 1280 3076 est,
1294 3010 1378 3066 istam
1393 3010 1493 3065 iecisse
1508 3015 1540 3066 ut
1563 3012 1618 3067 sibi
1645 3014 1753 3068 malum
1770 3024 1773 3029 ’

904 3114 963 3154 non
974 3102 1048 3152 esset
1057 3100 1070 3150 'l
1079 3098 1214 3163 Quidhoc
1224 3099 1376 3154 absurdius
1386 3098 1459 3154 tSed
1469 3099 1536 3170 quia
1546 3099 1754 3155 inconvenien-

904 3187 944 3242 tia
967 3187 1077 3242 malum
1102 3190 1154 3253 est,
1180 3186 1248 3241 iecit
1264 3186 1361 3258 potius
1381 3191 1412 3241 ut
1435 3188 1614 3244 moderatam
1635 3206 1754 3246 consue-

904 3275 1035 3330 tudinem
1057 3275 1129 3330 illud
1151 3290 1254 3346 corpus
1276 3292 1328 3331 suo
1351 3276 1464 3348 corpori
1487 3278 1661 3334 conveniret.
1683 3281 1754 3335 Nam

905 3364 1018 3436 quando
1033 3365 1083 3419 illa
1098 3364 1227 3436 quelibet
1241 3363 1395 3420 calliditate
1408 3370 1505 3437 posset
1519 3367 1643 3435 efficere,
1661 3368 1754 3423 utsibi

904 3453 1136 3509 inconvenientia
1150 3469 1210 3508 non
1219 3453 1357 3508 noceret?
1366 3453 1440 3518 Quid
1451 3455 1510 3510 ila?
1519 3455 1592 3519 Quia
1603 3455 1681 3527 quod
1690 3472 1755 3512 vere

905 3548 934 3597 et
948 3542 1121 3613 generaliter
1130 3543 1239 3597 malum
1251 3546 1460 3613 est,etsemper
1470 3548 1498 3599 et
1512 3544 1646 3600 omuibus
1661 3550 1755 3602 nocet.

904 3631 1005 3687 Oleum
1019 3629 1124 3685 nostris
1139 3630 1305 3701 corporibus
1319 3631 1502 3687 commodum
1519 3638 1570 3696 est,
1586 3633 1756 3690 animalium

906 3723 1002 3774 autem
1015 3717 1125 3784 multis,
1141 3733 1259 3789 quaesex
1275 3718 1361 3789 pedes
1376 3719 1490 3787 habent,
1506 3723 1692 3778 vehementer
1706 3723 1757 3779 ad-

904 3822 1028 3862 versum.
1039 3806 1316 3874 Elleborum,nonne
1325 3806 1380 3862 alio
1391 3807 1475 3862 modo
1483 3807 1620 3873 cibasset,
1632 3810 1688 3866 alio
1698 3827 1757 3866 me·
1858 3880 1861 3886 Ι

906 3895 1110 3962 dieamentum,
1122 3893 1178 3949 alio
1191 3895 1347 3949 venenom‘l
1358 3895 1674 3953 Salemimmoderatius
1682 3915 1758 3954 acce·

905 3983 1759 4058 ptum‚quisnonvenenumesseclameverit‘tquotautemst

906 4076 1020 4143 quantoe
1035 4072 1165 4143 corporis
1179 4071 1397 4127 commoditates
1408 4088 1442 4127 ex
1457 4073 1568 4138 ausint,
1587 4075 1651 4146 quis
1665 4080 1758 4147 potest

906 4163 1080 4216 numerere?
1093 4162 1176 4241 aqua
1191 4159 1407 4215 maristerrenis
1419 4161 1592 4216 animalibus
1607 4178 1673 4217 cum
1683 4162 1756 4219 bihi-

906 4252 963 4315 tur,
977 4247 1063 4303 noxia
1078 4251 1141 4302 est:
1158 4248 1316 4303 multorum
1331 4253 1428 4305 autem
1443 4249 1699 4320 corporibus‚dum
1709 4251 1758 4307 illa

905 4335 1118 4405 humectantur,
1133 4337 1426 4393 accommodatissime
1441 4341 1470 4393 et
1488 4337 1582 4393 utilis:
1593 4337 1625 4393 in
1636 4343 1757 4411 utroque

906 4428 1002 4480 autem
1014 4424 1140 4495 piscibus
1154 4425 1241 4481 saluti
1252 4430 1281 4482 et
1294 4425 1489 4499 voluptatiest.
1510 4425 1595 4481 Panis
1608 4426 1756 4483 hominem

905 4513 967 4583 elit,
982 4513 1245 4584 accipitremnecat.
1258 4513 1573 4585 Coennmipsum,quod
1582 4519 1610 4570 et
1622 4516 1757 4571 haustum

905 4607 934 4659 et
948 4600 1083 4658 olioclum
1099 4603 1225 4674 graviter
1239 4602 1359 4658 offendit
1368 4606 1396 4656 el
1409 4602 1497 4670 ladit,
1508 4619 1604 4657 nonne
1618 4609 1647 4659 et
1660 4609 1757 4661 astate

905 4694 1012 4746 ιεειιιιιι
1027 4690 1186 4762 refrigerat,
1203 4695 1232 4746 et
1243 4690 1410 4746 vulneribus
1424 4707 1489 4762 quoe
1503 4692 1538 4746 ab
1560 4690 1629 4764 igne
1643 4693 1756 4750 accide-

905 4784 983 4849 runt,
999 4780 1240 4836 medicamentum
1249 4780 1305 4834 esu
1316 4779 1389 4844 Ouid
1402 4783 1526 4836 stercore
1536 4783 1758 4853 aspernabilius?

906 4868 976 4940 quid
992 4869 1087 4925 cinere
1102 4867 1265 4939 abjectius?
1278 4870 1316 4923 at
1339 4868 1401 4923 hac
1416 4872 1508 4924 tantas
1530 4870 1605 4942 agris
1619 4871 1757 4927 utilitates

906 4957 1038 5024 aderunt,
1054 4960 1201 5013 uteorum
1215 4955 1369 5021 inventori,
1384 4973 1467 5030 aquo
1483 4959 1570 5015 etiam
1581 4964 1689 5016 stercus
1703 4976 1755 5015 no·

905 5063 974 5102 meu
989 5045 1108 5117 accepit,
1122 5045 1263 5101 stercutio
1280 5045 1393 5102 divinos
1415 5047 1540 5105 honores
1564 5048 1686 5105 Romani
1706 5048 1757 5104 de·

905 5135 1041 5192 ferendos
1054 5138 1200 5206 putarent.

943 5225 987 5280 ¹3.
1001 5223 1057 5279 Sed
1069 5222 1139 5294 quid
1148 5238 1237 5294 parva
1246 5223 1388 5296 colligam,
1404 5241 1469 5299 qua
1479 5229 1547 5282 sunt
1559 5224 1756 5282 innumerabi-

905 5312 968 5366 lia?
982 5311 1179 5383 Quatuoripsa
1189 5328 1254 5384 quae
1263 5311 1294 5367 in
1303 5308 1678 5387 promptu'suntelementa,
1690 5315 1756 5386 quis

906 5400 1019 5456 dubitet
1046 5399 1181 5470 prodesse
1192 5416 1246 5471 per
1259 5403 1499 5471 convenientiam,
1521 5402 1755 5460 inconvenienter

906 5493 1003 5544 autem
1018 5488 1155 5560 adhibita,
1175 5490 1361 5549 vehomenter
1387 5492 1504 5548 adverse
1529 5507 1591 5547 esse
1618 5491 1757 5549 natural
