3884 6112
61 267 111 320 tot

56 388 177 460 higebat
191 386 343 460 donnica),
356 387 521 462 quaesivisse
533 403 563 442 se
576 386 669 442 adhuc
678 387 918 443 catechumenum

55 476 162 532 isthaec
173 493 277 549 parum
291 482 440 533 curantem
460 477 557 532 scribit
570 477 670 548 (Epist.
692 479 737 546 36,
756 493 785 531 n.
811 479 865 543 32).
882 479 920 532 At

55 566 112 632 illi,
128 566 235 638 quibus
248 566 309 621 dies
323 569 478 638 noctesque
497 565 666 636 angebatur,
682 565 810 637 scrupuli
830 565 918 620 allius

55 653 159 708 animo
175 655 328 720 haeserant,
344 669 431 726 quam
446 659 477 709 ut
491 653 573 708 facile
585 669 617 708 ac
627 653 683 708 cito
694 653 777 708 evelli
787 657 916 725 possent.

56 742 137 797 Varii
151 743 196 798 illi
208 743 416 815 cogitationum
428 743 542 810 tluctus,
559 741 664 814 quibus
678 743 829 808 aestuabat,
846 742 919 797 olio·

56 845 124 884 snm
138 833 228 901 atque
242 829 376 885 omnibus
390 829 466 885 carris
480 830 662 900 expeditum,
672 829 720 884 cui
733 829 920 885 refunderen-

55 923 115 985 tur,
132 918 282 975 doctorem
302 918 456 991 exigebant
472 935 479 973 :
496 934 590 991 neque
612 935 700 990 porro
714 917 754 973 ita
773 934 919 991 compara-

56 1014 122 1063 tum
145 1008 331 1063 Ambrosium
353 1023 483 1080 unquam
502 1008 731 1063 nanciscebatur.
751 1008 919 1078 Erumpebat

55 1112 127 1168 sarpa
139 1113 253 1153 numero
266 1113 343 1153 sacar
357 1100 471 1152 antistas
485 1099 515 1152 in
525 1098 657 1153 Monuica
667 1096 761 1152 hadas
774 1098 918 1166 gratulans

56 1188 136 1249 nihi,
150 1186 250 1258 inquit
264 1185 449 1258 Augustinus,
467 1186 541 1255 quod
555 1186 636 1241 talem
649 1191 763 1241 matrem
775 1187 916 1252 babmemr

56 1278 178 1332 umens
193 1276 364 1346 pudentilla
382 1291 423 1330 me
442 1277 540 1345 ilium,
567 1277 616 1344 qui
637 1274 798 1330 dubitabam
813 1275 846 1330 da
862 1276 917 1330 illis

56 1365 194 1433 emnibrm
217 1369 243 1419 et
257 1365 377 1419 inueniri
386 1378 465 1434 posse
485 1365 559 1419 uiam
573 1365 636 1418 uita
649 1363 763 1419 minime
785 1363 917 1433 putabam

56 1455 175 1525 (confes
192 1453 240 1508 lib.
254 1455 281 1519 o,
301 1467 363 1522 cap.
377 1455 404 1519 2,
419 1468 448 1508 n.
459 1452 500 1525 t).
515 1452 578 1508 Non
593 1452 764 1524 suppetabat
780 1469 847 1507 vero
862 1452 917 1524 ipsi

54 1541 183 1615 pecunia
205 1541 373 1597 coemendis
392 1541 484 1609 libris,
504 1555 629 1614 quorum
652 1557 682 1596 se
702 1556 755 1613 ope
777 1540 916 1611 emdirel,

55 1649 115 1689 non
138 1631 263 1687 facultas
284 1630 465 1686 commodato
491 1630 526 1685 ab
548 1629 647 1685 amicis
662 1629 827 1702 accipiendi,
847 1645 915 1697 non,

54 1720 172 1776 etiamsi
189 1725 298 1792 praesto
316 1720 450 1787 fuissent,
472 1720 586 1793 legendi
604 1724 717 1791 tempas
735 1735 741 1775 :
763 1719 919 1775 antemeri-

54 1811 157 1866 dianas
173 1809 253 1865 enim
267 1810 356 1864 horas
369 1809 576 1881 occupantibus
590 1807 746 1881 discipulis,
758 1808 834 1879 quod
849 1808 917 1862 reli·

55 1914 149 1973 quum
165 1897 226 1954 diei
241 1902 400 1969 supererat,
421 1902 471 1954 eut
489 1897 721 1970 praelectionibus
733 1897 916 1964 adornandis,

55 1991 106 2044 aut
119 1986 255 2043 curando
268 1986 450 2058 corpusculo,
467 1991 516 2041 aut
534 1985 687 2042 reficiendo
708 1984 804 2040 animo
824 1985 859 2040 ab
879 1984 918 2039 iu.

56 2077 190 2133 tentione
212 2091 359 2144 curarum,
383 2079 433 2130 aut
458 2075 583 2147 denique
611 2073 736 2130 oillciose
761 2073 917 2129 salutandis

57 2166 158 2222 amicis
172 2164 427 2237 magnatibusque,
445 2180 570 2237 quorum
583 2164 679 2219 lavore
694 2163 729 2218 nd
744 2179 841 2218 rerum
856 2179 918 2218 sua-

56 2271 122 2311 rum
141 2253 334 2310 commodum
352 2253 511 2326 indigebat,
527 2253 732 2308 absumebatur
747 2251 840 2324 (iiia,
855 2268 915 2322 cap.

59 2348 102 2413 it,
115 2360 152 2401 n.
174 2343 230 2415 18).
249 2342 308 2398 Etsi
321 2358 389 2399 aero
400 2342 585 2398 Philastrium
596 2341 773 2397 brixiensem
788 2339 918 2396 doctrina

59 2437 119 2489 tram
138 2431 237 2489 aetatis
257 2431 410 2498 celebrem,
432 2431 525 2486 visum
548 2447 614 2486 asa
638 2430 790 2487 idediolani
814 2430 919 2485 scribat

59 2525 160 2594 (Epist.
177 2524 244 2589 222,
260 2537 290 2576 a.
305 2520 347 2592 i);
363 2536 421 2575 non
436 2524 555 2592 apparet
569 2524 666 2575 mmen
680 2520 768 2574 ullam
784 2519 839 2591 ipsi
852 2535 917 2574 cum

60 2610 246 2684 coepiscopo
260 2608 505 2664 necessitudinem
518 2608 722 2675 intercessisse,
739 2612 789 2664 aui
803 2624 868 2664 cum
884 2624 918 2662 co

59 2701 92 2756 de
102 2699 252 2773 religione
266 2712 398 2770 unquam
413 2697 513 2770 egisse.

91 2793 121 2846 3.
139 2787 229 2855 Quod
243 2787 334 2859 igitur
348 2803 438 2843 unum
454 2789 602 2859 supererat
615 2786 729 2842 vulneri
744 2785 917 2854 remedium,

60 2878 158 2933 andire
171 2877 361 2932 Ambrosium
373 2892 425 2948 per
435 2876 513 2932 diem
527 2892 672 2949 quemque
686 2874 861 2931 dominicam
874 2890 919 2929 co-

61 2982 117 3022 ram
131 2983 166 3022 aa
179 2965 299 3039 publice
314 2966 350 3021 ad
366 2966 506 3038 populum
526 2966 715 3020 disserentem
734 2965 833 3020 sedulo
851 2980 917 3036 per·

62 3057 228 3113 maerebat:
245 3071 305 3127 qno
322 3055 413 3126 magis
428 3071 460 3110 ac
474 3054 566 3126 magis
580 3055 653 3109 tanti
669 3053 722 3108 riri
737 3053 918 3109 sermonibus

61 3160 231 3216 praessum
245 3144 301 3199 sibi
317 3145 406 3200 luisse
419 3148 549 3211 testatur,
564 3159 665 3200 omnes
676 3147 854 3198 versutarum
869 3159 917 3198 ca-

62 3234 240 3291 lumniarum
268 3233 370 3299 nodos,
395 3249 468 3305 quos
490 3232 609 3304 quidem
633 3232 783 3287 adversum
806 3231 919 3287 divinos

62 3324 159 3380 libros
173 3321 328 3379 Manichaei
347 3321 536 3389 innecterent,
553 3337 613 3376 non
628 3336 733 3393 magno
748 3321 863 3392 negotio
883 3320 918 3375 ab

63 3412 216 3470 Catholicis
228 3426 314 3483 posse
328 3409 455 3466 dissolvi.
466 3409 521 3466 Ubi
535 3426 602 3465 varo
617 3409 757 3481 comperit
770 3409 919 3465 hominem

63 3503 95 3559 aa
108 3500 273 3573 imaginem
288 3499 339 3554 liei
353 3498 459 3554 iactum
474 3515 533 3554 non
545 3499 585 3554 sic
594 3515 610 3553 a
620 3499 772 3556 Catholicis
786 3498 918 3569 intelligi,

63 3596 91 3647 ut
107 3591 237 3647 hnmani
254 3588 384 3661 corporis
400 3589 538 3644 membris
561 3589 635 3643 Deus
657 3587 807 3644 terminari
825 3588 922 3642 creda-

63 3685 151 3746 retur,
167 3678 416 3754 quemadmodum
436 3678 587 3734 ldaniaboei
605 3678 857 3733 calnmniabautur
873 3681 921 3745 (lla

64 3771 230 3833 heresibus,
250 3770 317 3824 haar.
332 3770 388 3839 46),
404 3783 571 3839 quanquam
591 3767 771 3840 spiritualem
790 3767 921 3822 substan·

63 3858 132 3913 hem
146 3858 281 3913 nondum
295 3860 391 3912 mente
407 3861 536 3913 assecuto
549 3873 594 3912 res
606 3873 640 3911 ea
653 3856 730 3911 haud
739 3855 808 3911 satis
823 3859 921 3927 aperta

63 3952 153 4016 esset;
167 3946 310 4018 gaudium
324 3950 420 4001 mmeu
436 3945 546 4018 pudore
564 3945 686 4001 mulum
706 3945 807 4000 exinde
821 3944 919 4012 sensit,

63 4037 139 4109 quod
153 4036 274 4092 taudem
294 4035 449 4108 aliquando
467 4039 607 4102 cerneret,
626 4050 656 4088 se
675 4034 825 4089 adversum
845 4034 922 4105 cogi·

62 4125 209 4182 tatianum
228 4139 348 4180 suarum
371 4124 512 4188 tigmenta
531 4123 633 4195 magis,
657 4139 746 4195 qnam
772 4123 921 4177 adversum

64 4214 199 4271 Ecclemae
213 4213 362 4269 catholicae
377 4212 464 4283 iidem
479 4212 635 4268 oblatrasse
650 4215 774 4280 temere;
788 4228 853 4267 cum
866 4212 920 4267 hu-

64 4303 174 4359 militer
187 4319 221 4358 ac
234 4301 367 4373 religiose
382 4299 553 4372 investigare
569 4300 722 4370 debuisset,
738 4300 939 4372 quemadmo·

64 4393 136 4449 dum
149 4408 199 4448 res
210 4408 241 4447 se
253 4391 371 4447 haberet
385 4389 502 4461 (confes.
519 4390 568 4445 lib.
585 4394 612 4459 a,
629 4406 689 4460 cap.
707 4392 734 4456 3,
750 4404 779 4444 n.
795 4391 833 4461 4).
852 4390 922 4444 llinc

64 4480 269 4538 eoerdentiori
278 4479 480 4552 dignoscendae
488 4477 763 4534 veritatisdesiderio
771 4477 921 4549 flagrabat,

65 4568 477 4640 quoseranisllanichaeorum
486 4566 924 4640 pollicitationibustarpitcrde·

65 4658 238 4714 lamanasse
248 4658 504 4715 verecundabatur.
514 4656 646 4713 Nondum
656 4656 766 4727 liquido
778 4672 923 4729 comperc-

67 4751 123 4813 rat,
130 4763 240 4819 unqua
247 4748 283 4804 ab
290 4746 412 4803 Ecclesia
420 4749 470 4803 liei
478 4746 669 4813 traderentur,
679 4761 745 4801 vera
756 4751 864 4801 essent:
873 4745 922 4800 scd

67 4835 130 4891 sine
143 4837 205 4892 ulla
215 4836 394 4893 dubitatione
408 4837 534 4905 tenebat,
545 4836 604 4891 illic
614 4851 672 4890 non
683 4835 777 4890 doceri
787 4851 851 4907 quae
861 4835 922 4905 ipse

67 4925 139 4981 false
152 4925 365 4982 existimatione
379 4932 440 4982 tam
456 4926 555 4981 acerbe
568 4925 639 4980 olim
654 4923 822 4980 criminatus
838 4928 920 4979 esset.

67 5016 167 5086 ltaque
184 5015 381 5084 eonstindebar,
396 5016 501 5087 inquit,
525 5020 550 5069 at
569 5015 742 5070 amaartcbar
756 5030 763 5069 :
779 5020 805 5069 et
817 5013 922 5083 paude-

68 5105 141 5172 bam,
153 5106 224 5162 liras
238 5120 320 5172 meus,
335 5106 408 5177 quod
422 5106 543 5161 Ecclesia
556 5106 649 5174 unica,
664 5118 761 5174 corpus
776 5105 855 5159 Unici
869 5106 920 5171 tui,

66 5197 98 5250 in
111 5212 168 5267 qua
176 5195 249 5251 milri
260 5211 356 5251 noman
367 5196 472 5254 dhmsti
481 5196 587 5262 insonti
596 5197 635 5249 est
644 5193 773 5263 inditum,
784 5208 838 5248 non
848 5207 923 5263 sapa·

68 5289 110 5339 nrt
121 5285 266 5354 infantiles
280 5299 384 5354 nugam
397 5299 483 5353 nequa
498 5284 546 5339 hoa
564 5282 675 5339 liaberet
689 5285 719 5337 in
732 5283 859 5338 doctrina
872 5297 921 5337 sua

788 264 894 321 LIBER
916 263 1111 321 SECUNDUS.

1775 278 1825 329 tot

974 390 1064 454 edam,
1080 388 1153 458 quod
1161 393 1252 444 uetera
1261 390 1366 460 scripta
1374 392 1453 458 sepis
1462 395 1488 446 et
1496 393 1693 462 Prophetarum
1699 394 1760 464 jam
1772 411 1825 450 non

972 479 1020 532 illo
1039 480 1113 533 oculo
1127 480 1197 533 mihi
1215 479 1327 548 leganda
1347 486 1574 550 proponerentur,
1591 499 1642 554 quo
1658 489 1739 538 anua
1751 483 1828 540 oide-

973 565 1073 621 bantur
1089 567 1219 634 absurda,
1238 582 1299 622 cum
1317 569 1463 638 arguebam
1479 575 1609 639 tanquam
1628 573 1669 625 ita
1681 575 1825 629 sentientes

972 659 1077 710 sanictos
1093 660 1170 722 tuos;
1192 672 1286 712 uarum
1299 662 1389 713 autem
1402 673 1457 714 non
1476 661 1519 714 ita
1531 659 1683 715 sentiebant
1697 677 1703 715 :
1724 665 1750 716 et
1762 666 1826 716 tan·

972 758 1054 814 quam
1068 745 1190 812 rapulam
1204 745 1410 814 dilipantissima
1427 747 1635 810 commendaret,
1648 764 1718 820 sapa
1731 751 1760 804 in
1773 766 1827 821 po·

969 833 1113 902 putoribus
1133 834 1299 889 sermonibus
1322 837 1380 891 suis
1400 836 1532 891 dicentem
1552 837 1727 894 Ambrosium
1749 841 1826 896 letus

971 920 1124 990 erudiebam,
1141 922 1275 978 «Littera
1296 923 1404 988 accidit,
1426 925 1549 994 Spiritus
1563 931 1654 982 autem
1671 929 1824 998 uiuificata

972 1008 1009 1079 (ll
1025 1010 1084 1067 Cor.
1111 1026 1151 1077 ιιι,
1167 1011 1191 1080 6)
1206 1026 1213 1064 :
1230 1027 1290 1067 cum
1312 1028 1344 1066 ea
1358 1028 1418 1083 qua
1431 1013 1469 1067 ad
1484 1014 1603 1069 litteram
1619 1020 1825 1086 peruersitatem

971 1097 1064 1153 docere
1077 1099 1250 1169 uidebantur,
1269 1105 1369 1156 remoto
1382 1103 1495 1170 mystico
1509 1103 1657 1158 uelamento
1671 1105 1826 1174 spirituali·

972 1192 1012 1242 lar
1024 1189 1143 1258 aperiret
1157 1203 1210 1243 nou
1224 1188 1315 1250 dicens
1330 1190 1403 1257 quod
1417 1205 1459 1245 me
1481 1191 1635 1260 offerrdaret,
1650 1197 1775 1261 quamuis
1789 1209 1821 1248 ea

971 1276 1081 1346 dicaret,
1096 1292 1156 1346 quaa
1174 1281 1266 1332 utrum
1286 1294 1351 1332 uera
1371 1284 1466 1346 essent,
1482 1279 1571 1334 miluc
1586 1283 1751 1349 ignorarem.
1772 1285 1818 1338 Τε-

969 1365 1065 1420 nebam
1079 1368 1150 1421 anim
1164 1381 1309 1422 cormeum
1323 1368 1357 1422 ab
1374 1370 1447 1423 omni
1461 1372 1623 1430 asseruione.
1639 1373 1735 1426 timens
1748 1388 1824 1442 pra·

970 1457 1113 1525 cipitium‚·
1137 1460 1163 1510 at
1182 1456 1326 1526 suspendio
1341 1460 1429 1525 magis
1451 1459 1578 1514 necabar.
1603 1460 1730 1515 Volebam
1750 1463 1822 1516 enim

970 1560 1061 1600 aarum
1076 1561 1135 1614 qua
1148 1560 1201 1600 aon
1218 1545 1347 1612 videar,
1369 1549 1411 1601 ita
1429 1562 1470 1601 me
1488 1552 1588 1602 certum
1603 1547 1674 1618 fieri,
1689 1552 1720 1604 ut
1734 1554 1823 1604 emtus

970 1648 1052 1689 assem
1070 1634 1143 1704 quod
1162 1638 1262 1703 septem
1284 1640 1310 1691 et
1322 1636 1376 1689 tria
1391 1635 1479 1708 dacem
1494 1638 1559 1691 sint.
1574 1638 1666 1706 Neque
1680 1640 1751 1693 enirn
1766 1643 1824 1694 tum

969 1723 1082 1776 insanus
1095 1737 1180 1790 eram,
1195 1726 1226 1775 ut
1243 1737 1276 1775 aa
1290 1722 1338 1776 hoc
1352 1723 1462 1791 quidem
1471 1729 1598 1793 putaram
1610 1740 1690 1794 possa
1704 1741 1822 1796 compre·

970 1809 1071 1879 hendi3
1085 1810 1132 1864 sed
1145 1812 1215 1864 sicut
1226 1812 1285 1879 lma,
1299 1812 1340 1864 ita
1354 1816 1450 1866 aalma
1461 1813 1611 1882 cupiebam,
1625 1815 1683 1868 siue
1693 1830 1822 1885 corpora·

970 1899 1009 1953 lia
1024 1914 1083 1968 quaa
1097 1913 1186 1953 coram
1200 1899 1322 1954 suasibus
1344 1901 1409 1954 meis
1423 1915 1477 1954 non
1490 1901 1615 1956 adessent
1628 1918 1635 1968 ;
1651 1904 1709 1957 siae
1726 1905 1818 1973 spiri-

971 1988 1068 2053 tualia,
1083 1987 1222 2056 dequibus
1234 1990 1353 2056 cogitare
1361 1990 1417 2043 nisi
1426 1992 1602 2059 corporaliter
1612 1991 1771 2047 nesciebam.
1783 1993 1822 2048 Et

970 2078 1066 2131 sartari
1078 2075 1208 2130 credendo
1218 2081 1351 2146 poteram,
1365 2081 1396 2132 ut
1404 2080 1549 2146 purgatior
1562 2080 1632 2133 acies
1646 2082 1742 2134 mentis
1756 2095 1821 2134 mea

971 2167 1136 2234 diriperetur
1149 2167 1242 2234 aliquo
1261 2165 1339 2221 modo
1349 2168 1380 2221 in
1391 2168 1532 2221 vamtatem
1548 2172 1623 2222 tuam
1636 2183 1742 2239 semper
1758 2184 1824 2224 ma-

970 2260 1085 2323 nentem,
1099 2259 1125 2308 et
1136 2254 1253 2308 annullo
1262 2254 1435 2324 mficuntem.
1450 2254 1583 2312 Sedsicut
1592 2259 1697 2312 eaaiira
1712 2259 1822 2323 msolet

971 2349 1002 2400 ut
1018 2346 1120 2399 matum
1134 2343 1266 2398 medicum
1280 2349 1418 2414 aspertus,
1430 2346 1513 2399 eliam
1528 2344 1594 2400 bono
1608 2348 1703 2402 timeat
1716 2361 1744 2402 sa
1756 2361 1825 2402 aom-

971 2434 1094 2496 mittare3
1110 2434 1150 2487 ita
1171 2437 1230 2488 erut
1243 2433 1368 2488 ualetudo
1383 2435 1480 2489 areima
1494 2450 1568 2502 maa,
1586 2451 1646 2505 qua
1659 2438 1754 2506 utique
1767 2439 1824 2492 nisi

971 2521 1102 2577 medendo
1116 2523 1211 2576 sanari
1223 2537 1276 2577 non
1288 2526 1406 2592 poterat,
1416 2528 1442 2578 et
1451 2539 1486 2578 ne
1497 2524 1573 2592 falsa
1585 2525 1714 2595 crederet,
1729 2528 1826 2580 curari

971 2611 1127 2666 recusabat:
1150 2613 1276 2667 resistens
1289 2611 1414 2667 manibus
1429 2614 1492 2679 tuis,
1503 2615 1558 2683 qui
1573 2614 1769 2669 medicamenta
1787 2617 1824 2684 {i-

972 2700 1017 2755 der‘
1029 2702 1178 2769 confecisti,
1193 2704 1218 2754 at
1231 2702 1362 2769 sparsisti
1375 2715 1457 2771 super
1477 2702 1581 2756 morbos
1595 2703 1669 2758 orbis
1686 2707 1821 2760 terrarum

973 2788 1088 2860 (dantes.
1105 2787 1152 2843 lib.
1169 2791 1194 2843 6.
1211 2802 1272 2858 cap.
1293 2790 1319 2854 t,
1335 2804 1381 2843 nn.
1403 2791 1429 2854 5,
1444 2789 1481 2858 6).

1006 2879 1033 2932 4.
1049 2877 1121 2931 Tam
1135 2892 1222 2948 porro
1236 2875 1396 2946 intelligere
1411 2875 1506 2947 coepit,
1522 2876 1661 2932 sincerius
1675 2896 1709 2933 ac
1724 2879 1822 2935 mode·
1895 2907 1900 2917 ·

973 2964 1044 3019 stins
1062 2964 1214 3020 Ecclesiam
1236 2964 1416 3035 agare,dum
1433 2980 1645 3020 rerumrerum
1666 2967 1753 3022 tidem
1772 2983 1824 3038 po·

972 3054 1068 3119 stulat,
1088 3070 1153 3126 quae
1168 3069 1262 3126 neque
1276 3069 1361 3108 sensu
1376 3052 1495 3125 percipi,
1514 3070 1609 3126 neque
1624 3059 1701 3110 certa
1714 3056 1825 3112 ratione

973 3142 1189 3198 commonstrari
1207 3146 1333 3215 possent,
1348 3159 1435 3215 quam
1450 3143 1609 3214 ldanichaei,
1625 3145 1676 3216 qui
1691 3161 1753 3201 eam
1767 3140 1826 3201 cra·

974 3232 1123 3289 dulitetem
1140 3232 1302 3300 irridentes,
1314 3230 1465 3302 magnilica
1477 3232 1595 3303 quidem
1610 3234 1826 3305 pollicerentur,

973 3313 1045 3378 nihil
1056 3337 1085 3377 se
1095 3322 1151 3377 nisi
1162 3325 1294 3393 apertum
1306 3338 1337 3376 ac
1349 3320 1534 3393 perspicuum
1547 3321 1720 3391 tradituros;
1735 3323 1784 3378 sed
1796 3321 1826 3377 id
1871 3309 1880 3323 ⁸

974 3417 1075 3484 postea
1089 3416 1304 3483 compressiora
1321 3426 1379 3465 non
1393 3410 1531 3478 valerani,
1548 3427 1581 3464 ao
1595 3411 1713 3466 demum
1729 3411 1826 3467 devol-

974 3504 1138 3566 sisuinnai
1162 3516 1213 3555 sua
1238 3500 1367 3571 ipsorum
1390 3498 1457 3566 tide,
1482 3498 1617 3553 coniicias
1636 3517 1652 3554 a
1671 3516 1701 3554 sa
1715 3499 1827 3555 fabulas

974 3597 1049 3654 stare
1071 3593 1157 3661 atque
1175 3588 1265 3660 accipi
1284 3587 1372 3642 velint
1393 3587 1485 3657 (itia,
1506 3602 1566 3658 cap.
1584 3591 1611 3658 5,
1626 3603 1654 3642 n.
1670 3589 1709 3659 7).
1726 3589 1827 3643 Postea

974 3695 1039 3733 cum
1054 3676 1206 3732 mitissima
1221 3676 1272 3730 Dei
1285 3691 1388 3730 manus
1400 3691 1446 3730 cor
1456 3676 1519 3748 ejus
1533 3681 1738 3747 pertractatum
1754 3692 1826 3747 peu·

974 3766 1054 3822 latim
1064 3765 1238 3831 emolliissel,
1254 3763 1443 3819 consideravit
1452 3765 1697 3835 quamiuuumara
1706 3782 1740 3821 ex
1754 3764 1827 3819 alio·

974 3872 1039 3911 rum
1053 3853 1217 3909 testimonio
1232 3852 1430 3907 indubitanter
1444 3852 1582 3920 crederet,
1599 3854 1704 3926 quibus
1717 3854 1773 3910 uisi
1792 3855 1826 3910 tl·

974 3947 1024 4001 des
1033 3944 1197 4010 haberetur,
1209 3942 1337 3997 tollenda
1345 3942 1418 3997 loret
1435 3960 1451 3996 e
1469 3942 1527 3997 rita
1541 3943 1606 3997 ritae
1617 3943 1746 3999 societas.
1756 3944 1827 3999 llinc

975 4034 1116 4090 intellexit
1133 4031 1216 4104 argui
1230 4048 1392 4102 nonposse,
1408 4032 1457 4103 qui
1473 4031 1560 4086 sacris
1575 4032 1724 4087 Codicibus
1740 4032 1827 4088 iidem

974 4124 1145 4189 tribuerent,
1160 4137 1286 4192 quorum
1300 4135 1404 4192 nempe
1417 4120 1616 4176 auctoritatem
1633 4123 1707 4176 Deus
1721 4119 1826 4192 ipsein

975 4213 1108 4269 omnibus
1127 4210 1337 4283 propemodum
1362 4209 1440 4265 orbis
1460 4215 1602 4265 terrarum
1623 4209 1753 4280 partibus
1766 4213 1826 4264 tam

975 4305 1107 4373 potenter
1121 4297 1266 4354 stabilivit.
1279 4298 1350 4354 Cum
1365 4297 1444 4352 enim
1459 4298 1494 4353 ad
1508 4298 1655 4352 veritatem
1664 4297 1774 4370 liquido
1785 4297 1828 4353 in-

974 4387 1170 4460 vestigandam
1188 4392 1292 4443 natare
1311 4386 1401 4443 simus
1414 4386 1597 4454 infirmiores,
1619 4390 1648 4442 et
1661 4387 1698 4441 ad
1712 4387 1766 4443 hoc
1780 4387 1826 4442 dt.

975 4479 1042 4534 vina
1055 4478 1222 4534 auctoritate
1233 4477 1430 4549 indigeamus;
1445 4480 1552 4531 tanum
1563 4477 1638 4531 Dens
1647 4477 1690 4531 illi
1704 4477 1828 4550 Scriptu-

975 4584 1025 4632 raa,
1042 4582 1128 4639 quam
1147 4566 1270 4621 Ecclesia
1288 4569 1444 4627 reseretur,
1459 4582 1518 4620 non
1533 4566 1711 4633 contulisset,
1727 4567 1782 4622 nisi
1799 4571 1828 4622 et

975 4672 1028 4729 per
1041 4657 1134 4726 ipsam
1147 4655 1203 4710 sibi
1217 4653 1305 4721 credi,
1318 4659 1347 4709 et
1361 4670 1413 4725 per
1426 4654 1518 4725 ipsam
1533 4671 1562 4709 se
1574 4655 1665 4727 quaeri
1680 4655 1826 4724 voluisset,

975 4744 1139 4801 humillimo
1153 4760 1258 4816 genere
1280 4743 1417 4815 loquendi
1437 4760 1517 4815 usas,
1540 4749 1573 4800 ul
1587 4761 1688 4800 omncs
1702 4747 1826 4816 populos

976 4834 1110 4890 alliceret.
1132 4832 1161 4889 si
1182 4849 1239 4905 qua
1257 4848 1323 4887 vero
1341 4832 1494 4903 Scripturas
1509 4833 1570 4888 loca
1584 4835 1715 4890 nondum
1728 4834 1826 4889 animo

975 4924 1147 4996 perciperet,
1158 4922 1232 4977 hanc
1242 4922 1450 4977 sententiarum
1459 4922 1610 4994 caliginem
1621 4925 1656 4980 ad
1669 4940 1826 4979 sacramen·

975 5017 1072 5067 torum
1085 5011 1265 5067 altitudinem
1275 5011 1454 5066 referendam
1466 5027 1528 5067 essa
1542 5013 1624 5068 facile
1634 5012 1824 5084 intelligebat:

975 5119 1032 5174 qua
1041 5101 1188 5156 occasione
1204 5100 1243 5154 sic
1257 5101 1347 5155 ileum
1362 5099 1538 5173 alloquitur:
1555 5102 1710 5173 Capitabarn
1724 5102 1787 5167 lac,
1800 5105 1825 5156 et

975 5190 1073 5245 adeas
1083 5190 1169 5256 mibi3
1186 5189 1371 5259 suspirabam,
1388 5195 1413 5244 at
1431 5191 1564 5247 corimbos
1575 5208 1634 5257 mc;
1650 5189 1824 5259 fluctuabam,

976 5285 1001 5336 et
1014 5279 1183 5349 gubernabas
1194 5294 1235 5334 me
1247 5298 1255 5347 3
1269 5278 1343 5335 ibam
1355 5296 1406 5350 per
1420 5283 1493 5354 piam
1507 5282 1598 5336 saculi
1613 5281 1706 5346 latam,
1721 5293 1767 5333 nec
1777 5277 1826 5332 de·

68 5387 149 5444 sana,
158 5373 233 5444 quod
247 5377 274 5430 te
285 5379 433 5430 creatorem
442 5374 575 5440 omnium,
589 5375 619 5427 in
633 5374 753 5442 spatium
764 5371 816 5426 loci
826 5387 921 5440 quam·
974 5368 1091 5440 serebas(
1104 5368 1187 5428 lbid..
1202 5384 1232 5423 n.
1253 5371 1291 5441 8).
1307 5370 1344 5425 llo
1358 5385 1425 5425 vero
1439 5369 1602 5442 promptius
1614 5367 1766 5438 Scripturis
1780 5384 1825 5422 sa-

68 5466 110 5519 ris
129 5478 265 5519 ammaim
284 5467 310 5518 et
330 5463 463 5532 amplum,
487 5467 576 5518 tamen
596 5461 718 5531 undique
738 5461 922 5522 terminatum,

70 5553 248 5610 munuae
262 5553 444 5610 hronanorum
462 5555 553 5623 ppura
571 5550 749 5609 contruderet.
765 5548 922 5607 (laudabam

976 5457 1144 5529 crisprimas
1159 5459 1336 5515 auctoritatis
1351 5459 1520 5516 deserendas
1532 5473 1593 5512 esse
1601 5457 1757 5529 judicabat,
1768 5473 1826 5530 quo

976 5547 1063 5605 seria
1083 5547 1141 5604 illae
1165 5552 1389 5621 pugnantesque
1405 5547 1526 5603 invicem
1539 5545 1684 5603 rariorum
1698 5546 1825 5619 philoso-
