3884 6112
136 235 186 288 791
731 230 1004 290 uudrsssstoNtJtt
1029 232 1056 287 S.
1086 229 1290 288 Abousrtru.
1850 230 1896 284 itt

137 367 211 408 sum.
229 353 262 408 Et
276 351 419 423 quomodo
434 351 495 423 jam
509 351 653 408 inveniam
676 355 715 420 te,
742 351 766 407 si
792 366 904 406 memor
924 364 986 406 non
1041 367 1112 423 ergo
1125 368 1223 425 quaero
1239 350 1328 409 vitum
1341 350 1561 426 mtumrquta
1574 350 1797 409 uonsstmilri
1817 352 1899 409 dou

138 455 203 497 sum
217 439 284 496 tui?
1041 440 1135 496 dicam
1150 457 1156 496 :
1173 441 1223 496 Sat
1236 447 1289 503 est,
1304 440 1363 496 illic
1375 440 1424 497 ubi
1437 446 1550 514 oportet
1571 446 1606 497 nt
1619 440 1746 498 dium?
1760 441 1899 514 montom

446 511 558 567 CAPUT
576 513 672 568 NVNI.
1042 545 1106 585 eam
1120 532 1243 602 quaero?
1256 531 1356 585 Utrum
1367 545 1420 603 per
1432 530 1667 587 recordationem
1682 535 1831 602 tanquam
1845 545 1899 586 aa·

193 601 252 658 Non
265 601 431 656 irtrertiretur
445 616 593 671 earesqaar
607 601 718 669 eccidit,
735 601 791 655 uisi
802 599 934 655 manerio
1043 619 1148 674 oblitus
1163 620 1228 687 qm,
1244 619 1422 692 oblitumque
1444 635 1491 676 m,
1509 635 1572 677 ΘΜ
1587 619 1691 676 adque
1718 624 1840 674 mem
1850 635 1859 687 3
1871 635 1899 674 u

493 693 635 744 ‘millib
1042 723 1094 781 per
1105 708 1267 780 appetitum
1282 707 1409 764 discendi
1424 708 1616 781 incognitam,
1643 708 1714 765 sire
1728 722 1824 780 qnam
1835 723 1899 764 nuu-

172 783 216 835 27.
233 777 400 834 Perdiderat
414 777 492 832 euim
504 778 609 833 mulier
622 777 797 845 drachmam,
813 780 840 832 et
855 775 988 848 quaesivit
1042 812 1130 869 quam
1144 796 1269 861 merim,
1283 797 1341 853 ,Μ
1353 813 1440 869 qum
1452 797 1492 853 ,jc
1504 796 1613 855 oblim,
1626 797 1743 854 fuerim
1753 801 1788 852 „q
1796 812 1847 852 m,
1857 812 1901 855 m,

138 867 498 937 eamcumlucc1·na(l.ue.
521 884 567 935 xv,
594 869 631 936 8),
647 871 676 922 et
703 865 758 921 nisi
784 881 898 920 memor
925 865 987 936 ejus
1043 883 1165 939 oblitum
1181 900 1242 939 Μ
1256 883 1462 941 mmmmm?
1489 885 1592 941 Nom,
1606 883 1676 957 ip„
1690 889 1739 940 ω
1752 883 1841 940 Μ.
1852 884 1900 940 ,iq

138 959 221 1024 esset,
235 971 294 1011 uon
308 954 451 1011 inveniret
476 971 549 1010 eam.
564 956 635 1011 Cum
663 955 742 1010 enim
771 958 845 1009 esset
858 953 985 1019 inventa,
1043 989 1128 1045 quam
1143 988 1244 1046 (ΨΜ
1257 973 1367 1041 volum,
1382 979 1411 1029 eg
1424 972 1543 1030 omnino
1566 972 1620 1045 quq
1641 973 1726 1029 ηοω
1740 988 1831 1028 nem„
1845 975 1900 1029 ως

137 1043 312 1101 undesciret
337 1049 435 1099 utrum
456 1043 518 1115 ipsa
546 1048 629 1110 esset,
653 1043 676 1097 si
700 1058 812 1098 memor
840 1042 901 1113 eJus
928 1057 987 1096 non
1044 1061 1252 1119 Ubinomunt
1270 1077 1342 1126 ,mu
1365 1062 1442 1135 quoq
1465 1061 1619 1118 ,molunt
1639 1063 1741 1118 emp
1762 1060 1898 1119 Ubjffip

136 1136 233 1189 esset?
246 1133 331 1189 Nulla
345 1133 465 1188 tuemini
480 1149 526 1188 me
539 1132 653 1204 perdita
667 1132 801 1204 quaesisse
812 1136 899 1203 atque
909 1129 987 1184 inve·
1042 1155 1120 1217 mut·
1137 1156 1169 1206 ut
1177 1155 1307 1206 ,mmm
1318 1152 1405 1207 ,amp
1418 1150 1561 1207 Nimirum
1570 1151 1724 1207 mmmm
1735 1166 1806 1207 em
1816 1151 1897 1206 m,

1042 1239 1196 1311 quomodo.
1215 1241 1249 1295 Et
1274 1240 1403 1296 estalius
1421 1240 1539 1313 quidam
1552 1240 1676 1309 modus,
1707 1256 1772 1312 quo
1786 1239 1896 1313 quisque
1930 1266 1932 1271 v

1042 1343 1108 1383 cum
1127 1329 1214 1384 habet
1228 1344 1303 1395 eam,
1331 1336 1400 1385 tunc
1423 1329 1524 1385 beatus
1551 1333 1618 1397 est;
1650 1334 1685 1384 et
1700 1333 1774 1385 sunt
1788 1329 1840 1401 qui
1855 1344 1895 1400 sps
1930 1354 1932 1423 q

1042 1418 1121 1474 beati
1144 1422 1220 1473 sunt.
1241 1416 1378 1474 Inferiore
1406 1419 1492 1474 modo
1512 1417 1561 1474 isti
1584 1417 1702 1474 babent
1722 1434 1803 1486 um,
1819 1436 1893 1492 quun
1930 1426 1932 1435 '

1043 1505 1438 1578 illiquijamreipsabeati
1456 1507 1611 1574 sunt;sed
1640 1511 1747 1563 tamen
1775 1508 1893 1565 meliores
1930 1550 1932 1571 .

1043 1611 1131 1668 quam
1148 1595 1193 1650 illi
1207 1594 1258 1666 qni
1272 1610 1434 1651 necrenec
1449 1611 1499 1666 sps
1513 1595 1592 1652 beati
1614 1601 1701 1652 sunt.
1732 1596 1793 1663 Qui
1811 1600 1892 1653 huss
1929 1574 1932 1689 l

137 1219 224 1277 nisse.
247 1220 316 1275 lude
333 1219 409 1275 istud
429 1219 497 1286 seio,
518 1220 587 1293 quia
607 1236 672 1275 cum
691 1234 851 1291 quaererem
876 1215 986 1288 aliquid

137 1323 249 1375 eorum,
265 1311 293 1362 et
308 1306 449 1362 diceretur
469 1306 552 1374 mihi,
577 1307 651 1362 Nnm
677 1306 750 1361 torte
778 1305 833 1360 boc
851 1309 901 1372 est,
916 1320 987 1359 num

137 1397 211 1453 torte
225 1395 322 1452 illud?
336 1395 448 1450 tamdiu
463 1395 592 1450 dicebam
608 1411 615 1449 ε
632 1395 694 1450 Non
705 1399 757 1461 est,
772 1394 862 1449 donec
869 1393 899 1449 id
905 1393 988 1449 otier-

137 1488 218 1540 retur
231 1483 308 1555 qnod
324 1482 499 1555 quaerebam.
511 1484 596 1555 Cujus
607 1483 661 1538 nisi
671 1498 893 1550 memorassem,
905 1480 988 1556 quid·

139 1572 208 1645 quid
224 1571 296 1628 illud
310 1577 394 1639 esset,
410 1571 495 1627 etiam
510 1571 535 1627 si
549 1572 619 1627 mihi
630 1571 791 1640 offerretur,
805 1587 863 1626 non
877 1570 987 1626 inveni·

138 1680 211 1730 rem,
226 1662 365 1736 quianon
382 1679 576 1734 agnoscerem.
602 1664 636 1718 Et
663 1678 776 1734 semper
802 1662 843 1717 ita
856 1661 899 1731 lit,
922 1677 987 1717 cum

139 1752 249 1824 aliquid
262 1752 407 1822 perditum
422 1750 579 1824 quaerimus
600 1756 628 1807 et
641 1750 819 1806 invenimus.
838 1751 987 1806 Verumta-

137 1857 205 1897 men
220 1839 244 1895 si
263 1840 336 1896 torta
350 1839 458 1912 aliquid
472 1841 507 1896 ab
524 1840 613 1896 oeulis
629 1839 713 1911 perit,
734 1855 792 1894 non
806 1854 823 1894 a
838 1837 987 1906 memoria,

140 1927 225 1984 veluti
241 1943 344 2000 corpus
358 1927 507 1999 quodlibet
520 1927 643 1997 visibile,
660 1931 775 1982 tenetur
789 1925 867 1982 intus
891 1926 987 1998 imago

138 2016 212 2088 ejus,
228 2018 256 2071 et
270 2015 410 2087 quaeritur
424 2016 515 2070 donec
526 2016 663 2071 reddatur
674 2014 808 2086 aspectui
828 2015 908 2080 Quod
923 2030 988 2070 eum

137 2103 286 2159 inventum
300 2103 395 2172 luerit,
406 2120 440 2159 cr
449 2104 575 2176 imagine
588 2120 654 2176 quae
668 2104 745 2158 intus
755 2108 799 2159 est
808 2103 986 2176 recognosci·

138 2195 196 2246 tur.
213 2192 269 2246 Nec
281 2191 421 2248 invenisse
436 2209 488 2247 nos
502 2192 624 2247 dicimus
648 2191 725 2264 quod
741 2192 874 2263 perierat,
891 2191 914 2246 si
929 2208 987 2246 nou

138 2279 321 2350 agnoscimus
333 2296 339 2347 ;
355 2297 408 2336 nec
422 2296 577 2352 agnoscere
597 2296 759 2353 possumus,
775 2279 799 2334 si
813 2297 873 2335 non
886 2279 988 2335 memi-

140 2366 235 2422 nimus
252 2384 258 2422 :
274 2368 323 2423 sed
338 2368 390 2423 hoe
401 2369 525 2440 perierat
537 2367 654 2440 quidem
667 2368 767 2437 oeulis,
792 2368 934 2425 memoria
948 2374 989 2424 ta·

139 2454 272 2511 uebatur.

469 2527 583 2583 CAPUT
592 2528 658 2582 xlx.

420 2616 495 2682 Quia
511 2617 547 2671 sit
559 2617 707 2671 reminisci.

172 2706 217 2760 28.
237 2702 312 2769 Quid
325 2720 389 2759 cum
417 2704 480 2775 ipsa
506 2704 646 2760 memoria
664 2703 759 2776 perdit
777 2703 897 2776 aliquid,
916 2704 988 2760 sicut

137 2794 172 2849 tlt
185 2808 251 2848 cum
276 2792 482 2860 obliviscimur,
506 2799 535 2848 et
556 2793 713 2866 querimus
738 2797 771 2849 ut
784 2793 989 2850 recordemur?

139 2881 192 2939 Ubi
205 2882 321 2937 taudem
336 2882 492 2954 querimus
507 2880 563 2938 uisi
576 2882 607 2938 in
634 2881 697 2954 ipsa
712 2881 877 2938 memoria?
902 2884 935 2938 Et
948 2883 989 2938 ibi

135 2970 251 3026 sialiud
272 2986 325 3042 pro
350 2970 406 3026 alio
422 2971 496 3026 forte
523 2970 670 3039 otiaretur,
700 2970 872 3042 respuimus,
899 2971 988 3027 donec

136 3059 208 3115 illud
222 3063 354 3115 occurrat
369 3059 447 3132 quod
457 3059 629 3132 quaerimus:
647 3064 754 3117 etcum
768 3059 902 3132 occurrit,
917 3059 988 3116 diei·

74 3140 78 3147 ’
137 3163 210 3213 mus,
228 3148 286 3202 Noe
298 3151 359 3216 est;
377 3147 455 3219 quod
470 3164 530 3204 nou
552 3148 711 3204 diceremus
737 3148 792 3205 nisi
819 3165 988 3222 agnoscere·

135 3250 211 3298 mus,
225 3249 278 3290 nee
305 3249 523 3304 agnosceremus
551 3235 606 3290 nisi
634 3236 875 3292 meminiscemns.
905 3237 987 3292 Certe

136 3338 206 3396 ergo
221 3321 302 3379 obliti
312 3321 467 3380 fueramus.
482 3326 527 3379 dn
539 3323 879 3393 ¹noutotume1ciderat,
895 3325 944 3380 sed
953 3341 988 3380 ex

136 3416 219 3484 parte
234 3427 291 3484 qua
305 3411 457 3467 tenebatur
465 3428 532 3484 pars
547 3413 603 3469 alia
616 3414 812 3486 quaerebatur3
829 3412 897 3486 qaia
919 3430 988 3469 seu·

135 3499 225 3557 tiehat
236 3516 265 3555 se
279 3499 418 3555 memoria
433 3515 491 3556 non
507 3501 592 3556 simul
606 3501 720 3558 volvere
738 3501 816 3574 quod
831 3501 916 3556 simut
942 3519 987 3557 so-

135 3589 222 3657 lebat,
252 3592 281 3643 et
294 3588 376 3661 quasi
396 3587 564 3645 detruncata
582 3590 788 3646 consuetudine
815 3590 985 3658 claudicans,

136 3677 218 3734 reddi
231 3678 308 3750 quod
323 3678 421 3733 deerat
435 3678 603 3751 flagitabat?
617 3681 765 3752 Tanquam
790 3679 814 3736 si
828 3680 916 3735 homo
932 3696 986 3735 no·

137 3770 184 3823 tus
196 3765 254 3820 sive
269 3766 461 3837 conspiciatur
475 3769 574 3832 oeulis,
592 3769 649 3823 sire
663 3769 816 3839 cogitetur,
832 3773 860 3823 et
880 3785 985 3823 nomen

136 3855 198 3927 ejus
213 3853 296 3909 obliti
308 3853 498 3925 requiramus,
516 3855 656 3927 quidquid
671 3856 748 3911 aliud
764 3856 917 3913 occurrerit
928 3873 986 3912 non

136 3938 336 3997 connectitur:
353 3940 421 4012 quia
447 3957 505 3996 non
529 3958 595 3997 cum
609 3943 658 3997 illo
687 3942 805 4014 cogitari
828 3943 985 4010 consuevit,

1044 1684 1132 1739 etiam
1146 1683 1201 1755 ipsi
1211 1682 1267 1739 nisi
1276 1683 1375 1755 aliquo
1390 1683 1475 1740 modo
1488 1682 1720 1748 haberenteam,
1732 1697 1795 1740 non
1804 1683 1892 1741 itud·

1044 1773 1104 1829 lent
1118 1771 1194 1828 beati
1207 1788 1279 1845 esse,
1288 1772 1366 1845 quod
1377 1788 1427 1828 eos
1440 1772 1512 1828 velle
1525 1771 1730 1828 certissimum
1741 1778 1798 1829 est.
1808 1773 1891 1831 Nescio

1043 1863 1188 1934 quomodo
1203 1866 1345 1918 noverunt
1352 1862 1554 1933 eam,ideoqoe
1568 1861 1762 1919 habentem
1772 1862 1891 1920 iuuetur

1044 1968 1101 2024 qua
1115 1950 1226 2016 notitia,
1236 1951 1271 2006 da
1285 1967 1342 2022 qua
1355 1956 1452 2022 satago
1458 1955 1555 2006 utrum
1571 1951 1601 2006 iu
1616 1951 1891 2025 memoriamque

1045 2040 1069 2096 si
1083 2039 1123 2095 ibi
1137 2044 1191 2101 est.
1198 2041 1259 2112 jam
1270 2040 1346 2096 beati
1355 2039 1462 2097 fuimus
1471 2039 1628 2112 aliquando
1641 2061 1652 2108 ;
1665 2045 1772 2097 utrum
1782 2041 1892 2115 singilis-

1044 2129 1097 2185 tim
1111 2145 1221 2193 omnes,
1238 2145 1274 2184 an
1288 2128 1318 2184 in
1332 2128 1381 2184 illo
1395 2128 1513 2184 homine
1527 2128 1577 2201 qui
1591 2128 1710 2200 primus
1726 2129 1890 2202 peccantia

1045 2232 1103 2288 quo
1119 2220 1147 2271 et
1171 2232 1272 2273 omnes
1295 2215 1405 2272 mortui
1417 2231 1526 2284 sumus,
1540 2220 1571 2271 et
1592 2216 1629 2271 de
1645 2232 1707 2288 qno
1722 2231 1891 2272 omnesean

1043 2304 1162 2361 miseria
1175 2304 1236 2361 nati
1248 2320 1358 2373 sumus,
1386 2320 1446 2360 non
1471 2319 1581 2375 quaero,
1606 2319 1710 2373 nnne;
1727 2304 1784 2361 sod
1806 2320 1891 2379 quaro

1044 2398 1143 2451 utrum
1155 2393 1185 2449 io
1197 2392 1337 2450 memoria
1350 2392 1387 2450 sit
1394 2394 1477 2450 beata
1488 2391 1557 2450 vita.
1575 2395 1679 2466 Neque
1694 2394 1781 2450 enim
1794 2409 1891 2451 amus

1043 2499 1108 2540 mus
1123 2498 1186 2538 eam
1200 2482 1257 2538 nisi
1271 2497 1431 2538 nossemus.
1444 2481 1708 2538 Audimusnomen
1720 2483 1792 2550 hoc,
1804 2486 1891 2540 etrsu

1043 2572 1137 2643 ipsam
1151 2586 1251 2627 omnes
1267 2587 1322 2644 nos
1339 2575 1474 2642 appetere
1489 2571 1635 2639 fatemur;
1651 2587 1715 2627 non
1731 2571 1814 2629 enim
1834 2587 1892 2627 sono

1043 2660 1228 2716 delectamur.
1244 2661 1314 2715 Nam
1329 2659 1384 2716 hoc
1399 2676 1464 2716 cam
1481 2660 1566 2716 labne
1590 2661 1676 2717 audit
1690 2663 1823 2731 Graecus,
1844 2677 1892 2717 nou

1044 2750 1211 2819 delectatur,
1225 2749 1293 2822 quia
1315 2749 1431 2821 ignorat
1453 2748 1525 2820 qnid
1538 2749 1649 2806 dietum
1662 2751 1723 2820 sit,
1739 2768 1794 2808 nos
1807 2756 1892 2807 subn

1043 2837 1230 2906 delectamur,
1246 2838 1320 2894 sicut
1346 2838 1433 2894 etiam
1460 2839 1510 2894 ille
1535 2837 1560 2893 si
1575 2854 1672 2910 graece
1694 2840 1755 2897 boc
1780 2839 1893 2897 audierit

1044 2925 1182 2998 quoniam
1192 2942 1237 2982 res
1248 2925 1311 2999 ipsa
1324 2942 1378 2982 nec
1390 2942 1483 2998 graeca
1497 2942 1549 2982 nac
1562 2925 1656 2983 tetirm
1679 2931 1740 2993 est,
1754 2927 1802 2984 cui
1814 2925 1894 2999 adipi

1044 3014 1155 3070 scande
1168 3014 1258 3071 Graeci
1275 3015 1426 3088 Latinique
1440 3015 1563 3080 inhiant,
1589 3020 1827 3090 caeterarumque
1848 3016 1895 3073 lin·

1043 3119 1166 3176 guarum
1178 3104 1322 3162 homines.
1336 3103 1409 3161 Nota
1422 3109 1465 3161 est
1482 3104 1572 3177 igitur
1593 3105 1748 3175 omnibus,
1773 3106 1825 3180 qui
1844 3122 1894 3162 una

1043 3207 1110 3247 voce
1129 3193 1153 3248 si
1167 3192 1341 3266 interrogari
1356 3199 1483 3266 possent,
1498 3198 1596 3250 ntnrm
1609 3193 1691 3251 beati
1706 3211 1774 3252 esse
1786 3196 1894 3266 redeat,

1042 3280 1105 3336 sine
1121 3280 1181 3336 ulla
1195 3281 1382 3350 dubitatione,
1408 3282 1480 3338 velle
1495 3283 1718 3354 responderent
1737 3285 1820 3350 Quod
1842 3301 1894 3342 uon

1041 3370 1136 3439 fleret,
1155 3370 1210 3426 nisi
1225 3387 1271 3426 ras
1285 3373 1348 3445 ipsa
1362 3372 1443 3445 cujus
1454 3372 1510 3429 boc
1523 3388 1632 3430 nomen
1650 3378 1707 3443 est,
1724 3389 1830 3432 eorum
1839 3389 1893 3430 ms

1042 3459 1134 3514 moria
1148 3463 1304 3517 teneretur.

1362 3567 1477 3624 CAPUT
1500 3567 1567 3625 xxl.

1149 3663 1283 3735 Quomodo
1297 3666 1425 3720 memoria
1439 3664 1544 3720 mum
1558 3666 1646 3720 vitem
1660 3669 1797 3723 eontinet.

1078 3763 1122 3817 ab.
1135 3761 1280 3834 Numquid
1291 3761 1331 3817 ita
1342 3766 1376 3819 ut
1385 3761 1519 3818 meminit
1532 3762 1746 3835 Curthuginem
1759 3763 1890 3839 quiriditt

1043 3849 1124 3904 Non:
1143 3850 1199 3905 rita
1211 3850 1288 3906 enim
1312 3850 1396 3906 beata
1410 3867 1470 3906 non
1491 3850 1603 3906 videtur
1632 3851 1731 3910 ocutis
1752 3853 1821 3928 quia
1840 3868 1887 3909 nou

1041 3941 1084 3992 est
1092 3953 1205 4010 corpus.
1217 3938 1362 4010 Numquid
1374 3938 1447 3995 sieut
1459 3937 1646 3995 meminimus
1652 3943 1818 3999 numerosi
1826 3942 1885 4000 Noa·

135 4028 259 4101 ideoque
273 4027 418 4101 respuitur
433 4030 523 4086 donec
535 4030 606 4086 illud
620 4029 704 4103 adsit,
718 4030 768 4087 ubi
782 4030 867 4086 simul
890 4047 986 4087 assue-
1041 4024 1093 4080 hos
1108 4025 1186 4082 enim
1210 4027 1260 4098 qui
1286 4026 1373 4083 habet
1393 4028 1424 4082 in
1445 4027 1558 4096 notitia,
1587 4043 1651 4084 non
1675 4030 1777 4087 adhue
1798 4029 1885 4104 querit

135 4118 210 4175 lacta
234 4117 337 4174 notitia
364 4134 424 4174 non
445 4118 627 4192 inaequaliter
654 4119 822 4192 acquiescat.
849 4120 883 4175 Et
909 4121 985 4176 unde
1040 4112 1180 4185 adipitch
1196 4114 1284 4170 vitam
1298 4130 1364 4170 V01'0
1379 4115 1492 4172 bertam
1502 4115 1884 4184 hubefflusslssnofilitdflw

135 4207 224 4277 adest,
246 4207 302 4263 nisi
325 4223 360 4263 ex
382 4207 444 4279 ipsa
463 4207 626 4264 memoria?
646 4208 718 4264 Nam
746 4213 774 4264 et
795 4224 860 4263 eum
878 4208 912 4263 ab
928 4207 985 4264 alio
1041 4216 1097 4272 que
1112 4217 1241 4259 amamus
1255 4219 1330 4274 eam,
1345 4207 1481 4259 ettamen
1494 4204 1587 4260 adbuc
1600 4204 1729 4278 adipisci
1744 4206 1882 4265 eamrolu·

131 4296 298 4354 commoniti
306 4295 548 4369 recognoscimus,
560 4296 625 4353 inda
635 4297 727 4354 adest.
739 4297 802 4352 Non
816 4295 985 4370 enimquasi
1040 4306 1104 4346 mus
1124 4297 1156 4346 ut
1168 4291 1245 4348 beati
1259 4293 1358 4349 simus.
1375 4293 1521 4367 Numquid
1534 4293 1607 4349 sicut
1621 4295 1814 4353 meminimus
1836 4295 1881 4352 elo

134 4395 241 4436 novum
255 4382 407 4453 credimus,
428 4384 477 4441 sed
505 4385 686 4441 recordantes
714 4387 907 4458 approbamus
931 4385 985 4441 hoe
1039 4379 1209 4451 quendem?
1226 4381 1288 4436 Non
1306 4397 1313 4436 t
1329 4381 1461 4452 quamvis
1480 4381 1558 4437 enim
1572 4380 1628 4437 hoc
1655 4383 1781 4442 nomina
1798 4382 1882 4441 auditu

133 4471 285 4542 essequod
299 4470 407 4529 dictum
422 4478 474 4529 est.
491 4473 520 4529 Si
535 4477 631 4529 autem
651 4475 765 4546 penitus
789 4475 937 4530 aboleatur
952 4491 984 4530 er
1039 4468 1227 4524 recordentur
1235 4469 1328 4542 ipsam
1338 4485 1399 4524 rem
1414 4470 1465 4543 qni
1480 4471 1566 4525 etiam
1589 4472 1729 4528 nondum
1745 4477 1814 4529 sunt
1834 4472 1882 4527 alo·

134 4556 241 4629 animo,
252 4575 305 4614 nec
314 4560 454 4618 admoniti
464 4561 686 4618 reminiscimur.
699 4564 796 4636 Neque
804 4563 881 4619 enim
891 4563 984 4619 omni·
1039 4562 1171 4627 (luentes,
1189 4557 1330 4630 multique
1346 4574 1407 4613 0³³⁰
1431 4558 1558 4631 cupiant,
1584 4561 1665 4615 unde
1680 4566 1806 4635 apparet
1829 4575 1882 4618 cem

133 4644 220 4699 modo
234 4646 327 4702 adhuc
342 4649 423 4705 obliti
438 4667 547 4719 snmus,
564 4650 642 4724 quod
656 4651 699 4705 vel
711 4650 771 4723 jam
789 4650 918 4707 ’oblitos
932 4669 984 4707 nos
1039 4646 1144 4701 esseio
1171 4661 1272 4702 eorum
1293 4646 1414 4716 notitia,
1433 4651 1530 4702 tamen
1554 4662 1606 4719 per
1634 4649 1770 4721 corporis
1795 4663 1882 4706 sensus

134 4748 196 4789 0⁸⁸⁸
211 4734 404 4793 meminimus.
417 4740 474 4795 lloe
488 4756 557 4812 ergo
575 4755 627 4796 nec
641 4738 780 4796 amissum
792 4756 921 4813 quaerere
930 4758 985 4814 po·
1039 4735 1110 4790 alios
1124 4737 1292 4807 eloquentes
1308 4736 1572 4792 animadverterunt
1585 4740 1614 4792 et
1626 4737 1766 4796 delectati
1778 4744 1844 4796 snut
1860 4741 1883 4792 ct

132 4820 264 4892 terimus,
282 4825 360 4896 quod
372 4826 489 4883 omnino
504 4828 586 4884 obliti
601 4828 752 4885 susumus.
1037 4823 1092 4879 hoe
1108 4841 1169 4880 esse
1184 4823 1346 4881 desiderant
1360 4826 1536 4899 (quanquam
1561 4812 1618 4897 nisi
1633 4842 1666 4882 ex
1687 4827 1827 4885 interiore
1837 4842 1881 4883 no-

467 4916 581 4973 CAPUT
597 4919 650 4974 xx.
1037 4913 1100 4969 titia
1116 4913 1125 4946 ¹
1139 4930 1198 4969 non
1212 4914 1432 4982 delectarentur,
1449 4930 1544 4986 nequa
1558 4913 1612 4970 hoc
1639 4931 1702 4973 esse
1715 4917 1821 4974 vellent
1832 4914 1880 4972 nisi

135 5003 170 5059 Ut
181 4999 377 5058 beatitudinem
400 5018 487 5059 omnes
502 5010 642 5076 oppetant,
659 5010 761 5079 oportet
775 5021 833 5062 eam
847 5008 979 5062 neseiat.
1038 5001 1246 5058 delectarentur
1259 5002 1288 5074 );
1305 5002 1419 5059 beatam
1441 5018 1508 5058 vero
1528 5003 1615 5059 vitam
1630 5005 1713 5060 nulto
1728 5021 1815 5063 sensu
1826 5020 1879 5061 cor·

166 5092 211 5147 tt.
228 5088 379 5156 Quomodo
394 5107 462 5163 ergo
477 5095 505 5146 te
521 5110 629 5165 quaero,
647 5094 791 5152 Domine?
806 5096 878 5152 Cum
903 5095 981 5150 enim
1036 5090 1115 5163 poris
1130 5091 1161 5146 in
1179 5090 1242 5146 aliis
1257 5091 1431 5164 experimur.
1451 5090 1596 5165 Numquid
1611 5093 1688 5149 sicut
1704 5092 1879 5151 meminimus

132 5180 263 5236 telteum
272 5194 370 5234 rueum
380 5196 490 5252 quaero,
505 5181 593 5237 sitam
607 5184 981 5257 beatamquaero.0ueram
1036 5178 1198 5251 gandium?
1214 5181 1342 5236 Fortasse
1361 5180 1412 5237 ita.
1428 5181 1499 5237 Nam
1512 5181 1649 5254 gaudium
1677 5198 1779 5240 meum
1802 5180 1877 5238 etiam

132 5272 160 5325 te
187 5273 220 5325 ut
237 5267 312 5325 vivat
339 5268 436 5325 anima
451 5285 525 5325 mea.
557 5271 631 5326 Vivit
660 5272 737 5329 enim
760 5289 863 5346 eorpus
883 5288 981 5328 meum
1035 5269 1123 5324 tristis
1138 5267 1269 5336 memini,
1285 5269 1581 5327 sicutvitambeatam
1595 5269 1705 5327 miser:
1724 5287 1816 5346 neque
1830 5285 1877 5324 nn-

132 5357 167 5415 de
183 5359 279 5415 anima
294 5375 367 5422 mea,
380 5365 408 5416 et
418 5359 487 5416 vivit
514 5360 610 5417 anima
624 5377 689 5417 mea
716 5363 750 5419 de
778 5367 817 5419 te.
833 5361 980 5428 Quomodo
1036 5373 1122 5429 quam
1132 5358 1259 5431 corporis
1273 5375 1357 5415 sensu
1373 5360 1512 5432 gaudium
1525 5373 1624 5416 meum
1638 5361 1682 5417 rel
1696 5362 1763 5430 aidi,
1779 5359 1821 5418 rel
1831 5374 1875 5414 au·

163 5447 269 5502 1ttart..
286 5445 978 5514 fueramus,aenon...!toattotct.rttias,rtom,tl.
1067 5447 1283 5501 rsntmmn.
1302 5448 1599 5511 etttss.;atEr.stt.o
1651 5448 1875 5511 hunttrico·

161 5508 215 5559 ⁸111
227 5509 255 5559 n.
265 5508 437 5574 legiturearu,
454 5514 585 5576 corrupte.
603 5512 637 5562 tt.
1035 5512 1108 5562 rtors
1121 5509 1227 5562 mettre.
