3884 6112
62 161 130 217 tito

58 287 226 340 nostercnm
234 283 375 354 jejunavit
384 285 573 357 qnadraginta
579 285 679 342 diebus
687 289 716 342 et
723 287 907 360 gradraginla

58 355 201 420 noctibus,
218 354 361 426 superavit
374 359 556 425 tentatorem,
574 359 907 430 eteocesserunlangeli

59 430 87 480 et
102 426 302 480 ministrabant
313 426 349 480 ei.

112 496 226 551 CAPUT
246 497 326 551 xvir.
343 527 377 537 -
391 499 566 568 Persequitur
581 498 614 554 de
628 500 729 554 uirtute
739 500 853 569 jejunii.

95 568 141 621 Est
151 583 219 637 ergo
232 567 375 637 jejunium
387 574 486 622 contra
500 568 597 623 omnia
607 574 782 624 tentamenta
798 576 826 624 et
840 587 906 641 pec-

58 638 179 692 cabilem
196 644 311 692 statum.
324 639 356 692 ln
371 639 450 692 omni
468 640 653 694 tribulatione
666 642 736 695 nlrle
751 641 905 711 refugium,

58 709 193 763 omnibns
215 709 319 762 nostrie
338 710 532 780 irrefragabile
554 711 764 765 fulcimentum.
789 712 908 776 Quaulre

58 785 156 834 aulem
169 779 282 833 virtutis
300 779 337 833 sit
347 781 491 850 jejunium
507 781 568 852 ipse
589 782 716 836 Christus
737 798 794 836 non
808 783 906 843 tacuit,

58 867 110 905 cur
126 851 286 904 daemonem
301 850 351 921 qui
370 851 528 906 lunaticum
552 852 704 918 invaserat,
727 852 829 922 ejicere
850 869 908 906 non

58 926 225 994 potuerunt.
240 923 295 975 Hoc
313 937 407 988 penus,
428 922 532 994 inquit,
548 923 739 977 daemoniosum
753 938 807 978 nou
818 927 908 994 potest

57 995 132 1062 ejici,
146 995 202 1046 nisi
218 994 245 1045 iu
259 996 379 1047 oratioue
392 998 417 1047 el
429 994 536 1062 jejuuio
551 993 646 1064 (More.
664 1010 701 1061 nr,
718 995 773 1065 28).

95 1063 208 1118 CAPUT
218 1062 310 1116 xvlll.
330 1093 365 1104 -
376 1064 418 1118 De
429 1067 626 1134 significatione
640 1065 870 1130 Quadrupesimae.

96 1133 171 1188 Licet
183 1139 279 1187 autem
302 1133 449 1204 religionis
472 1151 567 1189 comes
586 1150 701 1206 semper
724 1134 827 1190 debeat
846 1151 907 1189 esse

54 1204 210 1276 jejunium,
229 1205 290 1258 sine
309 1221 366 1274 qno
380 1205 493 1260 castitas
504 1209 565 1259 tuta
579 1221 639 1260 esse
652 1222 710 1260 non
720 1209 830 1276 potest3
845 1206 907 1261 haec

57 1280 155 1329 tamen
169 1275 427 1346 quadragesimalis
437 1275 597 1330 observatio
611 1292 748 1346 maguum
758 1276 789 1330 in
799 1292 828 1330 se
838 1293 906 1330 con·

57 1345 132 1400 tinet
146 1351 366 1400 sacramentum.
383 1347 494 1401 Primus
510 1348 587 1401 locus
598 1347 782 1402 habitationis
801 1353 906 1401 nostres

79 1416 206 1470 aradisns
217 1416 280 1470 fuit.
292 1417 569 1472 Secundusmundns
579 1418 632 1472 iste
642 1419 744 1488 plenus
756 1418 903 1472 aerumnis.

56 1432 169 1542 irritus
184 1488 214 1540 in
228 1488 298 1541 coelo
313 1503 378 1542 cum
390 1489 506 1560 Angelis
518 1493 546 1543 et
561 1488 720 1558 Spiritibns.
738 1488 906 1559 Significant

57 1563 154 1612 autem
176 1557 223 1612 isti
238 1558 428 1630 quadraginta
443 1559 503 1614 dies
530 1564 622 1614 lotum
651 1563 775 1640 tempus,
801 1575 834 1612 ex
847 1575 904 1629 quo

56 1629 158 1709 pulsus
168 1633 210 1683 est
220 1629 312 1684 Adam
327 1631 361 1684 de
376 1631 507 1701 paradiso
521 1646 612 1701 usqne
623 1631 658 1683 ad
673 1631 806 1684 ultimum
816 1629 903 1694 diem,

56 1714 87 1753 ra
102 1716 159 1769 quo
172 1700 256 1780 plene
275 1700 475 1755 liberabuntur
489 1701 591 1755 abhoc
613 1701 723 1754 exsilio.
742 1700 792 1754 llic
808 1704 905 1753 aulem

56 1785 157 1824 sumus
171 1785 201 1823 rn
213 1771 327 1835 timore,
343 1771 371 1825 in
385 1771 491 1836 labore,
506 1770 536 1824 in
551 1771 660 1835 dolore,
675 1769 795 1839 projecti
810 1769 905 1824 alacie

57 1841 205 1895 oculorum
227 1839 287 1906 Ilei,
314 1841 452 1894 exclusio
475 1840 587 1912 gaudiis
607 1841 741 1911 paradisi,
755 1839 848 1910 jejuni
870 1840 905 1894 eb

770 161 819 218 DE
837 159 925 220 Vtra
944 160 1154 223 euentum.

1740 175 1811 232 tter

962 289 1044 343 omui
1059 291 1137 362 qnod
1163 292 1308 349 inebriare
1332 297 1434 364 potest,
1459 294 1602 353 abstinere
1627 297 1813 354 utilissimum

962 364 1013 441 est.
1030 362 1137 417 Panem
1153 364 1276 419 nitidum
1291 368 1319 420 et
1334 365 1414 420 cibos
1430 366 1575 433 delicatos,
1591 369 1673 439 quasi
1684 370 1811 441 impudi-

961 435 1036 484 crtrae
1051 447 1194 488 venenum
1211 435 1306 489 evitet.
1336 435 1379 490 Sic
1403 438 1564 491 necessitati
1576 441 1714 506 consulet,
1735 444 1767 496 ut
1782 445 1811 496 el

962 501 1067 555 famem
1081 506 1210 575 repellat,
1227 511 1255 559 et
1268 509 1426 587 appetitum
1447 525 1504 562 non
1520 508 1612 563 satiet.
1630 510 1728 582 ltaque
1743 528 1808 583 quas

963 572 999 626 ad
1024 574 1222 643 perfectiorem
1246 576 1446 630 abstinentiam
1466 579 1601 649 progredi
1622 596 1681 634 non
1703 582 1808 649 valent,

963 642 1036 723 libra
1050 646 1132 712 panis
1152 652 1180 700 et
1194 647 1309 700 hemina
1334 647 1464 701 lautioris
1480 655 1565 720 potus
1580 655 1721 704 contentae
1739 652 1806 706 sint:

962 729 1020 767 sne
1031 714 1074 769 bis
1089 717 1249 783 comedant,
1266 717 1323 771 sire
1338 719 1435 772 semel.
1453 720 1547 774 Unum
1562 720 1686 775 habeant
1702 722 1736 775 de
1752 722 1808 776 ole-

961 782 1041 838 ribus
1056 787 1098 840 vel
1115 788 1307 857 leguminibus
1323 789 1515 859 pulmentum,
1532 791 1576 843 vel
1602 797 1677 845 certe
1692 791 1727 846 de
1736 791 1808 847 fari-

963 856 1066 909 naoeis.
1084 858 1135 910 Cui
1161 858 1304 912 modicum
1327 859 1393 927 olei,
1409 860 1451 912 vel
1468 859 1562 929 butyri
1575 861 1619 913 vel
1647 861 1727 914 lactis
1740 861 1808 931 inji-

962 924 1049 993 ciens,
1065 927 1119 981 hoo
1131 929 1315 984 condimento
1339 929 1484 983 fastidium
1509 930 1637 1000 repellat.
1657 932 1690 984 Et
1702 931 1755 985 hoc
1770 932 1808 1000 ei,

961 996 985 1050 si
999 1013 1033 1050 ea
1045 997 1090 1052 die
1105 1005 1251 1054 coenatura
1264 1004 1315 1065 est,
1331 999 1462 1054 sufficiat.
1489 1001 1532 1054 Ad
1546 1016 1656 1054 coenam
1671 1017 1739 1055 vero
1760 1018 1809 1072 pa·

960 1081 1026 1120 rum
1052 1069 1132 1123 lactis
1147 1070 1200 1124 sibi
1223 1071 1267 1124 vel
1302 1070 1366 1123 iscis
1381 1070 1534 1135 modicum,
1558 1070 1602 1124 vel
1626 1071 1732 1142 aliquid
1752 1071 1807 1126 hu-

958 1138 1086 1207 jusmodi
1108 1140 1132 1193 si
1158 1145 1262 1211 praesto
1276 1087 1372 1205 deerit,
1386 1145 1520 1211 apponat.
1549 1142 1610 1195 Uno
1634 1157 1737 1211 genere
1752 1142 1807 1196 cibi

961 1210 1806 1281 contentacnmpomisetherbiscrudibns,siquaehebnerit,

960 1279 1022 1333 baec
1035 1281 1096 1349 ipsa
1110 1282 1134 1334 si
1158 1282 1245 1335 semel
1264 1281 1420 1335 comederit
1434 1281 1464 1334 in
1492 1280 1549 1349 die,
1572 1282 1720 1351 prelibato
1746 1283 1808 1352 pnl-

960 1355 1058 1404 menta
1074 1357 1193 1421 possunt
1207 1354 1321 1423 apponi.
1339 1353 1371 1404 ln
1384 1351 1488 1422 vigiliis
1501 1356 1663 1406 sanctorum
1674 1357 1770 1406 lamen
1780 1356 1808 1406 et

960 1421 1087 1485 Quatnor
1100 1423 1272 1492 Temporum
1284 1421 1412 1491 jejuniis,
1427 1421 1557 1475 omnium
1572 1422 1658 1476 etiarn
1671 1422 1807 1477 feriarum

981 1502 1061 1544 uarta
1076 1495 1105 1545 et
1119 1499 1206 1561 sexta,
1222 1498 1301 1546 extre
1315 1491 1587 1562 Quinquagesimnm
1601 1492 1631 1545 in
1657 1493 1719 1546 cibo
1734 1510 1806 1563 qua·

960 1507 1140 1630 dragesimali
1149 1564 1267 1633 jejunet.
1282 1564 1313 1616 ln
1324 1562 1548 1628 Quadragesima
1557 1577 1624 1615 vero
1637 1578 1725 1616 unum
1739 1579 1808 1632 quo-

959 1632 1026 1685 tidie
1041 1632 1068 1685 ei
1091 1633 1213 1687 sufficiat
1229 1634 1419 1702 pulmentum.
1436 1633 1468 1685 Et
1479 1632 1534 1684 nisi
1547 1631 1699 1686 infirmitas
1713 1634 1808 1704 impe-

959 1701 1027 1767 diat,
1035 1702 1305 1774 feriasexlainpane
1316 1707 1345 1756 et
1359 1717 1433 1773 aqua
1441 1702 1561 1770 jejunet.
1577 1703 1620 1756 lib
1631 1703 1807 1757 Eraltatione

960 1776 1063 1825 sanctae
1079 1773 1175 1827 Crucis
1192 1789 1281 1843 usque
1296 1774 1330 1827 ad
1347 1772 1601 1841 Quadragesimam
1616 1774 1702 1827 semel
1716 1773 1746 1827 in
1762 1774 1807 1828 die

959 1842 1030 1896 hora
1055 1858 1133 1897 nona
1156 1843 1277 1901 reficiat.
1294 1844 1326 1896 ln
1341 1841 1572 1911 Quadragesima,
1589 1841 1664 1896 diota
1677 1859 1804 1913 vespera,

58 1911 196 1991 alimento
210 1910 336 1964 coelesti:
365 1927 479 1992 semper
498 1916 595 1964 autem
609 1909 746 1965 debemus
761 1912 834 1964 banc
850 1909 904 1964 mi·
955 1912 1099 1983 jejunium
1115 1915 1214 1968 solvat.
1231 1916 1254 1968 n
1271 1914 1376 1968 Pascha
1396 1928 1485 1992 usque
1509 1913 1546 1967 ad
1569 1914 1755 1967 Pentecosten
1770 1914 1806 1968 ad

57 1997 161 2036 serram
176 1986 301 2035 nostram
325 1982 516 2048 considerare,
535 1984 565 2036 et
581 1980 740 2051 deplorare,
763 1984 792 2034 et
806 1984 905 2034 osten·
960 1986 1066 2038 sextam
1081 1985 1231 2066 prandeat,
1244 1989 1273 2038 ct
1287 1984 1321 2038 ad
1337 1983 1498 2108 prandium
1524 1982 1670 2037 silentium
1692 1987 1804 2039 teneat:

57 2051 125 2107 dere
140 2052 170 2105 in
181 2052 316 2120 operibus
328 2053 432 2106 nostris
464 2051 519 2105 nod
537 2068 635 2105 sumus
651 2053 764 2106 advena.
779 2055 806 2105 et
821 2067 905 2121 pere-

57 2122 169 2247 griniin
182 2123 367 2204 mundosSe'd
375 2123 443 2249 spoia
474 2122 595 2177 oofacile
607 2138 664 2176 non
675 2126 769 2192 potest
778 2122 906 2176 humana

68 2194 208 2263 ragrlrtas,
223 2199 371 2248 constituit

959 2054 1034 2125 quod
1051 2060 1138 2109 etiam
1149 2060 1209 2109 tota
1224 2059 1322 2109 aestate

1349 2053 1431 2119 aciat,
1445 2058 1549 2124 praeter
1562 2053 1648 2108 ferias
1663 2059 1764 2125 quarta
1779 2059 1807 2110 el

959 2129 1081 2193 sextust
1091 2125 1266 2180 solemnibus
1276 2125 1407 2195 jejuniis.
1428 2125 1532 2178 Diebus
1542 2129 1638 2179 autem
1654 2125 1759 2195 quibus
1764 2126 1806 2195 jc·

403 2194 504 2265 piritus
519 2198 630 2247 sanctus
649 2193 764 2247 tertium
780 2196 903 2263 tempus,
955 2195 1049 2266 juant,
1065 2196 1149 2250 liceat
1162 2197 1188 2251 ei
1203 2197 1337 2250 incestale
1347 2212 1399 2266 pro
1414 2195 1682 2249 somnomeridiano
1694 2195 1807 2250 etinter

57 2280 115 2389 guo
131 2264 157 2317 id
166 2264 311 2329 faciamus,
327 2268 355 2318 et
369 2264 508 2335 quasdam
518 2264 728 2318 observationes
743 2264 773 2318 in
784 2263 905 2317 Ecclesia
959 2266 1114 2321 matutinas
1129 2272 1157 2322 et
1169 2266 1294 2338 primam
1308 2266 1453 2321 modicum
1463 2265 1568 2337 quietis
1583 2267 1732 2339 indulgere
1742 2282 1806 2322 cor·

79 2334 120 2389 eri
129 2336 281 2400 ordinavit,
295 2336 397 2406 quibus
406 2335 638 2406 ipsiustemporis
652 2351 766 2389 causam
781 2334 905 2388 animad-

57 2412 167 2460 vertere
186 2407 340 2461 valeamus.
358 2409 428 2461 Nam
444 2406 492 2461 nbi
508 2406 631 2460 ostendit
649 2422 700 2459 nos
718 2406 817 2475 pulsos
832 2421 903 2473 esse,

57 2477 182 2546 adjectos
197 2477 282 2530 morli
304 2482 421 2549 propter
438 2477 557 2532 verbum
577 2476 654 2547 quod
676 2476 746 2530 dixit
767 2475 904 2529 [lominus

57 2548 91 2601 ad
102 2548 204 2614 Adam,
221 2564 285 2601 crim
304 2564 369 2602 eum
394 2549 549 2618 expelleret
564 2548 598 2601 de
613 2546 763 2616 paradisa;
783 2561 849 2600 cum
863 2545 903 2599 ci·

57 2633 158 2671 nerum
174 2619 338 2687 aspersione
352 2619 454 2672 dicitur
466 2618 559 2687 uobis,
572 2618 665 2672 Pulvis
676 2632 714 2682 es,
727 2621 752 2671 et
766 2620 796 2670 iu
808 2618 903 2686 perlue·

57 2703 112 2743 rem
127 2691 269 2743 reverteris
284 2690 361 2755 (Gen.
376 2705 415 2753 ur,
433 2688 486 2758 tu).
506 2690 541 2743 Ut
554 2687 677 2742 sciamus
700 2687 799 2754 etiam,
827 2686 904 2757 quod

56 2759 145 2813 inhoc
156 2761 256 2813 exsilio
272 2765 393 2830 negatur
407 2759 499 2813 nobus
511 2758 582 2811 visio
598 2758 657 2819 Ilei,
672 2757 844 2826 appenditur
854 2772 903 2809 re·

57 2828 117 2883 lum
133 2830 207 2883 inter
222 2846 274 2882 nos
289 2837 318 2883 et
331 2835 411 2884 santa
421 2834 594 2882 sanctornm.
610 2830 715 2881 Verum
731 2831 761 2880 nt
785 2827 904 2880 reduca-

56 2915 121 2954 mus
142 2899 178 2953 ad
205 2900 382 2968 memoriam,
412 2899 487 2970 quod
507 2899 590 2969 longe
619 2912 717 2951 sumus
743 2897 779 2952 ab
804 2913 905 2950 eorum

57 2970 189 3024 societate
204 2971 239 3025 de
253 2971 357 3041 qrribus
369 2971 508 3040 scriptum
523 2975 579 3023 est:
603 2971 680 3024 Beati
705 2971 754 3038 qui
781 2968 906 3022 babitaret

56 3043 87 3096 iu
100 3042 178 3096 domo
188 3047 245 3104 luo,
261 3043 392 3112 Domiue;
408 3044 438 3095 iu
460 3041 558 3095 secudu
572 3041 728 3094 saeculorum
753 3039 906 3093 laudabunt

58 3114 301 3179 te(Psal.nrsrm,
318 3117 362 3180 5);
387 3112 524 3166 usitatum
548 3111 666 3164 verbum
695 3109 789 3164 laudis
815 3108 903 3163 inter·

57 3183 208 3237 mittimus.
221 3184 301 3248 Quod
317 3199 384 3237 vero
399 3199 450 3237 nos
464 3182 527 3253 ipso
542 3183 595 3236 hoc
610 3180 704 3234 altiori
715 3178 827 3250 jejunio
841 3196 906 3234 con·

57 3253 238 3324 stringimur,
255 3254 396 3307 recordari
420 3269 472 3307 nos
487 3252 563 3319 facit,
579 3250 655 3323 quod
671 3251 701 3305 in
717 3252 769 3305 hac
782 3250 840 3304 vita
853 3267 906 3305 cce·

57 3325 121 3378 lasti
137 3340 210 3394 pane
223 3341 280 3378 non
296 3324 442 3378 satiamur.
457 3326 489 3378 ln
510 3323 563 3377 hoc
578 3338 646 3393 ergo
660 3327 788 3392 tempore
811 3322 905 3376 amnis

57 3394 228 3449 christianus
242 3395 351 3465 aliquid
368 3395 472 3449 addere
485 3393 591 3448 dicitur
605 3393 694 3447 solitis
706 3392 860 3463 obsequiis,
876 3397 905 3447 et

56 3465 223 3536 diligentius
236 3472 321 3535 atque
335 3463 511 3536 frequentius
524 3465 596 3519 circa
608 3465 700 3518 cordis
709 3464 800 3518 eteris
815 3467 906 3518 custo-

58 3536 281 3606 diamoccupari.
294 3536 463 3590 Sedinclusa
474 3534 791 3590 maximeinstitutionis
800 3537 905 3605 tempo·

57 3606 97 3660 ris
107 3608 193 3677 hujus
207 3606 348 3661 rationem
360 3607 450 3660 multo
459 3606 561 3661 melius
570 3605 715 3675 intelligit.
725 3609 832 3675 quanto
842 3621 906 3658 eam

56 3677 88 3731 in
96 3677 335 3749 propriavitasua
346 3676 697 3746 expressiusrecognoscit.
711 3677 741 3729 ln
752 3675 797 3729 his
807 3675 905 3746 proin·

57 3748 94 3802 de
108 3749 194 3802 sacris
209 3747 386 3802 orationibus
397 3747 501 3818 quibus
511 3748 622 3801 Christo
636 3747 748 3818 placere
761 3746 907 3816 praecipue

58 3817 264 3885 desideramus,
280 3823 369 3872 totam
384 3835 413 3872 se
430 3820 487 3872 lieo
501 3821 602 3871 voveat
625 3824 711 3888 atque
739 3817 905 3872 sanctificet.

57 3889 162 3945 Omnes
174 3890 289 3944 delicias
303 3894 428 3960 respuat,
445 3905 545 3944 omnes
560 3887 804 3943 confabulationes
824 3889 905 3958 abju-

57 3964 102 4014 ret
115 3980 122 4026 3
133 3965 162 4015 et
176 3961 258 4031 quasi
273 3960 333 4014 dies
348 3960 513 4031 nuptiarum
528 3961 581 4014 hoc
597 3963 710 4029 tempus
729 3959 905 4025 existimans,

58 4030 92 4084 ad
104 4031 363 4099 amplexnstristi
376 4032 456 4085 omni
467 4031 600 4085 aviditate
613 4030 745 4101 suspiret.
762 4030 906 4100 Frequen-

58 4100 116 4155 tius
131 4101 212 4155 solito
226 4102 373 4157 incumbat
384 4101 517 4167 orationi,
533 4101 660 4155 crebrius
674 4116 704 4153 se
714 4100 907 4169 pedibuslesu

58 4176 230 4243 prosternat,
245 4173 345 4227 crebra
358 4171 482 4227 nominis
496 4171 573 4224 illius
587 4170 755 4241 repetitione
768 4186 907 4240 compnn-

58 4241 183 4297 ctionem
198 4243 311 4309 excitet,
328 4245 467 4310 lacrymas
482 4246 628 4312 provocet,
644 4256 693 4294 cor
711 4241 746 4294 ab
762 4241 841 4294 omni
855 4257 907 4294 va-

59 4313 174 4384 gatione
189 4319 358 4385 compescat.
376 4313 475 4368 Finitis
490 4313 586 4381 itaque
602 4313 688 4365 sacris
701 4310 806 4382 vigiliis
819 4311 908 4365 inter-

58 4385 176 4451 vallum,
189 4386 266 4456 qood
279 4401 295 4438 a
307 4384 453 4438 nocturnis
465 4381 725 4436 landabilisdividit
740 4382 905 4448 matutinas,

60 4455 184 4510 orationi
199 4460 228 4510 et
242 4455 420 4510 meditationi
435 4453 586 4509 observiat.
602 4452 737 4522 Dictaque
753 4456 817 4522 post
843 4468 906 4507 ma·

59 4525 166 4580 tutinus
185 4526 278 4596 prima
302 4542 392 4595 usque
412 4525 447 4578 ad
470 4525 586 4594 plenam
607 4524 721 4577 tertiam
744 4523 862 4592 psalmis
875 4540 907 4577 ac

59 4593 231 4650 lectionibus
245 4601 333 4650 vacet.
354 4595 456 4650 Tertiae
470 4610 537 4647 vero
552 4594 631 4648 horae
651 4593 733 4647 laude
756 4595 905 4665 completa,

59 4665 139 4736 operi
149 4682 286 4720 manuum
297 4682 387 4736 nsque
397 4665 431 4719 ad
440 4664 540 4718 horam
556 4679 662 4718 nonam
674 4664 775 4718 devota
785 4664 905 4730 insistat,

60 4736 158 4790 breves
184 4752 235 4807 per
259 4737 410 4790 intervalla
424 4736 567 4789 orationes
582 4735 723 4788 inserens:
749 4735 825 4789 dicta
844 4739 908 4806 post

59 4806 114 4860 hoc
125 4821 241 4876 vespera
254 4822 356 4876 corpus
366 4806 485 4873 reficiet,
501 4810 530 4860 et
550 4805 589 4860 sic
604 4811 718 4876 tempus
727 4806 908 4877 completorii

81 4877 344 4947 sellensexspectet.

105 4948 173 5003 PUT
187 4949 252 5003 xlx.
268 4977 298 4990 ·-
314 4949 355 5002 De
379 4948 433 5002 eibi
457 4951 482 5002 et
504 4951 583 5017 potus
609 4948 742 5018 qualitate
769 4949 795 5000 et
817 4961 908 5015 quon-

439 5021 526 5073 titote.

93 5088 156 5142 lam
172 5087 206 5141 de
222 5088 276 5143 cibi
301 5092 329 5143 el
353 5093 437 5160 potus
460 5089 597 5160 qualitate
619 5088 848 5160 velquantitate,
876 5103 908 5142 er

59 5157 216 5214 abundanti
231 5159 345 5229 quidem
357 5160 409 5214 tibi
420 5160 512 5231 legem
521 5160 681 5229 imponere,
696 5175 787 5224 soror,
798 5173 862 5229 qnae
873 5159 908 5213 ab

60 5229 122 5300 ipsa
149 5229 268 5283 infantia
295 5231 435 5300 usquead
466 5235 651 5297 senectutem,
678 5245 743 5300 quae
767 5244 842 5284 nunc
860 5234 910 5283 tua

60 5299 190 5354 membra
205 5300 342 5362 debilitat,
355 5301 521 5372 parcissimo
538 5301 600 5354 cibo
616 5300 660 5354 vir
675 5316 779 5371 corpus
797 5304 908 5354 susten·

59 5375 102 5425 tas
118 5387 125 5425 :
143 5387 193 5441 pro
207 5371 270 5424 aliis
284 5387 349 5426 cum
366 5372 470 5442 quibus
483 5372 510 5426 id
528 5371 599 5425 utile
613 5371 741 5425 futurum
756 5370 908 5437 arbitrans,

60 5446 166 5496 certam
183 5441 217 5511 de
237 5442 281 5496 his
303 5443 489 5513 prescribere
511 5443 640 5511 regulam
665 5442 791 5497 tentabo.
809 5442 910 5495 beatus

35 5511 42 5522 “
60 5513 229 5568 benedictus
245 5514 347 5567 libram
361 5513 443 5583 panis
465 5518 493 5567 et
506 5513 652 5567 heminam
667 5516 751 5583 potus
779 5512 911 5567 concedit

60 5584 202 5638 monacho
217 5600 223 5638 :
241 5585 317 5655 quod
334 5600 386 5639 nos
398 5583 514 5638 inclusis
529 5583 740 5638 delicatioribus
755 5599 812 5637 non
824 5598 910 5652 nega-

60 5668 125 5711 mus
141 5655 385 5728 ;adolcscentibus
400 5659 497 5710 tamen
526 5654 556 5709 in
580 5669 697 5726 corpore
720 5653 854 5725 robustis,
873 5653 909 5708 ab

979 2337 1087 2391 usculo.

958 2354 977 2409 p
1012 2409 1124 2463 CAPUT
1139 2408 1189 2462 llll.
1211 2435 1248 2448 -
1267 2411 1304 2462 lle
1317 2408 1482 2462 aestimastis
1504 2409 1529 2461 et
1543 2406 1738 2462 calceameutis.

995 2479 1082 2532 Porro
1096 2478 1165 2532 talia
1184 2476 1210 2531 ei
1226 2478 1396 2532 vestimenta
1410 2477 1554 2530 sufficiant
1576 2492 1641 2547 quse
1656 2477 1746 2547 frigus
1760 2492 1807 2532 re·

957 2549 1075 2619 pellant.
1090 2548 1283 2603 Grossioribus
1301 2547 1422 2617 pelliciis
1437 2551 1544 2613 utatur,
1560 2551 1588 2600 et
1602 2548 1725 2617 pellibus
1761 2564 1807 2602 ro-

958 2625 1023 2689 pter
1038 2619 1182 2684 biemem;
1198 2624 1317 2689 propter
1335 2622 1463 2671 aestatem
1478 2622 1575 2670 autem
1596 2632 1683 2671 unam
1704 2564 1809 2673 babeat

958 2689 1105 2743 tunicam:
1123 2693 1244 2759 utroque
1259 2704 1325 2741 vero
1344 2693 1473 2757 tempore
1489 2686 1605 2741 duasde
1619 2693 1663 2741 stu
1687 2688 1746 2743 acio
1761 2704 1808 2743 oa-

958 2759 1056 2814 misias
1070 2758 1113 2813 vel
1129 2759 1275 2813 staminas.
1287 2752 1425 2811 Velamen
1429 2756 1529 2826 capitis
1539 2772 1596 2810 non
1611 2757 1647 2810 sit
1662 2705 1697 2812 de
1732 2774 1807 2813 auno

959 2829 1057 2883 subtili
1071 2829 1114 2883 vel
1129 2829 1265 2900 pretioso,
1281 2828 1329 2882 sed
1345 2827 1482 2881 mediocri
1500 2827 1602 2896 nigro:
1625 2843 1660 2881 ne
1675 2775 1807 2883 videatur

959 2901 1054 2954 colore
1069 2899 1148 2954 vario
1163 2899 1294 2953 affectare
1308 2899 1450 2953 decorem.
1463 2897 1669 2964 calceamenta,
1686 2898 1806 2968 pediles,

960 2971 1074 3042 caligas,
1102 2975 1242 3040 qnantum
1269 2968 1336 3022 satis
1357 2969 1444 3022 fuerit
1458 2967 1569 3021 habeat.
1587 2969 1619 3021 Et
1633 2969 1807 3040 paupertatis

960 3057 1019 3095 sure
1029 3044 1124 3094 custos
1131 3040 1251 3094 sollicite
1265 3039 1434 3103 consideret,
1446 3043 1478 3091 ut
1492 3037 1578 3092 etiam
1595 3038 1807 3109 aliquantulum

960 3112 1055 3166 minus
1069 3111 1172 3165 babeat
1187 3126 1274 3181 quam
1287 3110 1435 3179 indulgere
1451 3108 1504 3163 sibi
1519 3108 1607 3179 possit
1620 3109 1698 3177 justa
1712 3125 1806 3165 neces·

960 3183 1037 3237 sitas.
1055 3183 1130 3250 llaec,
1146 3198 1227 3235 soror
1251 3180 1427 3245 charissima,
1452 3180 1487 3234 de
1509 3179 1659 3233 exterioris
1681 3181 1806 3236 hominis

958 3253 1173 3308 conversatione
1201 3268 1259 3307 non
1282 3267 1335 3323 pro
1351 3250 1529 3321 antiquitatis
1548 3250 1668 3313 fervore,
1683 3252 1732 3305 sed
1752 3267 1805 3320 pro

958 3324 1045 3410 hujus
1054 3324 1144 3378 nostri
1157 3322 1294 3394 temporis
1305 3322 1396 3393 spatio
1406 3326 1434 3377 te
1444 3321 1631 3446 compellente
1640 3321 1805 3393 conscripsi,

960 3394 1082 3450 intumis
1091 3398 1282 3464 temperatum
1291 3394 1443 3464 quemdam
1455 3408 1502 3446 mo
1525 3407 1573 3445 om
1585 3391 1806 3464 vivendipropo·

958 3480 1040 3533 nens,
1066 3465 1234 3520 fortioribus
1260 3465 1295 3519 ad
1323 3462 1495 3535 perfectiora
1517 3461 1669 3533 prodiendi
1690 3462 1807 3518 liberta·

959 3541 1017 3591 tem
1034 3537 1104 3591 relin
1129 3552 1207 3590 nens.

959 3607 1071 3663 CAPUT
1083 3553 1146 3661 xit.
1162 3635 1196 3647 -
1211 3605 1334 3663 solitudo
1356 3608 1395 3660 est
1423 3604 1560 3658 lominum
1583 3605 1713 3658 consortio
1735 3619 1806 3674 pree·

1047 3677 1161 3744 ferenda
1173 3682 1285 3747 propter
1299 3678 1524 3731 conseruationem
1537 3675 1716 3740 oireiuitatis.

996 3747 1049 3803 Sed
1063 3749 1123 3818 jam
1138 3763 1215 3801 nunc
1230 3746 1328 3802 audiat
1342 3751 1371 3801 el
1385 3746 1529 3815 intelligat
1542 3746 1627 3798 verba
1641 3760 1716 3811 mea,
1731 3761 1807 3815 qum·

958 3834 1083 3888 cumque
1098 3818 1303 3872 abrenuntians
1317 3818 1425 3871 mundo
1447 3816 1533 3869 vitam
1555 3815 1629 3868 hanc
1648 3815 1806 3870 solitariam

960 3889 1088 3959 elegerit,
1103 3889 1238 3943 abscondi
1253 3888 1428 3953 desiderans,
1456 3902 1516 3940 non
1543 3885 1644 3951 videri,
1669 3890 1698 3940 et
1724 3886 1807 3958 quasi

959 3965 1073 4015 mortue
1085 3961 1189 4014 secuto
1212 3959 1242 4014 in
1265 3961 1400 4030 spelunca
1414 3958 1526 4012 Christo
1540 3956 1718 4027 consepeliri.
1746 3956 1807 4010 Pri-

960 4046 1040 4085 mum
1050 4031 1103 4085 tibi
1116 4029 1299 4085 solitudinem
1314 4029 1463 4084 hominnm
1476 4028 1579 4082 debeas
1595 4027 1729 4108 preferre
1738 4042 1805 4080 eon-

960 4102 1059 4166 sortio,
1074 4101 1227 4171 diligenter
1248 4101 1372 4155 attende.
1406 4101 1498 4164 Virgo,
1525 4096 1620 4166 inquit
1642 4097 1806 4165 Apostolus,

961 4175 1129 4241 asseratque
1138 4177 1201 4226 suut
1210 4172 1271 4238 Dei,
1279 4169 1410 4240 quomodo
1423 4169 1529 4238 placeat
1547 4167 1612 4233 Deo,
1622 4171 1653 4220 ut
1662 4169 1699 4221 stt
1712 4172 1808 4221 sancta

961 4257 1069 4311 corpore
1087 4257 1118 4296 oc
1146 4243 1248 4311 spiritu
1273 4241 1294 4311 (l
1316 4242 1376 4297 Cor.
1397 4255 1445 4304 vu,
1466 4237 1522 4306 st).
1540 4237 1738 4290 voluntarium
1753 4236 1807 4291 hoc

961 4312 1129 4366 sacrillcium
1144 4317 1195 4375 est,
1212 4311 1319 4366 oblatio
1342 4314 1510 4381 spontanea,
1526 4306 1562 4360 ad
1581 4321 1667 4376 quam
1686 4322 1743 4361 non
1762 4307 1806 4360 lex

961 4383 1092 4454 impellit.
1108 4382 1162 4436 Sed
1176 4382 1328 4436 necessitas
1342 4381 1427 4463 cogit,
1440 4393 1497 4433 non
1514 4380 1596 4443 urget
1619 4384 1804 4448 preceptum.

962 4455 1041 4510 Unde
1057 4452 1195 4507 Dominus
1208 4453 1238 4507 in
1255 4454 1425 4524 Evangelio:
1442 4450 1494 4515 Qui
1515 4451 1602 4516 potest
1629 4463 1733 4518 capere,
1757 4463 1805 4502 cu-

960 4527 1022 4595 piat
1036 4525 1148 4592 (Marte.
1165 4540 1222 4592 xix,
1240 4525 1291 4592 tr).
1307 4523 1375 4588 Quis
1390 4519 1509 4592 potest?
1523 4518 1572 4571 llle
1587 4522 1662 4572 certe
1689 4518 1736 4599 cui
1752 4519 1805 4573 [lo-

961 4595 1057 4649 minus
1076 4595 1151 4651 banc
1175 4594 1357 4666 inspiraverit
1381 4592 1557 4646 volunlatem
1585 4592 1612 4643 et
1640 4590 1807 4659 praestiterit

960 4658 1806 4734 facultatem.Primumigitorntvirgo,bonumpropositum

961 4741 1044 4790 tuum
1057 4736 1112 4807 ipsi
1127 4736 1177 4807 qui
1189 4734 1339 4803 inspiravit
1352 4749 1417 4788 cum
1427 4745 1540 4785 summa
1553 4729 1703 4786 devotione
1713 4731 1807 4787 cordis

962 4807 1141 4874 commende,
1153 4804 1346 4861 intentissima
1361 4803 1488 4859 oratione
1500 4801 1664 4872 deposcens,
1682 4808 1714 4857 ut
1729 4801 1806 4873 quod

962 4877 1139 4948 impossibile
1154 4881 1197 4930 est
1221 4891 1273 4946 per
1299 4876 1445 4936 meritum,
1460 4871 1542 4926 facile
1565 4872 1667 4926 sentiat
1680 4888 1732 4942 per
1745 4887 1807 4951 gra·

962 4949 1042 5003 tiam.
1060 4948 1160 5018 Cogita
1174 4962 1297 5017 semper,
1313 4962 1400 5018 quam
1414 4942 1572 5016 pretiosum
1586 4943 1752 4996 thesaurum
1775 4956 1807 4994 sn

962 5035 1048 5091 qnam
1063 5017 1156 5088 fragili
1164 5018 1276 5071 vasculo
1292 5022 1527 5088 portes,etquam
1541 5013 1807 5081 mercedem,quam
1876 5047 1880 5055 .

964 5090 1095 5158 gloriam,
1112 5104 1199 5159 qoem
1217 5104 1351 5141 coronam
1365 5086 1513 5157 virginitas
1531 5089 1640 5139 serrata
1655 5081 1806 5136 ministret.

964 5162 1055 5226 Quam
1081 5160 1198 5230 insuper
1224 5175 1348 5229 poenam,
1377 5173 1464 5229 quam
1491 5154 1696 5235 confessionem,
1719 5167 1808 5232 quam

963 5230 1178 5285 damnationem
1194 5229 1329 5300 importet
1354 5229 1467 5293 amissa,
1488 5225 1684 5284 indesinenter
1709 5237 1806 5276 ammo

964 5302 1086 5355 revolve.
1102 5300 1176 5364 Quid
1202 5301 1254 5354 hoc
1281 5299 1431 5369 pretiosius
1446 5295 1675 5365 thesaurofquo
1703 5293 1808 5373 caelum

965 5372 1080 5437 emitur,
1097 5388 1152 5442 quo
1167 5371 1285 5442 angelus
1308 5372 1472 5441 delectatur,
1496 5366 1577 5436 cujus
1600 5364 1660 5434 ipse
1681 5364 1808 5419 Christos

964 5442 1086 5512 cupidus
1096 5446 1146 5505 est,
1164 5458 1221 5512 quo
1236 5441 1354 5496 illicitur
1364 5440 1398 5495 ad
1410 5439 1616 5516 amandum,'et
1628 5434 1662 5489 ad
1673 5438 1808 5514 praestan·

963 5512 1032 5568 dnm
1046 5517 1224 5583 provocatur,
1232 5512 1301 5584 quid
1310 5513 1420 5567 tondeo
1428 5512 1531 5575 dicere,
1543 5521 1669 5577 seipsum
1679 5509 1810 5586 elomnra

964 5599 1025 5637 sua.
1038 5584 1136 5655 ltaque
1146 5583 1253 5638 nardus
1260 5582 1430 5654 virginitatis
1440 5587 1499 5637 tuse
1510 5578 1597 5637 etiam
1609 5577 1639 5633 in
1649 5576 1810 5633 scelestibus

963 5654 1033 5710 dans
1047 5655 1166 5710 odorem
1181 5670 1276 5726 snum,
1292 5655 1360 5712 facit
1373 5658 1405 5709 ut
1418 5651 1598 5726 concupiscat
1620 5665 1669 5720 rer
1680 5647 1811 5704 decorem
