3884 6112
87 172 153 228 ιιιι
508 236 514 243 ι
658 161 854 219 areanum.
881 162 929 218 on
950 160 1038 218 vira
1056 158 1265 219 ιιιιιιιιιιιθι.

85 292 214 360 dentem,
228 295 257 347 et
269 289 381 346 tristem
395 291 455 344 tam
467 286 543 342 dulci
557 284 757 356 respicientem
771 285 865 353 oculo,
875 288 936 340 tam

86 364 165 420 suavi
183 379 252 418 roca
276 362 430 426 dicentem,
452 360 551 414 Maria
576 356 647 420 Quid
662 357 716 411 bac
728 372 796 411 voce
812 355 934 421 ιιιιιθιιιε,

87 434 158 508 quid
172 434 297 502 suavius,
313 432 381 502 qnid
392 429 557 502 jucundius,
575 429 687 482 Morio?
702 428 886 498 Rumpuntnr
900 426 936 482 ad

87 507 162 562 hanc
172 519 271 559 vocem
282 517 384 558 omues
393 498 493 570 capitis
503 503 660 564 cataractae,
674 498 709 553 ab
722 498 792 570 ipsis
803 497 936 553 medullis

89 575 243 631 eliciuntur
257 576 400 644 lacrymae,
417 570 561 638 singultus
583 574 669 693 atcpue
683 569 806 650 suspiria
820 568 936 651 ab‘imis

88 647 244 701 trahuntur
264 642 428 698 visceribus.
452 643 555 696 Morio.
582 640 603 695 0
639 644 715 694 eata!
733 640 802 712 quid
817 638 868 694 trbr
883 655 936 711 pro

89 715 200 772 meritis
213 715 277 783 fuit,
293 713 362 785 quid
377 711 477 779 animi,
495 727 560 764 cum
575 709 609 764 ad
625 711 698 765 hanc
714 726 810 765 vocem
825 716 853 764 te
866 725 935 781 pro-

88 791 239 850 sterneres,
273 789 301 838 et
331 782 453 838 reddens
477 797 576 835 vocem
600 781 735 835 salutanti
756 781 935 849 inclamares,

89 857 235 912 lietberti?
249 856 320 920 Quo,
336 868 418 924 rogo,
434 852 547 919 affectu,
568 868 626 922 quo
641 852 792 918 desiderio,
813 851 936 906 mentis·

90 944 145 1000 que
160 927 260 981 ardore
275 924 414 990 clamasti,
437 924 579 979 Rubboui?
594 924 665 977 Naru
689 924 773 994 plura
785 922 879 978 dicere
895 923 935 976 la·

90 1014 195 1068 crymae
230 994 395 1075 prohibent,
430 1010 508 1075 cum·
522 1009 620 1048 vocem
650 994 936 1075 occludatuallectus,

89 1083 249 1194 {stitit
266 1064 937 1203 §tittastitittristitiis?tt

89 1207 337 1265 desideratissimis
360 1206 483 1277 pedibus
505 1206 561 1260 tuis
581 1206 622 1260 sic
644 1222 721 1259 arces
736 1206 936 1261 amantem‘lO

90 1280 209 1335 verbum
224 1275 343 1334 duruml
367 1277 440 1342 Noli,
460 1276 564 1347 inquit,
587 1292 629 1330 mc
649 1282 758 1345 tunpcre
780 1279 872 1345 (Joun.
889 1293 935 1345 xx,

91 1353 132 1418 te,
151 1352 205 1419 ιι).
221 1349 337 1420 thnid,
354 1347 493 1402 Domine?
507 1347 599 1411 Quare
610 1363 669 1401 non
684 1352 801 1418 tangam
825 1346 938 1402 deside·

88 1426 152 1475 rata
165 1420 216 1476 illa
226 1419 348 1488 vestigia
360 1422 411 1472 tua
426 1434 477 1488 pro
491 1433 538 1470 me
552 1417 698 1488 perforata
712 1419 808 1485 clavis,
823 1416 938 1499 perlusa

89 1490 249 1562 sanguiue?
260 1489 324 1544 Non
332 1486 734 1568 tangamnondeosculabor'l
743 1490 786 1543 Αιι
796 1487 939 1543 inimicior

90 1559 266 1686 stult
275 1557 540 1683 tttttlitt·
556 1557 939 1684 ”ttdtttttttttis

90 1670 277 1825 suspiriiscppe
293 1646 453 1769 rumgetnr,
466 1699 521 1753 nisi
533 1644 663 1770 gaggam?
675 1671 714 1754 'ut
728 1700 775 1755 ille
790 1716 797 1754 :
810 1645 877 1757 {toti
898 1715 939 1754 me

91 1777 210 1842 tenpore.
251 1770 289 1825 oli
311 1770 429 1836 timere;
453 1785 512 1824 non
534 1770 662 1825 aufertur
682 1770 734 1824 tibi
750 1771 856 1825 bonum
872 1771 937 1836 hoc,

90 1842 139 1898 sed
160 1841 313 1898 differtur:
337 1841 409 1895 vade
427 1844 535 1908 tamen,
559 1846 589 1895 et
606 1840 706 1895 nuntia
719 1841 856 1896 fratribus
867 1841 939 1897 meis

90 1912 159 1985 quia
179 1911 300 1968 surrexi.
318 1912 411 1966 Currit
430 1911 486 1965 cito
512 1911 610 1965 voleus
634 1911 738 1966 redire.
764 1912 849 1968 Redit
873 1928 939 1968 cum

90 1983 153 2038 aliis
167 1982 347 2038 mulieribus.
363 1982 471 2048 Quibus
484 1983 566 2037 Jesus
580 1997 733 2037 occurrens
745 1983 851 2039 blanda
861 1983 938 2039 salu·

89 2053 208 2120 tatione,
222 2054 345 2108 de'ectas
358 2054 396 2107 sic
410 2052 505 2124 erigit,
522 2053 617 2108 tristes
631 2054 937 2109 consolaturmdverte.

90 2126 170 2180 'lunc
185 2128 227 2179 est
244 2071 352 2190 ciarum,
369 2125 444 2196 quod
462 2128 527 2179 ante
540 2123 593 2178 ruit
608 2123 737 2179 dilatum.
753 2128 939 2180 Accesserant

90 2196 168 2250 enim
183 2199 210 2250 et
224 2198 379 2250 tenuerunt
394 2195 479 2266 pedes
494 2196 568 2276 ejus.
587 2195 635 2250 llic
645 2196 782 2267 quamdiu
794 2196 940 2267 potespir·

91 2281 276 2390 golpmomie‘
285 2266 355 2390 .Νοιί
373 2265 553 2389 haslpelicras
565 2269 759 2391 tpastsomuus
772 2267 937 2340 interpolet,

91 2352 129 2391 nu
155 2352 188 2391 us
203 2353 235 2391 ex
252 2351 330 2390 error
356 2352 427 2389 umu
452 2352 485 2389 us
499 2352 538 2390 un
562 2353 576 2390 e
598 2354 646 2391 ra.

92 2407 205 2463 CAPUT
219 2406 308 2462 val.
324 2432 357 2448 -
375 2410 414 2462 De
426 2406 523 2530 repudi
541 2352 567 2462 gt
581 2422 671 2462 rarum
684 2411 859 2477 presentium
877 2423 939 2463 coa·

471 2491 512 2530 em
533 2481 571 2531 tu.

128 2547 232 2601 Verum
255 2545 323 2617 quia
338 2544 367 2599 in
383 2545 437 2600 hac
455 2492 560 2600 misgra
575 2546 631 2600 vita
653 2546 725 2602 nihil
740 2547 851 2615 stabile,
866 2548 940 2603 nihil

93 2620 233 2673 aeternum
257 2621 311 2683 est,
333 2632 482 2688 nunquam
508 2617 538 2672 iu
566 2617 668 2671 eodem
692 2623 764 2673 statu
791 2623 940 2691 permanet

92 2689 196 2754 bomo;
221 2702 335 2769 necesse
356 2692 408 2755 est,
428 2692 460 2741 ut
474 2687 571 2789 animp
587 2694 692 2756 nostra,
714 2689 784 2745 dum
806 2689 938 2756 vivimus,

91 2759 938 2901 titltttt‘ttttpttttthtitt.ttt⁰tttttt.3

91 2906 125 2957 ut
139 2917 172 2955 ex
183 2899 229 2955 his
241 2916 356 2972 quoque
366 2904 506 2971 qnantum
518 2901 624 2956 anobis
635 2901 672 2956 sit
684 2903 756 2957 Deus
766 2903 940 2974 diligendus,

92 2970 940 3055 οιιιιιθθιιιιθΙΙιιςθιθιιιιθθιιιιιειιιθιοιιιιιιιιθιοιιθιιιιιιιιοι

92 3046 126 3098 ιιι
143 3041 174 3097 iu
188 3058 254 3096 eum
270 3046 346 3096 totus
360 3046 427 3097 tuus
441 3042 599 3096 resolvatur
612 3043 737 3099 allectus.
754 3044 874 3100 Vilescat
888 3045 942 3100 tibi

93 3112 229 3180 mundus,
245 3111 339 3166 omnis
362 3127 445 3167 amor
466 3113 586 3168 carnalis
611 3115 762 3170 sordescat.
779 3115 892 3170 Nescius
912 3120 940 3170 te

93 3199 155 3238 asse
168 3183 199 3237 in
213 3182 267 3238 hoc
281 3183 399 3249 mundo,
416 3198 481 3254 quie
492 3183 527 3237 ad
543 3185 617 3251 illos,
634 3185 683 3256 qui
698 3185 729 3240 in
742 3186 819 3241 ecelis
834 3191 900 3242 sant
913 3190 941 3241 et

94 3256 152 3310 Deo
176 3252 284 3321 vivunt,
304 3258 387 3308 tuum
402 3270 530 3308 amorem
554 3256 732 3311 transtulisti.
754 3256 806 3312 Ubi
822 3261 864 3312 est
877 3258 941 3312 the·

93 3339 194 3379 saurus
208 3328 285 3391 tuus,
301 3323 341 3379 ibi
357 3326 385 3379 et
399 3340 448 3378 cor
462 3329 555 3381 tuum.
575 3327 640 3380 Noli
654 3343 720 3381 cum
742 3326 886 3399 argenteis
902 3327 940 3381 si·

94 3394 228 3451 malacria
250 3395 300 3449 vili
316 3395 461 3465 marsupio
475 3399 558 3450 tuum
573 3396 720 3452 includere
735 3399 875 3469 animum,
890 3399 941 3470 qui

93 3481 240 3538 uunquam
252 3482 318 3521 cum
327 3482 510 3521 nummorum
522 3467 649 3537 pondere
658 3469 941 3539 poterittransvolare

94 3537 129 3593 ad
143 3538 246 3594 coelum
259 3541 344 3607 :puta
358 3541 387 3592 te
397 3537 525 3610 qnotidie
539 3538 723 3607 moriturum,
736 3541 807 3595 etde
817 3541 940 3595 crastino

93 3624 153 3734 itt
166 3608 941 3739 tittthltttltttstttstttlt*titt

92 3750 155 3821 ipso
175 3752 235 3804 tota
249 3749 355 3805 liducia
370 3755 419 3804 tua
434 3751 567 3822 pendeat,
583 3752 635 3823 qui
652 3768 716 3806 aves
731 3699 820 3824 gasali
835 3757 863 3808 et
882 3752 942 3807 lilia

94 3819 187 3875 vestit.
209 3820 272 3890 lpse
292 3821 328 3875 sit
350 3822 486 3876 horreum
509 3827 602 3889 tuum,
629 3824 691 3894 ipse
705 3825 854 3895 apotheca,
879 3822 940 3894 ipse

94 3889 285 4015 stillis
299 3890 942 4033 stitlittleissistitttttttll

165 4031 278 4086 CAPUT
294 4031 396 4086 Lllllll.
412 4060 447 4074 -
464 4034 535 4087 Mors
547 4049 564 4086 o
578 4036 679 4088 sanctis
689 4033 867 4089 desideratur.

130 4100 185 4162 Qui
208 4106 303 4157 autem
319 4106 398 4157 tauta
417 4101 475 4156 suis
494 4103 656 4174 praestatio
674 4105 819 4176 praesenti,
834 4109 942 4177 quanta

95 4172 152 4228 illis
164 4177 258 4227 servat
271 4173 301 4228 iu
315 4172 431 4228 tuturo?
452 4174 625 4245 Principium
640 4176 814 4240 futurorum,
834 4181 863 4231 et
876 4176 942 4230 tlnis

93 4243 280 4326 presentium
296 4259 380 4299 mors.
391 4246 469 4300 lianc
483 4245 564 4316 cujus
576 4252 679 4302 natura
693 4264 751 4302 non
765 4248 881 4304 horret?
895 4263 942 4301 cu·

106 4331 139 4370 us
153 4330 212 4370 non
225 4315 384 4386 expavescit
398 4315 537 4371 allectus?
550 4317 620 4373 llam
633 4318 731 4374 bestia
741 4319 820 4390 fuga,
835 4318 940 4374 latibu-

104 4385 139 4453 ιε,
153 4389 182 4441 et
197 4385 259 4440 aliis
279 4386 359 4441 mille
381 4386 476 4443 modis
491 4393 613 4442 mortem
629 4393 739 4456 cavent,
755 4395 783 4445 et
796 4389 882 4444 vitam
898 4393 940 4444 tc·

94 4460 173 4511 nent.
189 4457 252 4512 tam
267 4473 343 4512 nunc
363 4457 517 4528 diligenter
534 4457 659 4524 attende,
675 4459 745 4530 quid
758 4464 808 4514 tua
829 4459 882 4516 tibi
896 4475 941 4514 re·

94 4526 234 4597 spondeat
247 4527 431 4596 conscicntia,
447 4529 516 4600 quid
535 4535 692 4600 presumat
705 4529 776 4584 ildes
797 4534 856 4594 tua,
872 4530 940 4601 quid

96 4612 160 4667 spes
169 4598 331 4678 promittat,
348 4599 418 4671 quid
434 4606 575 4670 exspectet
583 4599 711 4655 allectus.
726 4599 755 4655 si
763 4600 820 4655 vita
830 4605 880 4655 tua
889 4600 942 4655 tibi

95 4682 177 4721 oneri
192 4673 244 4733 est,
260 4668 283 4722 si
298 4670 423 4724 mundus
438 4669 560 4737 fastidio,
576 4670 601 4724 si
615 4686 680 4726 caro
691 4670 797 4738 dolori;
813 4670 941 4741 prolecto

96 4736 238 4793 desiderio
260 4754 338 4793 mors
352 4744 395 4795 est
411 4740 475 4810 tibi,
491 4757 556 4813 qum
567 4741 671 4813 jugum
686 4742 772 4813 hujus
787 4743 882 4796 oneris
895 4742 943 4796 de·

115 4808 186 4874 onit,
212 4808 286 4863 tollit
309 4810 464 4876 fastidium,
487 4829 641 4883 corporeos
668 4812 780 4867 dolores
807 4812 940 4868 absumit.

93 4825 155 4935 iios
169 4893 261 4934 unum
275 4878 337 4934 dico
353 4882 487 4937 omnibus
508 4883 609 4938 mundi
624 4883 709 4954 buJus
723 4887 859 4955 prestare
872 4882 942 4937 deli·

95 4949 156 5016 ciis,
168 4949 326 5005 honoribus
347 4955 433 5033 atque
448 4953 565 5021 divitiis,
580 4955 604 5009 si
618 4955 654 5010 ob
670 4954 852 5009 conscientie.
864 4969 941 5008 sere-

94 5021 225 5088 nitatem,
240 5019 307 5076 tldei
323 5020 498 5086 firmitatem,
515 5024 577 5107 spei
591 5024 803 5091 certitudinem,
820 5029 942 5079 mortem

94 5108 153 5148 non
168 5092 278 5148 timeas.
302 5091 381 5157 Quod
396 5092 444 5146 ille
467 5110 591 5151 maxime
610 5095 717 5166 poterit
736 5095 871 5166 experiri,
892 5095 942 5166 qui

95 5163 192 5245 aliquo
213 5169 342 5235 tempora
364 5162 488 5218 subhac
515 5165 650 5221 servitute
672 5167 829 5235 suspirans,
852 5166 883 5221 in
909 5166 942 5219 li-

94 5235 215 5291 berroris
238 5232 422 5291 conscientie
445 5250 529 5290 auras
552 5237 648 5292 evasit.
675 5238 739 5292 llaec
753 5241 821 5292 sunt
839 5237 943 5292 tuturus

93 5305 281 5362 beatitudinis
296 5311 352 5362 tuae
368 5305 504 5377 primitias
518 5307 666 5375 salutares,
685 5313 717 5362 ut
730 5314 822 5362 morte
846 5323 944 5378 super·

94 5376 227 5433 veniente
243 5379 402 5433 naturalem
416 5378 565 5433 horrorem
579 5378 649 5433 fldes
660 5383 784 5450 superet,
796 5394 860 5451 spes
873 5382 944 5433 tem·

96 5453 188 5519 peret,
203 5447 377 5504 couscientia
391 5464 492 5504 secura
502 5449 629 5518 repellat.

149 5519 264 5575 CAPUT
280 5520 396 5576 txvttl.
412 5549 447 5563 -
461 5520 539 5605 ldors
548 5519 624 5645 jepta
634 5521 775 5587 telicitotis
785 5520 890 5591 priuci-

468 5605 530 5647 ucm
542 5604 591 5646 cs.

131 5659 165 5716 iit
179 5659 242 5716 vide
254 5661 399 5734 quomodo
411 5608 489 5718 ιιιιξιε
502 5659 689 5720 beatitudinis
703 5661 876 5736 principium
890 5665 943 5731 est,

992 282 1124 339 laborum
1138 286 1224 348 meta,
1239 281 1444 354 peremptoria
1460 276 1635 334 vitiorum.
1662 274 1708 360 §ic
1722 277 1776 334 enin

992 358 1074 425 ptum
1101 361 1162 410 est:
1182 356 1260 410 Beati
1283 356 1399 419 mortui,
1428 353 1490 422 qui
1512 353 1548 404 iu
1580 351 1701 404 immine
1719 353 1776 405 mori

993 426 1097 481 Amodo
1109 428 1245 495 animiam
1257 425 1492 495 assuspirans,
1510 426 1546 475 ut
1558 422 1736 490 requiescant
1747 424 1776 476 cl

993 496 1041 551 bos
1056 500 1113 551 suis
1127 497 1223 566 (Apes.
1238 513 1294 562 ιιι,
1310 497 1370 576 ts),
1393 493 1489 551 Unde
1516 492 1678 619 prfflm
1689 493 1776 572 1ιθιιιιιι

991 566 1027 620 ab
1041 569 1198 622 electorum
1219 573 1311 620 morte
1337 569 1538 632 discernens,
1626 577 1674 617 aes
1687 570 1774 634 lnquit,

991 637 1124 692 dormiem
1138 641 1167 693 in
1181 639 1270 705 plocio
1284 640 1313 692 iu
1327 638 1407 693 ἀοπιο
1424 652 1508 691 suu:
1538 639 1574 687 tu
1592 638 1687 687 cutem
1704 637 1776 703 propa

991 708 1024 762 dc
1038 712 1158 778 sepulcro
1174 715 1228 772 tuo,
1247 711 1326 777 quusi
1339 712 1432 778 stirps
1463 705 1605 772 inutilis,
1621 706 1767 775 potuisset

991 779 1064 833 lutus
1082 782 1155 845 lisui.
1170 796 1226 847 ιιι,
1242 783 1273 835 18
1287 783 1338 849 19).

992 849 1106 905 CAPUT
1124 852 1211 907 txlx.
1233 879 1269 892 -
1286 853 1322 904 De
1340 851 1448 903 animae
1464 863 1480 901 e
1496 861 1626 918 corpore
1641 849 1754 902 micitia
1770 865 1776 901 ι

1319 921 1362 974 oet
1375 920 1539 990 supplicio.

1029 990 1182 1045 Dormiunt
1195 989 1301 1062 quippe
1315 990 1345 1045 in
1359 991 1462 1061 gloria
1490 1004 1637 1060 quorum
1658 993 1765 1045 merten

991 1062 1175 1117 commendat
1189 1062 1373 1116 conscientia.
1387 1060 1553 1125 Quoniam
1572 1059 1705 1131 pretiosa
1717 1062 1776 1115 estin

992 1140 1091 1204 spectu
1115 1133 1227 1187 Domini
1242 1148 1320 1186 mors
1334 1138 1514 1186 sanctorum
1534 1133 1619 1202 ejus.
1638 1132 1776 1186 Dormitsa

992 1203 1093 1274 gloria,
1108 1204 1190 1274 cujus
1213 1202 1381 1257 dormitioni
1395 1203 1556 1256 assistunt
1587 1203 1707 1272 Augelh
1722 1219 1776 1257 occa

992 1275 1082 1329 sancti
1096 1273 1271 1340 etooncives,
1286 1289 1370 1328 sunm
1386 1273 1575 1354 praebentes
1594 1273 1744 1335 auxilium,
1766 1292 1776 1326 ι

992 1345 1149 1417 partientes
1159 1345 1301 1412 solatium,
1316 1346 1497 1400 hostibusse
1513 1349 1695 1415 opponunt,
1708 1345 1776 1399 obsist

992 1417 1146 1487 repellunt,
1162 1416 1294 1470 refellunt
1310 1420 1511 1470 accusantes:
1540 1421 1575 1469 et
1600 1414 1645 1469 sic
1668 1431 1752 1496 usquc
1766 1433 1776 1470 ι

992 1502 1063 1542 num
1077 1487 1196 1542 Abrahae
1209 1492 1334 1541 sanctam
1349 1486 1489 1541 animam
1506 1485 1697 1541 comitantes
1710 1503 1737 1541 ιιι
1747 1488 1776 1542 loc

992 1558 1033 1612 cis
1048 1559 1187 1639 collocant
1201 1563 1229 1612 et
1238 1557 1356 1638 quietis.
1375 1558 1444 1611 lt'on
1475 1556 1522 1610 sic
1545 1557 1776 1640 impii,.quos·di

992 1628 1776 1779 littit⁰.tt.⁶titttf¹.tttt”Litctsittittt

994 1770 1413 1840 dine,obvolutoscup1ditate,
1441 1769 1601 1840 injiciunt
1625 1771 1776 1841 ignibnsen

993 1841 1055 1908 dos,
1071 1840 1189 1895 tradunt
1211 1841 1355 1894 vermibus
1368 1841 1573 1909 lacerandos,
1592 1842 1714 1897 aeterms
1726 1843 1776 1898 into

993 1911 1132 1983 deputant
1146 1911 1334 1966 sciffocandos.
1349 1912 1424 1966 Vere
1440 1916 1634 1981 suspectatio
1648 1914 1773 1983 justam

993 1985 1050 2047 tiu;
1066 1998 1125 2052 spes
1140 1989 1229 2037 cutam
1244 1985 1389 2051 impiorum
1399 1983 1518 2052 peribit
1542 1986 1642 2053 (Proo.
1660 2002 1689 2047 x,
1702 1988 1752 2053 tt).

993 2054 1107 2108 CAPUT
1121 2054 1194 2109 ixl.
1208 2083 1244 2093 -
1263 2057 1300 2108 De
1313 2056 1407 2122 requie
1420 2058 1541 2108 aseae
1563 2062 1593 2110 et
1605 2057 1700 2124 pierio
1714 2062 1776 2112 snat

1028 2124 1101 2179 Sane
1114 2125 1207 2196 quatis
1222 2124 1257 2178 sit
1271 2124 1318 2178 illa
1333 2124 1467 2194 requies,
1497 2141 1577 2196 quse
1593 2143 1656 2196 pax
1678 2128 1733 2193 illa,
1750 2145 1776 2200 qu

993 2195 1124 2250 conditas
1143 2195 1179 2250 de
1207 2195 1270 2250 sinu
1294 2194 1432 2262 Abrahae,
1464 2212 1545 2267 quae
1574 2197 1640 2252 illic
1666 2200 1776 2270 quiesces

993 2266 1183 2337 promittitur,
1200 2271 1227 2320 et
1241 2269 1436 2336 exspectatur,
1454 2267 1537 2337 quia
1556 2270 1776 2340 experientiam

993 2339 1062 2404 cuit,
1080 2338 1162 2391 stilus
1177 2337 1318 2407 explicare
1332 2352 1390 2390 uon
1406 2337 1544 2406 poterit.
1574 2341 1745 2411 Exspectant
1763 2342 1776 2396 t

994 2408 1086 2463 douec
1098 2408 1253 2489 impleatur
1266 2423 1404 2462 numerus
1420 2408 1567 2464 fratrum
1581 2427 1721 2482 suorum,
1735 2418 1760 2466 ot
1774 2430 1776 2465 l

994 2479 1211 2534 resurrectionis
1223 2478 1331 2547 duplici
1346 2479 1423 2532 stola
1439 2479 1565 2549 induti,
1584 2485 1718 2556 corporis
1729 2484 1776 2557 psn'

994 2549 1099 2605 animae
1114 2555 1252 2619 perpetua
1269 2548 1402 2604 felicitate
1418 2550 1590 2608 truantur.

1093 2621 1206 2675 CAPUT
1223 2621 1310 2675 [ιιι.
1326 2649 1360 2660 -
1375 2622 1416 2674 be
1441 2627 1581 2678 eaetrcmi
1604 2625 1711 2695 judicii
1723 2626 1766 2680 die

1029 2691 1093 2745 Jam
1107 2707 1184 2745 nuuc
1197 2691 1309 2745 intuere
1322 2690 1380 2744 diei
1396 2690 1484 2747 illius
1505 2699 1679 2764 terrorem,
1697 2695 1776 2768 quand

994 2764 1071 2816 tutes
1093 2762 1231 2816 coelorum
1258 2762 1471 2831 movebuntur,
1506 2765 1670 2822 elementa
1693 2768 1776 2839 ignis:

995 2833 1151 2899 solventur,
1165 2832 1305 2904 patebunt
1315 2832 1554 2899 inferi,occulta
1570 2839 1678 2894 omnia
1687 2838 1776 2894 nodab

995 2903 1096 2957 Veniet
1114 2903 1331 2975 desuperjudex
1348 2903 1460 2971 iratus,
1479 2908 1604 2963 ardens
1626 2910 1707 2965 luror
1718 2911 1776 2981 ejus,

995 2978 1151 3045 tempestas
1165 2990 1265 3028 currus
1279 2975 1351 3044 ejus,
1366 2978 1401 3028 ut
1417 2976 1538 3032 reddat
1562 2980 1598 3035 in
1627 2982 1673 3036 ira
1686 2982 1776 3036 vindict

995 3045 1183 3100 vastationem
1199 3045 1229 3099 in
1241 3045 1358 3100 flamma
1372 3045 1468 3115 ignis.
1502 3050 1624 3106 Beatus
1636 3054 1688 3125 qui
1714 3058 1776 3124 paral

996 3132 1143 3170 occurrere
1157 3116 1210 3170 illi.
1226 3115 1297 3182 Quid
1315 3120 1383 3169 tunc
1399 3117 1537 3174 miseris
1568 3124 1681 3179 animis
1694 3125 1763 3179 erit?

995 3191 1063 3241 tunc
1076 3187 1174 3241 miseri
1189 3191 1283 3253 erunt,
1301 3202 1374 3257 qtros
1391 3202 1482 3242 nunc
1503 3191 1638 3248 luxuria
1655 3196 1745 3259 fedat,
1756 3209 1776 3248 u

995 3257 1124 3329 dissipat,
1138 3257 1248 3312 extollit
1263 3256 1416 3338 superbia!
1435 3260 1585 3319 Exibunt
1601 3269 1776 3337 angelicis

996 3329 1067 3384 bunt
1080 3329 1170 3383 malos
1183 3329 1218 3383 de
1233 3329 1324 3383 medio
1334 3328 1511 3398 justorum,
1531 3334 1612 3390 istos
1628 3355 1644 3391 a
1665 3337 1770 3397 dextris,

995 3416 1012 3454 a
1026 3399 1147 3453 sinistris
1159 3404 1324 3454 statuentes.
1339 3398 1447 3468 Cogita
1464 3419 1560 3461 nunc
1577 3412 1609 3461 te
1620 3415 1688 3464 ante
1700 3408 1776 3463 tribas

995 3474 1040 3524 ter
1054 3475 1207 3541 utramque
1227 3470 1301 3525 hanc
1317 3469 1497 3526 societatem
1535 3479 1689 3541 assistere.
1708 3486 1734 3533 et
1752 3492 1776 3532 at

995 3540 1025 3595 in
1036 3547 1147 3610 partem
1163 3542 1281 3594 alteram
1294 3545 1479 3610 separatam.
1492 3546 1640 3605 Deflecte
1650 3566 1722 3606 nnnc
1734 3564 1776 3603 ocu

995 3611 1138 3666 sinistram
1162 3611 1278 3678 iudicis,
1308 3614 1336 3665 et
1358 3611 1517 3670 miseram
1550 3618 1641 3676 illam
1669 3620 1776 3676 multitu

995 3686 1099 3754 specta.

1048 3754 1161 3808 CAPUT
1179 3753 1277 3808 lxxii.
1293 3754 1329 3806 be
1342 3755 1524 3819 confusione
1544 3767 1576 3816 et
1592 3763 1776 3833 manaim

1031 3823 1127 3888 Qualis
1141 3823 1316 3879 ibihorror?
1331 3823 1396 3894 quis
1411 3825 1542 3885 timor?
1554 3835 1735 3905 quisfoetorl
1745 3847 1776 3902 qu

995 3893 1062 3949 lor?
1076 3895 1157 3949 Stant
1185 3893 1293 3960 miseri,
1321 3897 1350 3947 et
1378 3893 1531 3954 infelices
1560 3906 1712 3960 stridentes
1726 3903 1776 3956 dent

995 3965 1072 4018 nudo
1088 3966 1176 4018 latere
1191 3965 1374 4036 palpitantes,
1397 3977 1536 4038 aspectu
1558 3973 1719 4038 horribiles,
1728 3971 1776 4024 rull

995 4035 1290 4106 formes,dejectiprae
1323 4035 1438 4105 udore;
1483 4057 1531 4097 rae
1551 4042 1776 4119 eorporistupil

998 4110 1027 4161 et
1041 4105 1169 4160 nuditate
1184 4105 1293 4160 contusi
1303 4051 1397 4159 iacere
1416 4055 1549 4188 rosnat,
1579 4125 1613 4173 et
1640 4135 1697 4173 non
1718 4116 1776 4171 ιιιιιι

996 4193 1063 4303 gere
1078 4181 1200 4242 tentant,
1217 4182 1246 4231 et
1260 4192 1318 4230 nou
1332 4184 1585 4247 permittuntur.
1609 4189 1641 4244 Si
1658 4191 1745 4243 lerant
1764 4201 1776 4239 o

1016 4263 1119 4318 esuper
1130 4246 1234 4317 judicis
1249 4246 1486 4306 imminettnror
1504 4271 1513 4319 ;
1532 4257 1562 4311 si
1588 4260 1746 4332 deponam.
1759 4256 1776 4310 ιι

996 4317 1031 4372 lis
1044 4318 1124 4389 putei
1132 4319 1173 4373 eis
1187 4318 1328 4390 ingeritur
1342 4317 1466 4375 horror.
1487 4325 1514 4377 N
1520 4344 1567 4382 on
1586 4331 1720 4402 suppetit
1730 4328 1776 4382 crin

995 4388 1148 4458 excusatio,
1164 4404 1216 4443 nec
1240 4389 1275 4443 de
1296 4387 1397 4468 iniquo
1419 4391 1551 4461 judicio
1574 4402 1681 4473 aliqua
1707 4403 1776 4472 poter

996 4461 1138 4514 causatio:
1155 4474 1220 4514 cum
1236 4459 1376 4530 quidquid
1391 4459 1567 4523 decretum
1583 4471 1688 4543 luerit,
1698 4473 1776 4544 justu

995 4530 1003 4584 i
1027 4547 1086 4584 sam
1102 4546 1202 4585 eorum
1216 4529 1425 4585 conscientiam
1444 4550 1514 4591 non
1527 4539 1652 4597 latebit.

1017 4602 1108 4657 APUT
1133 4602 1244 4657 txxlll.
1261 4632 1295 4642 -
1311 4601 1395 4656 Amor
1427 4606 1487 4660 Deo
1516 4614 1724 4680 rependendus
1742 4628 1776 4684 po

1268 4671 1469 4730 destinationis
1480 4685 1609 4746 pretia.

1032 4742 1121 4797 Cerne
1134 4756 1210 4796 nnnc
1224 4757 1310 4812 quam
1333 4744 1484 4800 amandus
1504 4751 1557 4814 sit,
1577 4754 1635 4824 qui
1657 4760 1688 4811 te
1706 4757 1741 4809 ab
1761 4754 1776 4808 h

997 4819 1095 4868 mnata
1107 4812 1240 4866 societate
1254 4812 1498 4884 praedestinando
1517 4822 1685 4895 discernit,
1702 4841 1776 4880 vocar

996 4883 1116 4954 paravit,
1124 4882 1307 4953 justificando
1318 4891 1465 4954 purgavit.
1483 4890 1654 4968 Retorque
1672 4911 1776 4952 nuncu

996 4959 1087 5081 tapam
1102 4955 1208 5020 oculos,
1220 4960 1248 5009 et
1263 4955 1366 5026 quibus
1380 4961 1410 5010 ιθ
1426 4958 1645 5028 glorificando
1661 4968 1700 5023 sit
1714 4969 1776 5022 insa

998 5043 1013 5080 a
1035 5029 1123 5080 verte.

1183 5095 1305 5151 CAPUT.
1322 5124 1355 5136 -
1369 5099 1407 5151 bc
1423 5100 1529 5167 ptos-ia
1543 5105 1699 5164 bonorum.

1032 5166 1099 5232 Quis
1114 5165 1154 5220 ibi
1167 5165 1273 5221 decor?
1283 5166 1346 5238 quis
1355 5167 1483 5224 honor?
1501 5189 1580 5244 quae
1597 5179 1748 5234 felicitas?
1760 5194 1776 5248 q

997 5238 1127 5292 coritas?
1140 5237 1196 5290 alii
1210 5236 1256 5291 die
1266 5236 1421 5308 judiciaria
1437 5241 1513 5298 sede
1532 5249 1699 5316 sublimes,
1716 5250 1776 5305 alii}

997 5308 1033 5362 rii
1047 5324 1151 5363 corona
1167 5308 1359 5377 splendentes,
1381 5308 1433 5364 alii
1446 5311 1646 5385 virginitatis
1670 5322 1743 5377 llore
1756 5337 1776 5374 ca

998 5378 1047 5434 alii
1062 5381 1305 5450 eleemosynarum
1328 5377 1489 5450 largitione
1513 5386 1659 5458 sectandi,
1684 5393 1734 5448 alii
1752 5391 1776 5446 d«

998 5454 1026 5504 et
1042 5449 1201 5504 eruditione
1213 5449 1352 5521 praeclari,
1364 5451 1603 5514 unocharitatis
1619 5463 1735 5519 foedere
1748 5478 1776 5517 co

998 5525 1055 5574 tur.
1072 5521 1155 5576 Lucet
1178 5521 1220 5575 eis
1234 5521 1327 5575 vultus
1341 5520 1408 5575 Jesu
1424 5522 1545 5582 Christi
1563 5548 1631 5587 non
1656 5532 1777 5589 terribili

998 5592 1149 5719 {petalum
1166 5607 1224 5648 non
1246 5606 1369 5660 amarus,
1386 5592 1439 5649 sed
1456 5594 1583 5671 dulch3
1610 5619 1678 5661 non
1693 5610 1776 5662 terrac

1030 5677 1067 5718 au
1088 5678 1160 5720 ιθιιε.
