3884 6112
149 253 218 306 ¹003

146 370 316 443 cogitatione
340 372 482 439 regerent,
504 365 685 433 facerentque
714 359 755 414 ire
782 375 839 430 quo
866 358 988 424 vellent;

145 464 252 524 tamen,
267 474 332 512 cum
354 474 387 510 ea
406 458 579 520 moveretur,
595 466 652 505 non
673 452 793 519 possunt
806 447 848 500 illi
876 447 926 517 qui
941 445 992 501 ibi·

147 548 212 601 dem
227 545 374 600 constituti
390 548 456 597 snut
472 558 529 595 nou
545 538 665 593 moveri.
689 537 759 600 Non,
781 535 821 590 ait
837 534 989 599 licentius,

146 635 259 689 animus
273 635 312 687 ita
326 638 369 687 est
384 632 413 684 in
434 645 561 699 corpore,
580 631 611 680 ut
626 641 729 696 corpus
749 624 870 694 imperet
884 624 990 676 animo.

147 723 244 791 Neque
259 721 312 773 hoc
326 734 378 786 ego
400 717 472 779 dico,
489 715 626 784 inquam:
648 711 696 765 sed
715 711 803 764 etiam
825 725 911 781 eques
933 724 991 762 non

146 809 185 861 ita
206 812 247 860 est
270 808 300 860 in
329 820 413 873 equo,
443 807 475 856 ut
500 802 525 855 ei
551 817 641 873 equus
669 800 858 869 imperet3ct
881 803 989 863 tamen,

145 894 275 966 quamvis
290 909 347 963 quo
362 892 429 945 velit
444 891 485 944 ire
506 905 612 960 equum
640 893 716 958 agat,
738 903 811 957 equo
831 891 910 939 moto
929 901 992 939 mo-

144 988 243 1037 veatur
257 996 370 1035 necesse
385 983 436 1033 est.
454 981 559 1043 Potest,
580 977 682 1047 inquit,
699 976 796 1030 sedere
810 974 871 1045 ipse
885 973 990 1027 immo-

143 1070 218 1124 bilis.
234 1068 317 1138 Cogis
332 1084 393 1133 nos,
413 1067 542 1137 inquam,
564 1065 684 1119 delinire
708 1065 777 1134 quid
806 1064 843 1117 sit
864 1061 989 1117 moveri:

144 1158 220 1227 qued
234 1158 257 1211 si
268 1161 360 1227 potos,
377 1155 463 1209 iacias
479 1155 552 1207 volo.
576 1154 702 1214 Prorsus,
734 1150 838 1220 inquit,
864 1153 990 1218 mancat,

144 1261 250 1315 quaeso,
263 1242 433 1297 beneficium
446 1247 543 1304 tuum;
559 1255 624 1292 nam
635 1243 731 1293 manet
738 1238 893 1307 postulatio
907 1253 989 1292 mea:

144 1338 172 1387 et
185 1349 219 1385 ne
240 1348 284 1385 me
299 1347 398 1384 rursus
412 1330 579 1398 interroges,
595 1332 690 1381 utrum
707 1326 778 1380 mihi
792 1326 910 1380 delinire
932 1327 992 1396 pla·

144 1425 223 1485 cent,
253 1419 367 1490 quaudo
398 1417 426 1471 id
454 1418 546 1470 tacere
571 1422 702 1486 potuero,
729 1414 788 1486 ipse
815 1414 986 1484 prolitebor.

144 1509 212 1571 Quen
231 1523 296 1561 cum
320 1506 394 1559 dicta
414 1510 518 1570 essent,
541 1520 612 1575 puer
633 1504 668 1557 de
692 1504 777 1556 domo
802 1503 849 1555 cni
871 1502 991 1556 dedera-

143 1611 207 1649 mus
219 1595 247 1648 id
262 1593 378 1663 negotii,
393 1592 518 1646 cucurrit
531 1593 565 1645 ad
581 1607 641 1656 nos,
657 1596 684 1644 et
694 1592 793 1645 horam
809 1590 923 1660 prandii
931 1606 991 1645 esse

143 1684 293 1738 nuntiavit.
309 1684 380 1736 Tum
396 1697 468 1752 ego:
493 1679 565 1743 Quid
581 1680 626 1742 sit,
649 1679 778 1749 inquam,
798 1679 917 1743 moveri,
933 1694 993 1732 non

143 1773 328 1827 delinirenos
348 1786 421 1840 puer
440 1769 502 1831 iste,
524 1769 572 1822 sed
596 1767 665 1838 ipsis
689 1769 778 1821 oculis
799 1767 876 1837 cogit
896 1771 991 1821 osten·

143 1861 219 1915 dere.
245 1861 347 1913 Eamus
363 1858 461 1928 igitur,
481 1861 510 1910 et
527 1856 563 1910 de
581 1856 634 1909 isto
655 1855 717 1909 loco
739 1856 770 1909 in
790 1856 879 1909 alium
895 1856 990 1910 locum

142 1952 340 2002 transeamus:
359 1961 424 1999 nam
439 1945 510 1998 nibil
526 1948 569 1998 est
583 1943 672 2014 aliud,
684 1943 740 1997 nisi
758 1943 851 2010 fallor,
867 1943 987 1999 moveri.

143 2036 193 2090 Hic
208 2051 272 2090 cum
288 2034 459 2102 arrisissent,
476 2032 666 2086 discessimus.

417 2137 572 2175 orsrurauo
588 2135 720 2174 securos.

180 2215 222 2266 19.
236 2213 272 2264 ut
285 2209 333 2263 ubi
349 2208 499 2262 refecimus
520 2224 648 2278 corpora,
670 2207 807 2279 quoniam
821 2207 925 2262 coelum
940 2208 991 2262 ob·

142 2299 263 2353 duxerat
277 2297 377 2363 nubes,
392 2297 475 2350 solito
490 2297 553 2349 loco
570 2295 600 2348 in
617 2295 720 2349 balneo
736 2295 925 2349 consedimus.
941 2298 991 2349 At·

143 2403 198 2458 que
213 2401 283 2455 ego:
303 2384 437 2439 Concedis
452 2399 531 2454 ergo,
548 2383 677 2453 inquam,
701 2383 817 2448 licenti,
838 2383 913 2437 nihil
927 2399 990 2437 esse

142 2473 220 2528 atiud
243 2479 355 2527 motum
391 2470 535 2543 quamde
566 2470 628 2524 loco
648 2470 678 2524 in
705 2469 797 2524 locum
817 2471 992 2525 transitum?

143 2562 282 2623 Concedo,
304 2559 409 2630 inquit.
439 2558 575 2614 Concedis
591 2574 669 2629 ergo,
694 2558 824 2629 inquam,
846 2559 992 2614 neminem

143 2651 173 2704 in
188 2666 221 2704 eo
245 2650 307 2703 loco
331 2665 391 2702 esse
407 2648 436 2701 in
458 2664 514 2719 quo
539 2664 597 2702 non
620 2649 724 2715 iuerat,
753 2652 782 2701 et
801 2652 913 2702 molum
934 2665 992 2702 non

140 2739 248 2792 luisse?
265 2739 327 2792 Non
340 2737 480 2808 intelligo,
497 2735 600 2806 inquit.
616 2735 738 2805 Siquid,
755 2735 883 2805 inquam,
896 2735 989 2788 inalio

140 2826 201 2881 loco
225 2827 279 2881 luit
303 2825 421 2888 dudum,
444 2830 472 2879 et
497 2840 572 2878 nunc
597 2823 626 2877 in
650 2825 704 2878 alio
724 2828 776 2890 est,
798 2828 907 2877 motum
930 2838 990 2877 esse

140 2917 293 2971 concedis?
308 2914 531 2969 assentiebatur.
548 2914 631 2983 Ergo,
646 2913 774 2983 inquam,
792 2916 890 2982 posset
904 2911 990 2966 alicu-

137 3005 185 3076 jus
198 3003 333 3075 sapientis
351 3003 446 3058 vivum
464 3018 567 3072 corpus
581 3001 627 3054 bic
643 3001 727 3055 modo
751 3001 898 3054 nobiscum
918 3017 988 3067 esse,

141 3098 174 3146 ut
194 3093 306 3146 animus
332 3090 399 3145 binc
419 3088 551 3144 abesset?
575 3091 680 3157 Posset,
712 3088 817 3159 inquit.
850 3089 988 3157 Etiamne,

140 3180 270 3251 inquam,
286 3178 309 3232 si
318 3178 465 3231 nobiscum
477 3177 700 3247 colloqueretur,
713 3180 742 3230 et
757 3192 808 3229 nos
821 3176 931 3248 aliquid
942 3177 989 3231 do-

141 3268 236 3321 ceret?
254 3265 380 3333 Etiamsi,
396 3265 498 3337 inquit,
514 3281 566 3318 nos
580 3265 672 3334 ipsam
687 3264 986 3335 doceretsapientiam,

77 3336 83 3347 ⁸
140 3371 199 3409 non
213 3355 296 3409 illum
311 3354 435 3408 dicerem
450 3352 598 3406 nobiscum
624 3368 693 3418 esse,
719 3353 767 3406 sed
792 3368 902 3407 secum.
925 3355 987 3408 Non

139 3442 228 3513 igitur
255 3443 285 3495 in
308 3457 438 3512 corpore,
461 3441 601 3509 inquam?
622 3441 694 3502 Non,
719 3440 822 3512 inquit.
845 3441 897 3496 Cui
912 3457 984 3511 ego:

140 3531 248 3601 Corpus
263 3529 334 3584 illud
347 3528 425 3601 quod
438 3534 546 3583 careret
556 3528 663 3594 animo,
675 3544 771 3582 nonne
787 3532 932 3583 mortuum
948 3529 987 3583 lo·

138 3616 247 3682 teraris,
263 3631 327 3670 cum
343 3630 396 3684 cgo
408 3615 503 3668 vivum
517 3613 738 3684 proposuerim?
752 3613 861 3678 Nescio,
878 3614 984 3685 inquit,

139 3705 281 3777 quomodo
306 3704 454 3774 explicem.
476 3704 546 3757 Nam
575 3709 604 3757 et
622 3719 723 3773 corpus
742 3703 867 3757 bominis
891 3703 986 3757 vivum

56 3812 62 3821 ·
139 3808 199 3845 esse
214 3808 271 3845 nou
285 3806 368 3861 posse
382 3790 475 3855 video,
489 3790 513 3842 si
528 3790 640 3843 animus
656 3790 684 3843 in
696 3807 730 3844 eo
740 3807 797 3844 non
813 3791 868 3857 sit;
884 3795 913 3845 et
927 3807 985 3845 uon

137 3895 254 3950 possum
269 3879 372 3945 dicere,
383 3877 483 3930 ubiubi
506 3877 542 3931 sit
563 3893 666 3947 corpus
687 3877 833 3948 sapientis,
851 3880 985 3949 nunejus

138 3966 267 4021 animum
282 3981 341 4019 esse
357 3981 420 4018 cum
439 3964 504 4017 lieo.
523 3965 591 4034 Ego,
607 3963 736 4035 iuquam,
753 3965 866 4035 faciam,
885 3971 917 4021 ut
930 3965 984 4021 hoc

138 4053 270 4124 explices.
295 4054 422 4107 Fortasse
446 4051 523 4105 enim
541 4051 609 4122 quia
627 4051 733 4122 ubique
754 4053 827 4107 licus
842 4066 894 4121 esc,
909 4071 984 4125 quo-

137 4159 194 4213 quo
209 4141 274 4196 ierit
288 4140 410 4210 sapiens,
428 4139 538 4194 invenit
553 4141 640 4194 Deum
657 4156 721 4193 cum
738 4157 795 4212 quo
808 4157 868 4195 esse
883 4142 982 4213 possit.

137 4232 179 4285 lta
193 4230 226 4285 flt
240 4234 272 4284 ut
289 4227 431 4300 possimus
455 4232 483 4282 et
503 4243 559 4281 non
582 4244 687 4299 negare
706 4228 788 4283 illum
813 4232 847 4285 de
866 4232 926 4286 loco
953 4233 983 4287 in

135 4321 229 4375 locum
253 4317 385 4384 transire,
403 4316 480 4387 quod
504 4321 546 4369 est
563 4317 690 4383 moveri;
712 4322 849 4374 ettamen
871 4336 983 4391 semper

136 4426 196 4464 esso
211 4425 276 4463 cum
287 4409 358 4463 Deo.
378 4407 487 4473 Fateor,
500 4405 603 4476 inquit,
618 4422 720 4477 corpus
735 4407 806 4461 illud
821 4409 855 4463 de
877 4409 937 4463 loeo
952 4413 983 4462 tn

134 4499 228 4552 locum
244 4495 396 4551 transitum
408 4495 510 4561 lacere,
527 4495 573 4548 sed
589 4497 714 4548 mentem
725 4494 817 4565 ipsam
837 4512 921 4568 nego,
935 4496 982 4552 cui

134 4602 240 4639 nomen
251 4583 386 4654 sapientis
402 4582 571 4652 impositum
588 4587 640 4636 est.

134 4674 209 4727 CAP.
225 4673 282 4725 Vll.
292 4703 325 4710 -
335 4671 470 4736 Quomodo
485 4671 550 4725 ordo
565 4672 717 4737 furritcum
726 4672 889 4727 malumnoo
903 4678 978 4731 esset.

169 4764 213 4814 20.
231 4761 312 4813 Nunc
330 4760 446 4814 interim
470 4760 526 4824 tibi,
542 4760 622 4827 cedo,
648 4759 778 4830 inquam,
803 4777 839 4815 ne
863 4777 908 4815 res
930 4763 980 4817 ob·

134 4848 304 4914 scurissima,
322 4852 350 4900 et
374 4847 480 4902 diutius
504 4848 728 4919 diligentiusque
748 4849 904 4914 tractanda,
926 4850 980 4904 im·

133 4937 229 5007 pcdiat
249 4936 279 4988 in
303 4936 454 5005 praesentia
474 4936 653 5006 propositum
671 4941 809 4993 nostrum.
839 4936 895 4991 Sed
909 4938 980 4992 illud

131 5025 289 5090 videamus,
315 5022 451 5093 qnoniam
474 5024 617 5078 dilinitum
646 5030 688 5079 est
711 5040 727 5078 a
756 5025 838 5080 nobis
852 5024 921 5095 quid
944 5025 980 5078 sit

131 5131 192 5170 esse
206 5113 267 5167 siue
285 5113 351 5177 Deo,
372 5116 468 5164 utrum
487 5112 558 5165 scire
573 5112 714 5182 possimus
735 5112 831 5182 etiam,
855 5113 925 5184 quid
944 5112 980 5168 sit

131 5218 191 5258 esse
207 5203 267 5256 sine
288 5201 357 5265 Deo,
383 5199 512 5268 quamvis
532 5200 593 5270 jam
614 5201 800 5256 manifestum
820 5216 880 5255 esse
903 5200 979 5254 arbi-

129 5293 200 5345 tror.
226 5290 297 5344 Nam
316 5287 398 5342 crede
422 5285 512 5340 videri
539 5287 591 5341 tibi
619 5304 666 5343 eos
693 5289 742 5361 qui
763 5306 828 5344 cum
843 5290 902 5344 Deo
919 5304 978 5342 non

129 5470 289 5535 suppetere,
305 5464 429 5519 dicerem
439 5463 558 5519 tortasse
571 5464 649 5533 quod
663 5465 716 5520 tibi
727 5481 787 5522 non
800 5465 972 5537 displiceret.

780 237 827 294 DE
846 233 991 303 ORDINE,
1017 232 1044 289 S.
1075 232 1267 291 AUGUSTlNl

1848 233 1904 288 titi

1046 355 1100 412 Sed
1118 362 1185 429 peto
1205 356 1332 429 perieras
1346 354 1497 411 infantiam
1517 369 1630 420 meam,
1647 368 1759 426 resque
1784 354 1869 425 ipsas,
1880 361 1905 411 ut

1044 450 1072 500 te
1086 447 1176 511 decet,
1191 446 1280 500 veloci
1294 448 1390 499 mente
1411 444 1572 515 preripias.
1599 443 1679 497 Nam
1703 441 1755 496 isti
1782 458 1836 497 nec
1847 460 1902 500 cun

1046 536 1103 588 Deo
1119 534 1190 589 mibi
1206 535 1338 588 videntur
1353 549 1425 599 esse,
1440 537 1469 588 et
1485 551 1501 587 a
1523 534 1580 588 Deo
1598 536 1706 586 tamen
1727 531 1843 586 baberi.
1859 533 1903 586 lta

1044 638 1100 692 que
1111 639 1167 676 non
1177 638 1295 692 possum
1309 638 1358 676 eos
1378 622 1438 676 sine
1453 623 1510 676 Deo
1527 637 1591 676 esse
1608 619 1724 685 dicere,
1751 635 1828 691 quos
1843 622 1904 676 usa

1044 712 1140 767 habet.
1162 712 1233 766 Cum
1246 712 1304 766 Deo
1319 710 1388 765 item
1403 726 1461 764 non
1476 709 1551 776 dico,
1564 708 1640 780 quia
1654 708 1717 780 ipsi
1733 724 1797 763 non
1812 709 1904 764 habent

1045 800 1147 854 iteum.
1162 799 1310 870 Siquidem
1325 801 1414 854 Deum
1428 797 1621 868 heboreiam
1637 796 1723 851 inter
1739 812 1794 850 nos
1807 797 1903 869 pride·

1044 887 1073 942 in
1089 903 1221 941 sermone
1236 887 1285 941 illo
1299 903 1385 959 quem
1409 886 1455 942 die
1476 886 1565 941 natali
1586 890 1642 941 tuo
1660 885 1903 956 jucundissimae

1044 975 1207 1042 habuimus,
1224 975 1331 1045 placuit
1343 974 1416 1028 nihil
1432 973 1508 1029 atiud
1524 989 1588 1028 esse
1606 989 1702 1045 quam
1722 974 1785 1028 Deo
1808 975 1903 1044 pertrui

1045 1063 1095 1134 (De
1112 1064 1194 1117 licata
1213 1062 1283 1130 Vita,
1300 1079 1327 1118 n.
1349 1063 1404 1134 34).
1418 1063 1473 1118 Sed
1493 1063 1589 1117 fateor
1607 1078 1655 1116 me
1683 1060 1849 1116 formidare
1862 1063 1902 1118 ista

1045 1151 1195 1215 contraria,
1226 1151 1370 1223 quomodo
1392 1151 1515 1223 quisque
1536 1166 1593 1206 nee
1614 1150 1684 1205 sine
1716 1151 1778 1205 Deo
1798 1151 1847 1220 sit,
1863 1167 1903 1206 net

1045 1255 1110 1294 cum
1130 1241 1198 1294 Deo.

1079 1331 1124 1383 21.
1141 1329 1203 1383 Non
1219 1332 1246 1383 te
1260 1333 1393 1383 moveant
1405 1328 1469 1391 ista,
1484 1328 1619 1400 inquam.
1632 1328 1715 1383 Nam
1730 1327 1784 1383 ubi
1799 1344 1902 1384 rescat·

1045 1417 1131 1482 venit,
1147 1416 1212 1488 quis
1235 1432 1294 1471 non
1309 1416 1393 1471 verba
1409 1416 1596 1472 contemnet?
1621 1417 1728 1482 Quare
1745 1418 1810 1488 jam
1832 1418 1900 1473 adil

1045 1504 1104 1559 lam
1119 1506 1236 1559 tandem
1251 1505 1360 1559 ordinis
1373 1504 1571 1560 definitionem
1585 1506 1768 1560 redeamus.
1784 1506 1852 1560 Nam
1865 1500 1901 1561 oi·

1045 1593 1143 1647 dinem
1156 1608 1216 1647 csse
1229 1591 1326 1646 dixisti
1339 1608 1395 1663 quo
1410 1593 1484 1646 Deris
1498 1593 1558 1663 agit
1570 1593 1692 1648 omnia.
1713 1593 1794 1648 Nihil
1808 1601 1898 1662 autem

1046 1684 1077 1734 ut
1091 1681 1182 1744 video,
1198 1696 1257 1734 non
1271 1680 1329 1751 agit
1358 1681 1451 1734 Deus:
1478 1695 1544 1734 nam
1568 1680 1640 1735 inde
1665 1680 1770 1735 visum
1791 1680 1841 1735 tibi
1859 1685 1897 1740 est.

1045 1769 1117 1824 nihil
1134 1773 1238 1839 praeter
1257 1769 1387 1824 ordinem
1403 1784 1484 1840 posse
1506 1767 1647 1824 inveniri.
1672 1770 1786 1836 Manet,
1809 1768 1897 1840 inquit,

1046 1856 1188 1910 sententia
1215 1872 1295 1910 mea:
1322 1857 1372 1926 sed
1396 1857 1457 1928 jam
1485 1855 1569 1911 video
1593 1856 1672 1929 quid
1701 1857 1744 1912 sis
1776 1858 1897 1924 dictonis,

1045 1949 1144 1999 utrum
1159 1945 1235 2000 Deus
1247 1949 1314 2015 agat
1328 1961 1391 2016 quae
1407 1961 1466 2000 non
1488 1945 1562 2000 bene
1578 1945 1628 2016 agi
1644 1945 1839 2002 confitemur.
1852 1948 1895 2018 Op

1045 2033 1126 2102 time,
1141 2033 1277 2104 inquam;
1295 2049 1411 2104 prorsus
1424 2033 1539 2088 oculum
1561 2033 1594 2088 in
1618 2039 1760 2090 mentem
1777 2035 1894 2107 injecisti

1046 2120 1152 2176 Sedet
1174 2120 1270 2176 vidisti
1284 2121 1355 2192 quid
1379 2121 1625 2188 assemdicturns,
1655 2123 1702 2178 ita
1726 2129 1795 2195 peto
1817 2124 1896 2179 videns

1046 2208 1116 2280 quid
1134 2209 1363 2280 respondendum
1379 2208 1424 2264 sit.
1440 2213 1533 2280 Atque
1551 2209 1601 2265 ille
1621 2215 1739 2266 nutans
1761 2211 1851 2283 capite
1862 2216 1894 2266 at-

1046 2314 1102 2369 que
1117 2297 1255 2364 humeris,
1276 2299 1447 2364 Turbamur,
1465 2298 1579 2369 inquit:
1605 2304 1638 2355 et
1651 2299 1726 2354 huic
1739 2299 1817 2355 forte
1830 2317 1894 2372 que·

1046 2385 1132 2440 stioni
1145 2391 1236 2440 mater
1252 2389 1464 2455 supervenerat.
1480 2387 1576 2456 Atque
1591 2385 1645 2440 ille
1662 2393 1735 2457 post
1749 2388 1895 2459 aliquanta·

1047 2473 1105 2527 lum
1121 2473 1269 2528 sitentium
1279 2473 1362 2543 petiit
1376 2478 1409 2528 ut
1423 2490 1439 2528 a
1452 2489 1498 2527 me
1513 2474 1568 2528 boc
1583 2473 1690 2543 ipsum
1704 2492 1810 2530 rursus
1824 2476 1894 2531 inter·

1046 2565 1204 2631 rogaretur.
1230 2561 1281 2617 Cui
1303 2561 1366 2616 loco
1388 2562 1518 2632 superius
1541 2579 1560 2617 a
1584 2562 1731 2634 Trygetio
1752 2564 1839 2619 luisse
1862 2581 1895 2620 re·

1046 2665 1183 2718 sponsum
1197 2665 1255 2703 non
1270 2650 1389 2704 omnino
1405 2650 1654 2706 animadverterat
1669 2652 1760 2722 (Cap.
1779 2655 1807 2708 4.
1818 2670 1844 2708 ιι.
1854 2657 1894 2725 ιι).

1044 2737 1116 2792 Tum
1141 2753 1208 2809 ego:
1239 2737 1323 2805 Quid,
1352 2738 1482 2809 inquam,
1519 2738 1565 2793 vel
1591 2755 1649 2794 cur
1678 2741 1737 2795 tibi
1764 2743 1895 2814 repetant

1044 2826 1156 2892 Actum,
1179 2826 1270 2892 aiunt,
1291 2841 1327 2879 ne
1353 2841 1430 2896 agas.
1459 2824 1551 2888 Quare
1571 2841 1686 2881 moneo
1701 2829 1806 2899 potius
1831 2835 1894 2884 ntea

1044 2929 1109 2984 quoe
1123 2929 1210 2984 supra
1225 2913 1387 2981 dictasunt,
1409 2914 1453 2968 vel
1467 2914 1563 2985 legere
1579 2930 1680 2983 cures,
1703 2917 1729 2970 si
1747 2918 1848 2973 audire
1859 2934 1895 2973 ne

1044 3000 1170 3071 quivisti.
1194 3002 1284 3066 Quom
1300 3001 1416 3073 quidem
1436 3002 1596 3056 absentiam
1611 3018 1631 3057 a
1647 3019 1791 3061 sermone
1815 3011 1895 3062 nostre

1043 3088 1132 3142 animi
1147 3089 1190 3144 tui
1209 3105 1267 3144 non
1281 3105 1358 3160 aegre
1372 3089 1435 3152 tuli,
1463 3090 1571 3162 dinque
1584 3089 1628 3146 ita
1654 3108 1722 3148 esse
1736 3099 1768 3150 te
1792 3096 1894 3166 pertuli,

1042 3182 1180 3248 utusque
1195 3177 1244 3231 illa
1258 3177 1428 3248 impedirem
1450 3194 1515 3249 quae
1537 3183 1637 3233 tecum
1661 3180 1801 3237 intentus
1815 3200 1893 3237 remo

1041 3268 1144 3336 iusque
1159 3282 1175 3318 a
1189 3265 1280 3333 nobis,
1297 3281 1349 3336 pro
1362 3270 1389 3321 te
1404 3266 1517 3337 agebas,
1535 3272 1564 3321 et
1575 3282 1612 3321 ee
1629 3284 1894 3345 persequererqua

1041 3357 1069 3407 te
1083 3353 1212 3407 amittere
1227 3354 1309 3408 stilus
1323 3353 1375 3408 iste
1391 3370 1450 3408 non
1469 3353 1587 3410 sineret.

1067 3440 1893 3520 22.Nnnciiludquaeroquodnondumdiscuterediligenti

1039 3527 1151 3582 ratione
1166 3529 1345 3583 tentavimus.
1372 3529 1443 3583 Nam
1458 3535 1490 3584 ut
1510 3531 1643 3601 primum
1667 3536 1759 3591 nobis
1774 3536 1853 3592 istam
1865 3537 1893 3591 de

1040 3617 1139 3671 ordine
1154 3617 1342 3687 quaestionem
1356 3617 1526 3689 nescioquis
1542 3619 1615 3675 ordo
1637 3625 1773 3694 peperit,
1790 3625 1893 3680 memini

1039 3710 1067 3759 te
1081 3704 1184 3759 dixisse
1202 3707 1275 3759 hauc
1287 3721 1347 3760 esse
1366 3705 1506 3776 justitiam
1522 3707 1584 3773 liei,
1601 3725 1674 3779 quae
1690 3720 1813 3784 separat
1829 3715 1892 3768 inter

1038 3792 1129 3847 bonos
1143 3799 1172 3848 et
1186 3794 1286 3862 malos,
1301 3798 1330 3848 et
1343 3810 1394 3847 sua
1419 3793 1522 3864 cuique
1543 3796 1650 3852 tribuit
1668 3799 1792 3871 (Supra,
1812 3803 1855 3857 uc.
1869 3806 1889 3869 l,

1038 3886 1094 3936 c?
1116 3897 1144 3936 ιι.
1172 3883 1224 3952 19).
1241 3882 1312 3936 Nam
1333 3882 1412 3936 nulla
1426 3887 1478 3949 est,
1499 3889 1647 3954 quandum
1675 3890 1789 3957 sentio,
1811 3889 1889 3945 mani·

1037 3968 1136 4024 festior
1151 3968 1270 4039 justitie
1299 3968 1447 4024 delinitio:
1473 3969 1572 4040 itaque
1595 3976 1786 4044 respondeas
1807 3978 1887 4039 veum.

1037 4062 1134 4113 utrum
1147 4057 1200 4112 tibi
1225 4056 1354 4112 videatur
1372 4057 1525 4129 aliquando
1542 4059 1637 4115 [team
1658 4078 1723 4117 non
1749 4066 1836 4121 luisse
1852 4065 1888 4133 jn·

1036 4152 1121 4201 stum.
1153 4145 1316 4216 Nunquam,
1346 4144 1449 4217 inquit.
1472 4145 1501 4201 Si
1525 4161 1597 4218 ergo
1623 4164 1761 4222 semper,
1784 4154 1888 4226 inquam

1037 4236 1111 4290 Deus
1119 4235 1224 4306 justus,
1241 4233 1472 4304 semperbonum
1492 4237 1520 4288 et
1536 4236 1651 4291 malum
1666 4238 1805 4298 luerunt
1821 4245 1888 4298 Pron

1036 4339 1093 4390 aus,
1108 4322 1203 4395 inquit
1226 4326 1326 4388 mater,
1348 4321 1423 4376 nibil
1437 4322 1517 4376 aliud
1531 4322 1617 4378 video
1644 4329 1733 4397 qnod
1750 4336 1885 4402 sequatur.

1034 4411 1098 4467 Non
1108 4411 1184 4466 enim
1193 4410 1336 4481 judicium
1347 4410 1397 4464 ltei
1410 4410 1464 4465 init
1475 4411 1566 4464 ullum
1578 4415 1704 4482 quando
1718 4420 1831 4474 malum
1840 4431 1885 4473 noo

1035 4500 1108 4567 iuit3
1125 4516 1185 4565 nec,
1202 4499 1226 4553 si
1240 4498 1394 4570 aliquando
1409 4499 1493 4554 bonis
1503 4504 1531 4553 et
1545 4500 1634 4555 maiis
1650 4507 1827 4579 suacuiqne
1838 4521 1884 4562 nou

1033 4588 1144 4656 tribuit,
1170 4590 1263 4658 potest
1290 4586 1379 4641 videri
1403 4587 1498 4657 justus
1525 4587 1627 4645 tuisse.
1656 4592 1714 4648 Cui
1732 4595 1883 4650 licentius:

1035 4678 1107 4748 Ergo
1123 4676 1274 4731 dicendum
1291 4673 1374 4728 nobis
1386 4690 1493 4743 censes,
1515 4674 1626 4746 inquit,
1649 4694 1775 4753 semper
1789 4685 1883 4738 mum

1033 4765 1130 4820 inisse.
1143 4765 1204 4819 Non
1220 4762 1323 4831 audeo,
1338 4761 1433 4833 inquit
1447 4762 1507 4831 illa,
1518 4763 1573 4818 boc
1594 4762 1711 4823 dicere.
1738 4771 1813 4835 Ouid
1827 4783 1884 4840 erge

1033 4853 1169 4918 dicemus,
1185 4851 1304 4922 inquam
1314 4849 1328 4904 ?
1340 4849 1369 4905 Si
1382 4851 1457 4905 Deos
1470 4849 1534 4906 ideo
1547 4850 1648 4922 justus
1664 4861 1723 4923 est,
1741 4859 1811 4928 quia
1820 4856 1884 4929 judi·

1033 4947 1079 4998 cat
1092 4942 1165 4996 inter
1172 4940 1263 4995 bonos
1272 4943 1298 4992 et
1308 4939 1406 5004 malos,
1421 4939 1536 5010 quando
1547 4954 1610 4993 non
1626 4947 1693 4997 erat
1710 4947 1822 5002 malum
1836 4960 1885 5000 nen

1033 5036 1093 5086 erat
1114 5032 1217 5102 justus.
1244 5027 1292 5082 llic
1307 5026 1364 5081 illis
1388 5026 1547 5081 tacentibus
1563 5027 1770 5089 animadverti
1789 5036 1884 5106 Tryge-

1032 5112 1105 5168 bum
1123 5114 1280 5185 repondere
1294 5115 1375 5181 velle,
1404 5118 1489 5186 atque
1504 5115 1640 5187 permisi.
1667 5122 1710 5176 At
1724 5122 1776 5179 ille
1791 5141 1799 5179 :
1815 5126 1885 5179 Prae

1032 5216 1090 5267 sus,
1106 5201 1210 5272 inquit,
1234 5207 1294 5256 erat
1318 5203 1392 5256 Deus
1404 5203 1506 5273 justus.
1533 5204 1654 5260 Poterat
1668 5208 1755 5264 enim
1783 5211 1883 5267 bonum

1031 5289 1196 5360 malumque
1211 5305 1368 5356 secernere,
1396 5289 1420 5344 si
1447 5289 1612 5359 exstitisset,
1642 5299 1673 5349 et
1701 5313 1739 5352 eo
1754 5297 1817 5370 ipso
1833 5312 1883 5370 quo

130 5382 206 5447 sunt,
223 5394 282 5433 esse
298 5376 359 5430 sine
380 5374 447 5430 Deo.
470 5374 499 5428 si
521 5381 649 5445 possent,
675 5376 779 5448 inquit,
801 5376 874 5432 mihi
891 5376 977 5431 verba
1029 5381 1152 5448 poterat,
1163 5376 1256 5447 justus
1279 5382 1350 5434 erat.
1371 5378 1434 5432 Non
1448 5377 1536 5444 enim,
1556 5393 1625 5434 cum
1641 5381 1773 5441 dicimus
1783 5386 1884 5441 Cicere

1030 5480 1098 5522 nem
1111 5466 1268 5536 prudenter
1282 5465 1464 5538 investigasse
1483 5466 1725 5537 conjurationem
1751 5464 1883 5541 mulina,
