3884 6112
124 228 192 284 1387

218 345 268 396 Sed
283 357 343 408 quae
357 343 463 392 mutatis
478 341 612 390 inducitur
626 344 703 402 atquc
718 339 823 390 fovetur

216 409 265 457 'fot
279 405 506 463 medicaminibus,
521 407 602 452 caetae
622 416 654 451 ua
667 402 779 465 siliginis
790 401 855 451 ollas

217 469 317 534 Accipit
330 473 356 518 et
370 468 491 526 madidae,
507 466 585 513 iacies
600 417 702 513 ‹iicetur
714 478 748 514 uu
759 465 835 514 ulcus
845 467 857 512 ‘l

379 530 479 594 (Sotira
495 530 518 587 t,
528 541 555 578 a.
568 526 694 590 rar-tva.)

123 613 252 742 ,Slmss‘sr
269 611 376 681 virago,
396 610 511 680 lanugo,
527 623 649 678 aurugo,
666 622 776 677 erugo,
791 606 906 678 crepido
932 605 972 677 (iu

139 700 229 739 uvena
241 701 261 752 1,

185 773 206 821 N
211 771 263 820 ulla
276 768 381 831 crepida
396 770 481 827 vacat,
496 779 626 830 nusquam
643 778 711 830 pons
724 769 750 814 et
763 765 856 829 tegetis
871 779 940 829 pars.

653 831 758 891 (Satira
772 831 796 884 5,
812 842 836 878 v.
851 829 886 889 8.)

124 921 153 971 et
170 913 247 969 talia.
272 914 296 965 A
318 909 456 965 feminina
483 909 610 980 proprio,
635 909 795 978 Carthago:
820 907 973 978 peregrina

122 1002 198 1049 vero,
213 990 245 1038 ut
260 982 342 1047 Dido,
364 983 426 1043 luo,
451 980 489 1046 lo,
506 981 614 1045 Alecto,
630 980 750 1041 Celaeno,
769 979 841 1044 Clio,
858 980 971 1046 llauto;

122 1072 247 1128 quarum
267 1053 410 1124 genitivus
425 1052 455 1105 in
477 1068 509 1104 us
524 1052 591 1116 exit,
608 1051 705 1116 ltidus,
723 1052 800 1114 lnus,
821 1051 877 1115 lus,
892 1050 974 1102 Alec-

123 1134 178 1188 tus,
200 1127 330 1188 Calenus,
359 1123 444 1187 Clius,
472 1124 599 1176 Mantus:
626 1122 674 1176 sed
701 1122 754 1174 lrac
779 1137 845 1175 cum
868 1120 971 1174 Graecis

121 1203 288 1253 tractemus.
307 1199 329 1248 A
343 1199 446 1248 neutro
462 1194 557 1246 nullus
572 1192 766 1246 nominativus
781 1192 810 1244 in
827 1208 843 1244 a
859 1196 929 1246 exit.
949 1197 972 1245 A

122 1267 279 1332 communi,
295 1266 373 1332 lullo,
393 1266 474 1326 latro,
496 1280 597 1333 caupo.
615 1270 667 1317 etc.
684 1263 725 1315 Ab
742 1263 881 1332 epicoeno,
896 1267 972 1315 stru-

121 1341 192 1402 thia,
209 1336 345 1402 hirundo,
362 1336 475 1400 hirudo,
494 1334 638 1404 gurgulio,
655 1334 741 1398 bula;
758 1341 787 1386 et
802 1333 879 1386 talia.
895 1334 972 1387 Abu

121 1411 212 1465 vocali
222 1411 313 1462 solum
329 1412 473 1470 neutrum,
491 1408 568 1475 quad
580 1404 609 1457 in
621 1404 760 1473 singulari
771 1402 971 1458 indeclinabile

122 1486 173 1548 est,
190 1482 220 1534 in
234 1478 339 1549 plurali
351 1476 520 1539 declinatur,
537 1481 567 1528 ut
581 1491 681 1540 cornu,
700 1491 778 1542 veru,
793 1490 879 1543 genu,
895 1474 972 1527 tani-

123 1557 187 1606 tru:
205 1552 258 1604 hac
273 1566 342 1602 sana
368 1547 556 1601 enuntiantur
570 1562 669 1598 amnes
683 1561 762 1599 casus
776 1548 805 1598 in
821 1543 970 1614 singulari,

123 1628 155 1676 ut
178 1622 320 1685 diximus,
340 1619 370 1672 in
393 1618 498 1687 plurali
515 1617 704 1681 declinantur,
729 1632 847 1681 cornua,
872 1630 968 1681 verua,

122 1709 233 1763 ganua;
249 1689 384 1761 genitivo,
401 1692 504 1741 borum
516 1703 666 1755 cornuum,
679 1702 808 1752 vernum,
822 1702 968 1755 genuum:

121 1769 150 1818 et
164 1769 266 1817 caeterea
289 1758 443 1814 declinabis
462 1758 496 1812 ad
513 1760 641 1827 regulam
657 1773 802 1820 versuum,
818 1758 969 1813 fluctuum.

156 1833 268 1891 CAPUT
284 1832 317 1885 ll.
340 1859 375 1870 -
398 1832 433 1883 ilc
452 1831 604 1884 namim'bus
627 1844 686 1897 aava
708 1831 934 1882 terminantium

305 1900 474 1957 semivocales
489 1906 513 1954 at
528 1916 618 1954 aarum
633 1901 783 1967 gannitus.

156 1976 283 2031 Diximus
307 1973 341 2026 dc
360 1972 504 2025 vocalibus
523 1972 661 2041 quinque,
679 1972 783 2041 quibus
798 1969 970 2023 terminatur

120 2045 324 2107 nominativus,
345 2059 422 2096 nuuc
436 2042 472 2096 de
492 2042 709 2096 semivocalibus
729 2043 867 2096 dicamus.
885 2040 968 2095 atit-

120 2124 181 2173 tcra
192 2115 385 2171 nominativus
397 2113 492 2167 exiens
503 2113 533 2166 iu
547 2113 712 2166 masculinis
722 2111 911 2182 appellativis,
924 2111 969 2165 lric

120 2190 179 2255 aal;
195 2189 226 2242 iu
247 2185 381 2256 propriis,
398 2184 456 2238 Sal.
473 2185 505 2238 ln
519 2183 665 2237 femininis
680 2199 770 2237 unum
787 2198 893 2236 nomen
907 2198 969 2236 ma·

119 2265 210 2315 tronea
224 2262 348 2322 tantum,
372 2254 518 2325 Tanaquil.
536 2256 569 2308 ln
589 2254 708 2317 neutris,
732 2259 763 2308 ut
784 2252 851 2319 mel,
872 2253 919 2308 fel.
937 2254 967 2307 ln

119 2327 330 2395 communibus,
345 2326 423 2394 vigil,
444 2325 544 2394 pugil:
561 2325 637 2378 uude
652 2330 681 2378 al
693 2326 840 2379 Terentius
855 2323 889 2377 de
909 2323 966 2376 vir-

119 2400 196 2471 gine,
221 2399 341 2466 Pugilem
367 2410 421 2449 esse
444 2398 523 2449 aiunt
549 2396 589 2463 (ln
612 2398 681 2449 Eun.
711 2401 763 2449 eat.
788 2397 815 2458 ι,
844 2410 913 2448 scen.
940 2397 967 2456 3,

118 2487 145 2525 a.
168 2470 223 2540 ιι).
249 2470 280 2522 lu
295 2466 430 2537 epicoenis
450 2466 562 2519 nullam
584 2481 689 2519 namen
713 2471 765 2518 ast.
783 2466 817 2531 ll,
834 2464 967 2518 namina-

119 2539 313 2600 tivusexiens,
339 2538 368 2591 in
388 2536 552 2590 masculinis
571 2537 683 2590 nullum
709 2536 831 2590 latinum
855 2541 906 2589 est.
936 2538 967 2590 ln

118 2610 276 2678 femininis,
302 2608 472 2679 Glycerium,
498 2607 640 2675 Plautum,
671 2607 815 2672 Dareium,
841 2607 967 2660 Philoco-

119 2682 252 2736 masium.
271 2682 302 2734 ln
319 2678 427 2732 neutris
444 2683 549 2745 autem,
565 2678 715 2748 templum,
732 2680 830 2738 telum,
849 2683 965 2749 tectum,

117 2759 147 2808 et
161 2754 217 2807 aliu
240 2767 363 2823 quorum
378 2750 503 2819 plurales
517 2749 612 2803 faciles
627 2753 701 2803 sunt.
719 2748 751 2802 In
766 2749 967 2802 communibus

117 2826 232 2879 nullum
256 2823 313 2876 exit
333 2821 364 2874 in
387 2837 433 2874 m:
451 2820 491 2873 sia
510 2824 539 2874 et
562 2836 591 2872 ru
607 2819 749 2889 epicoenis.
766 2820 846 2874 Nunc
866 2825 967 2873 tracte-

118 2911 182 2950 mus
197 2895 231 2949 de
247 2891 407 2947 semivocali
422 2907 451 2944 n.
470 2891 490 2944 N
511 2890 606 2945 littera
627 2891 796 2944 terminatus
814 2890 966 2944 nominati·

117 2983 168 3022 vus
178 2982 194 3019 a
205 2963 380 3029 masculinis,
392 2962 508 3026 flamen,
520 2967 631 3031 pecten,
643 2961 711 3027 lieu,
725 2960 799 3030 quod
816 2966 858 3014 est
872 2960 964 3031 splen.

114 3039 139 3092 A
159 3035 314 3099 femininis,
332 3035 417 3097 siren,
441 3032 560 3102 pluralis
584 3032 700 3085 sirenes.
724 3035 748 3085 A
771 3031 878 3084 neutris
903 3048 964 3084 car·

72 3170 76 3177 ,
115 3124 193 3174 men,
210 3121 339 3176 germen,
360 3119 488 3173 gramen,
506 3108 534 3156 et
549 3107 651 3156 caetera
665 3102 742 3163 talin,
758 3118 822 3172 quoe
838 3106 900 3171 post
920 3118 964 3156 re·

114 3180 196 3250 gulas
210 3175 325 3247 generis
337 3174 433 3229 neutri
448 3173 642 3228 tractabimus.
657 3177 681 3227 A
700 3173 900 3227 communibus
914 3190 964 3227 no·

114 3249 268 3304 minativus
303 3245 400 3299 exiens
424 3245 454 3299 in
480 3260 509 3308 n,
540 3245 667 3310 tubicen,
700 3245 817 3309 tibicen,
848 3243 961 3311 fidicen,

113 3321 231 3392 lyricen,
258 3315 391 3371 cornicen
417 3314 466 3386 qui
489 3315 519 3368 in
544 3314 622 3368 lituis
646 3314 730 3368 canit.
749 3315 790 3367 Ab
815 3314 960 3384 epicoenis,

114 3407 209 3454 ascen,
228 3389 256 3443 id
273 3395 314 3442 est
329 3387 363 3440 ab
384 3386 427 3439 his
440 3402 504 3458 quae
521 3385 639 3439 tradunt
652 3385 816 3465 augurium,
834 3391 959 3455 attagen.

115 3463 195 3518 Nunc
215 3460 250 3515 de
262 3459 424 3512 semivocali
436 3474 459 3511 r.
475 3457 498 3511 R
512 3456 606 3510 littera
621 3462 791 3509 terminatus
806 3456 960 3510 nominati·

113 3549 194 3588 vusa
210 3530 382 3595 masculinis,
400 3534 431 3581 ut
450 3530 552 3595 Caesar,
571 3532 654 3595 Arar,
674 3527 740 3587 Nar,
756 3527 854 3595 viator,
873 3533 957 3589 tutor,

113 3620 210 3675 sopor,
225 3618 341 3667 maeror,
358 3599 454 3655 atalia
469 3614 534 3669 quoe
549 3598 642 3652 facilia
661 3604 728 3652 sunt
741 3603 800 3652 tam
816 3597 846 3651 in
861 3600 959 3668 appel·

111 3676 204 3731 lativis
220 3690 306 3745 quam
321 3672 349 3725 in
368 3669 510 3741 propriis:
532 3686 548 3723 a
567 3668 722 3735 femininis,
743 3669 837 3731 arbor,
858 3685 957 3724 sorar:

112 3746 263 3811 aneutris,
283 3757 420 3807 marmor,
436 3757 545 3812 aequor,
570 3746 597 3795 et
613 3741 688 3794 alia:
707 3757 723 3793 a
746 3740 956 3807 communibus,

110 3832 231 3889 pauper,
252 3829 326 3876 acer,
346 3813 448 3877 alacer,
472 3827 591 3878 memor,
613 3815 731 3866 auctor:
754 3812 790 3865 ab
812 3811 957 3892 epicoenis,

111 3902 219 3958 passer,
233 3883 376 3951 accipiter,
391 3896 485 3934 auser.
502 3881 582 3934 Nunc
598 3881 632 3935 de
648 3899 661 3934 s
676 3882 771 3935 littera
794 3883 958 3936 semivocali

110 3962 274 4011 tractemus.
290 3953 413 4007 Slittera
428 3951 595 4004 terminatus
610 3951 802 4005 nominativus
817 3968 834 4005 a
848 3968 957 4006 mascu-

109 4027 185 4094 linis,
210 4028 313 4097 justus,
339 4023 448 4087 dactus,
468 4022 551 4091 pius:
578 4038 594 4075 a
617 4021 772 4090 femininis,
797 4022 860 4091 das,
885 4039 955 4091 sors,

109 4114 196 4163 mars,
213 4100 241 4151 et
263 4095 349 4150 talia:
375 4111 391 4147 a
413 4092 534 4155 neutris,
556 4095 667 4155 vulnus,
687 4098 795 4164 pectus,
815 4109 912 4163 pecus,
928 4101 956 4148 et

109 4175 211 4224 caetera
224 4183 288 4240 quae
299 4181 365 4219 max
380 4167 480 4231 regula
495 4164 711 4219 retractabitur:
728 4180 743 4218 a
756 4166 955 4219 communibus

108 4241 247 4306 sacerdos,
277 4238 380 4307 impos,
409 4251 533 4304 compos,
563 4235 674 4301 similis,
708 4235 822 4300 nabilis,
849 4237 952 4306 agilis:

106 4313 143 4367 ab
159 4311 237 4366 amni
258 4324 372 4379 genere,
397 4311 429 4359 ut
443 4322 544 4375 nugas,
566 4311 617 4360 etc.
641 4307 680 4359 lle
695 4305 738 4359 his
757 4322 825 4360 mox
840 4307 954 4361 uberius

106 4383 302 4439 tractabimus.
328 4379 371 4432 Ab
398 4376 543 4447 epicoenis,
567 4376 658 4446 tigris,
683 4392 758 4444 mus,
783 4378 871 4447 lepus,
898 4384 951 4432 etc.

107 4455 187 4509 Nunc
202 4453 236 4508 de
256 4449 417 4505 semivocali
441 4448 534 4501 littera
554 4463 580 4500 x.
599 4446 797 4500 Nominativus
821 4448 850 4502 in
870 4465 885 4502 x
902 4448 951 4502 lit-

104 4530 185 4579 tera:
209 4540 225 4577 a
248 4520 422 4584 masculinis,
447 4523 553 4581 vertex,
575 4523 679 4582 cortex,
706 4532 830 4588 pumex:
855 4535 952 4589 apro

103 4596 186 4665 priis,
201 4594 322 4648 Pollux:
339 4608 354 4645 a
369 4589 523 4654 femininis,
539 4604 603 4653 nex,
622 4604 699 4658 prex,
725 4586 782 4653 fex,
807 4605 872 4658 pax,
894 4591 950 4657 fax,

104 4671 134 4720 at
147 4665 252 4718 allata
273 4661 382 4716 neutris
402 4660 516 4715 nullum
534 4675 642 4713 naman
667 4658 723 4713 nisi
746 4659 824 4714 omni
851 4661 951 4731 generi

101 4736 250 4807 jungatur,
267 4738 297 4786 ui
311 4731 388 4786 felix.

148 4806 260 4860 CAPUT
276 4804 323 4859 lll.
339 4833 374 4842 -
388 4804 425 4856 lie
437 4802 473 4854 iis
485 4801 735 4869 conterminantur
746 4801 784 4854 im
799 4806 898 4856 mutus.

138 4879 298 4933 Remanent
313 4872 378 4928 dure
401 4876 498 4938 mutae,
527 4889 552 4937 c,
576 4871 723 4934 tinterna.
753 4872 949 4927 Nominativus

100 4948 235 5004 axiensc
264 4945 360 4999 littera
379 4947 458 4997 tenet
480 4942 683 5012 masculinum,
706 4948 739 4998 ut
761 4943 840 4998 alec:
871 4948 949 4999 tenet

99 5025 245 5082 neutrum,
264 5021 295 5070 ut
317 5016 368 5069 lac.
395 5015 415 5067 T
435 5013 528 5068 littera
547 5013 644 5068 exiens
662 5014 854 5069 nominativus
870 5020 949 5070 tenet

97 5105 189 5180 geum
202 5093 347 5152 neutrum,
364 5089 397 5138 ut
407 5088 502 5155 caput,
519 5085 653 5154 sinciput,
668 5085 835 5155 semicaput.

98 5162 212 5217 (APUT
234 5161 278 5215 Vl.
303 5187 338 5199 -
358 5159 396 5212 be
415 5159 601 5210 terminatione
619 5161 645 5210 et
663 5156 840 5212 declinatione
861 5159 946 5212 nami·

371 5242 437 5283 num
450 5229 540 5281 neutri
553 5230 667 5293 generis.

132 5303 256 5359 Nomina
275 5299 388 5372 generis
409 5298 504 5352 neutri
525 5297 555 5352 in
571 5313 630 5361 um,
647 5298 785 5368 syllabam
799 5299 942 5366 exeuntia,

95 5379 127 5431 ut
140 5375 280 5446 templum
296 5371 494 5426 declinantur:
515 5385 542 5423 n.
558 5368 705 5439 singulari,
723 5370 775 5424 hac
791 5372 941 5441 templum,

94 5462 121 5501 e.
136 5447 222 5518 hujus
236 5443 347 5515 templi,
364 5459 387 5495 n.
411 5440 477 5493 huia
496 5441 615 5509 templo,
635 5458 661 5493 A.
678 5440 731 5494 hoa
747 5443 897 5512 templum,
914 5459 940 5497 v.

93 5532 110 5572 o
126 5517 278 5587 templum,
301 5517 328 5569 A.
349 5512 384 5567 ab
403 5512 458 5566 hoc
477 5513 600 5581 templa:
618 5517 647 5566 et
660 5512 820 5591 pluraliter,
836 5529 864 5566 ιι.
880 5514 942 5567 brea

93 5588 211 5658 templa,
230 5603 258 5642 c.
275 5585 379 5640 horum
392 5581 577 5654 templorum.
594 5598 620 5636 a.
637 5581 682 5636 his
698 5582 822 5654 templis,
836 5600 863 5637 A.
879 5582 941 5639 haec

90 5658 209 5727 templa,
226 5673 253 5711 v.
275 5672 291 5710 a
313 5655 430 5725 templa,
451 5671 477 5709 A.
494 5654 529 5708 ab
543 5652 588 5707 his
603 5652 726 5721 templis.
744 5653 837 5709 Simili
851 5654 940 5709 decli·

84 5728 205 5782 ”liene
219 5729 284 5788 brec
306 5725 407 5789 amnia
431 5727 617 5802 procurrunt,
631 5725 733 5793 telum,
747 5729 865 5794 tectum,
882 5742 943 5782 saa-

781 219 828 274 DE
847 214 1085 276 cundbertus
1104 216 1221 273 LIBER.

1826 221 1873 273 tlte

1028 356 1138 407 mnum,
1163 341 1281 406 bellum,
1310 343 1483 404 monstrum,
1518 341 1715 410 portentum,
1750 341 1871 411 oppidum

1027 418 1206 482 carpentum,
1242 427 1394 476 venenum,
1432 411 1559 476 donum,
1604 409 1749 465 bonum:
1784 418 1871 479 mauu,

1028 499 1178 553 magnum,
1195 483 1360 555 pessimum,
1378 498 1522 553 parvum:
1540 484 1750 545 frumentum,
1774 488 1870 540 uveam·

1028 561 1169 623 mentum,
1197 555 1368 618 membrum,
1393 554 1502 618 farum,
1525 559 1679 620 metrum,
1707 570 1830 624 parrum,
1846 564 1869 610 t:-

1028 641 1129 695 gnum,
1154 628 1322 696 plaustrum,
1339 625 1509 690 claustrum,
1534 626 1788 689 instrumentum,
1810 628 1867 683 alive

1027 701 1100 763 turn,
1128 698 1268 765 vinetum,
1300 697 1468 766 palmatum,
1499 700 1698 766 quercetum,
1735 700 1867 767 esculetuu

1026 767 1179 830 lauretum,
1207 775 1417 837 argumentum,
1448 782 1584 826 sacrum,
1619 772 1867 840 testamentump

1027 853 1139 908 gerum,
1160 839 1277 893 vinum:
1305 840 1352 892 sed
1374 854 1449 892 nunc
1466 843 1590 891 tantum
1612 839 1646 891 in
1669 839 1866 909 singularium

1027 909 1104 963 enim
1128 916 1219 979 paelae
1243 910 1394 963 dixerunt:
1418 914 1446 964 et
1473 910 1585 962 cicera.
1614 910 1664 963 Sic
1698 915 1804 974 oleum,
1824 913 1866 966 bar-

1027 980 1122 1043 deum,
1141 982 1278 1044 triticum,
1299 981 1418 1044 ferrum,
1440 980 1569 1045 viscum,
1592 996 1718 1045 aurum,
1743 990 1865 1053 argenton

1027 1053 1189 1121 plumbum,
1215 1059 1369 1112 stamnum,
1391 1052 1507 1117 vitrum,
1533 1053 1704 1116 electrum,
1726 1058 1756 1106 et
1773 1055 1866 1125 talique

1027 1121 1062 1175 ad
1078 1123 1191 1192 pandus
1212 1122 1331 1176 veniunt
1351 1122 1393 1176 vel
1416 1137 1608 1188 mensuram,
1634 1138 1672 1175 ex
1694 1124 1750 1176 ista
1765 1130 1865 1179 sautiar-

1026 1208 1083 1247 nra.
1104 1193 1221 1247 Generis
1238 1194 1331 1248 neutri
1356 1209 1419 1264 qum
1434 1194 1465 1247 iu
1490 1193 1557 1246 ium
1581 1198 1710 1259 exeunt,
1734 1195 1782 1249 sed
1801 1200 1865 1251 beru

1026 1264 1151 1333 genitivo
1166 1266 1288 1334 perduc
1304 1265 1324 1318 ii
1339 1265 1513 1327 scribuntur,
1533 1269 1571 1317 ut
1588 1265 1649 1317 hac
1667 1266 1865 1335 ingemueris·

1023 1336 1071 1404 jus
1095 1335 1215 1405 ingenii,
1233 1336 1272 1388 sic
1293 1336 1446 1406 imparium
1467 1335 1606 1405 imperii,
1624 1336 1773 1390 scrinium
1791 1339 1864 1402 anxii,

1026 1406 1191 1474 capitalium
1218 1407 1355 1476 capitolii,
1381 1407 1544 1460 tentorium
1575 1407 1719 1470 tentorii,
1746 1412 1864 1463 araneum

1026 1477 1154 1541 armarii,
1175 1479 1312 1531 salarium
1335 1477 1444 1543 salarii,
1467 1476 1634 1530 tectorium
1661 1480 1787 1542 tectorii,
1803 1497 1863 1535 arur·

1025 1549 1199 1602 mentarium
1215 1548 1439 1611 armamentarii,
1461 1546 1598 1616 spatium
1621 1549 1730 1617 spatii,
1746 1554 1863 1605 sarracon

1025 1619 1158 1672 sacrarii:
1184 1620 1223 1672 sic
1244 1619 1390 1672 horarium
1415 1619 1536 1681 horarii,
1565 1620 1719 1674 salarium
1741 1623 1864 1686 salariivi·

1024 1688 1163 1743 ridariuru
1187 1690 1323 1755 viridarii,
1344 1691 1518 1759 pomaerium
1544 1693 1708 1759 pomoerii,
1731 1695 1864 1748 sacrifieiuv

1025 1761 1166 1826 sacrificii,
1196 1762 1297 1814 lolium
1328 1761 1398 1825 folii,
1428 1760 1539 1813 salium
1583 1762 1669 1828 solii,
1703 1765 1864 1819 testimoniare

1024 1831 1196 1885 testimonii:
1224 1837 1262 1885 sic
1291 1832 1428 1884 rosarium
1457 1830 1580 1889 roserii.
1611 1833 1765 1888 aviarium
1787 1838 1863 1895 asieri.

1025 1903 1178 1973 augurium
1188 1901 1313 1972 augurii,
1326 1901 1483 1971 auspicium
1498 1902 1651 1972 auspicii,
1668 1907 1791 1960 exitium
1803 1908 1863 1966 exitii

1024 1974 1155 2026 exsilium
1169 1974 1270 2034 exsilii,
1285 1973 1448 2041 prodigium
1463 1973 1612 2043 prodigii,
1631 1976 1862 2035 auxiliumaan'lii

1023 2045 1189 2114 praesidium
1210 2045 1346 2114 preasidii,
1362 2045 1468 2097 atrium
1482 2044 1569 2110 atrii,
1587 2048 1759 2116 aucupium
1773 2049 1861 2119 campi.

1023 2114 1347 2184 adJ'utoriumadjutorii,
1360 2114 1542 2185 mancipium
1557 2118 1723 2187 mancipii,
1735 2121 1864 2174 daliaroda

1023 2183 1064 2237 lii.
1087 2187 1134 2239 Est
1148 2187 1204 2239 alia
1224 2187 1315 2240 farma
1334 2187 1447 2255 generis
1468 2187 1575 2241 neutri
1601 2205 1678 2274 guae
1706 2206 1760 2260 per
1779 2208 1807 2246 us
1820 2193 1863 2251 exit

1023 2261 1055 2309 ut
1069 2256 1123 2309 lrac
1138 2273 1242 2325 pecus,
1260 2272 1378 2310 numero
1394 2256 1540 2336 singulari
1558 2274 1590 2310 x.
1608 2276 1670 2313 noc
1692 2278 1787 2332 pecus,
1799 2280 1818 2317 a.
1830 2264 1863 2316 bu·

1019 2325 1068 2396 jus
1086 2329 1205 2398 pecoris,
1232 2345 1256 2382 a.
1275 2328 1342 2381 huic
1356 2342 1462 2397 pecori,
1486 2343 1515 2380 a.
1538 2327 1599 2382 hoc
1627 2346 1733 2401 pecus,
1757 2349 1784 2386 v.
1803 2349 1863 2404 ope

1022 2413 1082 2459 cus,
1097 2414 1124 2451 A.
1148 2401 1184 2452 ab
1200 2399 1254 2452 hac
1270 2415 1391 2468 pecare:
1413 2402 1441 2451 et
1459 2399 1643 2467 pluraliter,
1662 2419 1693 2456 s.
1711 2405 1770 2458 uae
1783 2420 1861 2476 paeon.

1022 2484 1046 2522 c.
1063 2469 1168 2522 harum
1184 2486 1330 2540 pecorum,
1344 2485 1370 2522 a.
1396 2468 1441 2522 his
1456 2471 1641 2540 pecoribus,
1663 2492 1694 2527 A.
1712 2476 1772 2529 haec
1784 2492 1860 2546 peoora

1022 2555 1048 2592 v.
1065 2556 1081 2592 a
1096 2557 1210 2609 pecore,
1226 2557 1253 2594 A.
1270 2540 1304 2594 ab
1328 2541 1372 2594 bis
1391 2539 1564 2610 pecoribus.
1583 2544 1632 2598 Ad
1654 2544 1733 2600 lianc
1747 2548 1859 2601 formula

1022 2610 1237 2677 declinabimus,
1260 2613 1341 2665 ulcus
1356 2612 1461 2677 ulcera,
1484 2610 1611 2665 facinus
1642 2614 1780 2681 facinore,
1801 2619 1859 2671 vallus

1021 2681 1136 2749 vellere,
1166 2683 1257 2734 viscus
1282 2682 1397 2746 viscera,
1424 2696 1473 2734 rus
1500 2697 1588 2747 rura,
1619 2686 1675 2755 jus
1697 2689 1771 2756 jura,
1792 2704 1859 2742 nenas

1020 2766 1149 2817 nemora,
1175 2757 1273 2822 tergus
1293 2757 1417 2823 tergora,
1443 2757 1551 2820 pectus
1573 2767 1716 2825 pectora,
1743 2774 1859 2829 genusge

1021 2837 1099 2886 uern,
1117 2825 1228 2892 pondus
1244 2823 1382 2894 paudere,
1399 2838 1509 2891 carpus
1520 2840 1672 2894 corpora,
1686 2830 1858 2891 decusdeeua

1019 2893 1105 2946 funus
1120 2895 1230 2960 lunera,
1254 2896 1335 2948 ferrus
1348 2894 1458 2957 tenura,
1480 2895 1553 2948 olus
1576 2897 1679 2966 olera,
1697 2902 1773 2955 littus
1784 2902 1856 2964 littora,

1019 2979 1090 3033 aprus
1103 2982 1199 3035 opere,
1215 2965 1303 3018 rudus
1318 2965 1431 3025 rudera,
1446 2970 1494 3016 tus
1513 2969 1601 3034 tura,
1619 2972 1743 3042 tempus
1756 2979 1856 3043 ternpore,
1895 3022 1897 3027 ,

1018 3033 1110 3087 turdus
1133 3037 1249 3100 fmdaru,
1277 3041 1383 3089 stercus
1407 3038 1551 3103 stercora,
1586 3055 1673 3094 onvrs
1701 3060 1791 3100 onera.
1810 3046 1856 3095 lata

1017 3105 1116 3159 latere.
1136 3108 1182 3159 Est
1196 3107 1251 3159 alia
1273 3107 1381 3176 species
1406 3107 1529 3175 generis
1554 3112 1667 3165 neutri
1691 3130 1756 3185 qua
1769 3113 1856 3168 uuam

1017 3176 1171 3230 naminain
1186 3195 1219 3230 ur
1230 3179 1380 3230 uxeuntia:
1393 3184 1424 3228 ut
1434 3177 1489 3231 lroc
1502 3194 1656 3237 murmur·
1667 3183 1700 3238 in
1709 3186 1856 3245 nominativa¹

1017 3263 1043 3300 e.
1059 3246 1144 3318 hujus
1167 3248 1333 3315 murmuris,
1355 3264 1382 3302 a.
1405 3248 1471 3300 hiua
1500 3255 1677 3318 murinum,
1700 3274 1727 3311 a.
1744 3257 1791 3311 lroc
1803 3271 1855 3310 nur·

1017 3332 1092 3383 mur,
1109 3335 1132 3371 v.
1151 3335 1167 3372 o
1187 3335 1327 3384 murmur,
1344 3335 1370 3372 x.
1397 3318 1431 3372 ab
1453 3317 1513 3373 hac
1530 3336 1719 3381 murmure:
1734 3336 1759 3382 et
1772 3324 1855 3399 planli·

1015 3390 1068 3451 ter,
1086 3389 1262 3443 nominativa
1273 3390 1333 3444 hac
1344 3405 1509 3456 murmura,
1521 3406 1549 3444 a.
1564 3393 1684 3452 horum
1699 3412 1853 3455 murmurum.

1014 3474 1040 3512 a.
1057 3459 1099 3512 bis
1115 3462 1319 3517 marmoribus.
1343 3478 1369 3515 A.
1386 3460 1446 3513 haec
1468 3476 1653 3521 murmura.
1671 3486 1699 3524 v.
1715 3487 1732 3524 a
1746 3484 1853 3524 murrata

1013 3545 1038 3582 A.
1054 3531 1089 3583 ab
1105 3531 1149 3584 lris
1164 3532 1369 3586 murmuribus.
1387 3531 1427 3584 Ad
1443 3531 1522 3586 hanc
1537 3534 1713 3595 formulam
1726 3541 1854 3596 similate

1013 3601 1140 3666 clinabis,
1157 3608 1188 3657 ut
1200 3604 1271 3657 ebur
1285 3603 1381 3667 ebora,
1392 3602 1489 3656 femur
1503 3603 1642 3678 femora,
1660 3613 1753 3667 sulfur
1769 3613 1853 3671 sulfura

1012 3669 1111 3741 fulgur
1134 3674 1256 3744 fulgura.
1278 3673 1330 3728 Sed
1346 3689 1381 3726 ex
1395 3673 1448 3727 lrac
1467 3671 1610 3732 formula
1627 3698 1689 3737 non
1706 3686 1789 3739 multa
1800 3685 1853 3736 inre

1012 3742 1142 3808 niuntur,
1166 3745 1303 3815 quamam
1323 3760 1412 3816 pauca
1427 3749 1498 3798 suut
1514 3752 1648 3817 generis
1665 3758 1760 3810 neutri
1777 3752 1853 3826 quain

1012 3827 1044 3865 ar
1066 3820 1171 3870 exunt:
1195 3814 1374 3869 marmorio
1400 3815 1607 3886 nominativo,
1641 3841 1674 3879 a.
1705 3828 1786 3897 bajas
1806 3839 1854 3879 aar·

1011 3883 1110 3953 moris,
1130 3902 1156 3939 a.
1181 3886 1248 3940 linia
1268 3887 1415 3952 marmari,
1440 3902 1467 3939 x.
1486 3887 1546 3941 lroc
1569 3906 1723 3964 marmor,
1740 3916 1764 3952 v.
1778 3910 1853 3951 ann·

1011 3970 1084 4021 mar,
1101 3973 1126 4011 A.
1146 3957 1181 4011 ab
1196 3959 1250 4011 hac
1267 3974 1407 4011 marmore
1423 3975 1429 4011 ι
1446 3961 1476 4010 et
1491 3960 1674 4031 pluraliter,
1692 3986 1721 4023 x.
1740 3970 1793 4023 bae
1804 3980 1853 4022 mn·

1011 4040 1102 4092 mora,
1125 4043 1151 4081 a.
1171 4029 1273 4082 borum
1289 4043 1481 4095 marmarum,
1500 4045 1527 4082 a.
1548 4031 1602 4086 his
1622 4042 1817 4102 marmoribus,
1833 4058 1852 4089 r.

1011 4095 1071 4150 lraec
1087 4113 1241 4163 marmora,
1258 4116 1283 4152 v.
1301 4114 1486 4162 amarmora,
1505 4117 1534 4154 A.
1557 4104 1600 4157 ab
1619 4109 1669 4163 his
1685 4111 1852 4166 marmoribus,

1009 4167 1054 4221 Sic
1069 4184 1169 4238 aeqrror
1191 4187 1316 4241 aequare,
1341 4187 1391 4224 aar
1415 4170 1514 4224 corda.
1540 4175 1619 4230 Alia
1643 4184 1758 4251 species
1773 4177 1854 4252 generi

1008 4240 1102 4293 neutri
1115 4256 1180 4310 quae
1191 4241 1318 4295 continet
1332 4241 1449 4296 nomina
1464 4239 1497 4293 in
1513 4257 1550 4296 ar
1562 4248 1719 4316 syllabam
1735 4254 1854 4308 exeunte:

1009 4315 1041 4363 ut
1057 4311 1110 4364 hoc
1124 4311 1167 4365 lar
1181 4312 1371 4382 nominativo,
1392 4330 1419 4367 e.
1441 4312 1531 4381 hujus
1550 4315 1660 4389 farris,
1683 4341 1712 4379 n.
1730 4319 1853 4380 buiciarn'.

1007 4396 1033 4434 Δ.
1050 4380 1104 4435 lroc
1126 4381 1178 4448 far,
1203 4400 1229 4438 v.
1247 4401 1263 4437 o
1284 4383 1337 4444 far,
1352 4401 1379 4438 A.
1400 4384 1436 4438 ab
1455 4384 1513 4437 hoa
1535 4383 1636 4448 farre.
1656 4395 1691 4449 fu
1707 4395 1852 4466 plurative

1007 4466 1088 4505 casus
1116 4451 1203 4507 habel
1225 4454 1327 4508 salum.
1354 4471 1382 4509 n.
1405 4455 1468 4508 hrec
1493 4452 1593 4525 farra,
1628 4470 1791 4521 accusativo
1815 4465 1852 4518 aa

1006 4520 1092 4590 farra,
1117 4524 1273 4579 vocativao
1296 4525 1390 4578 farra:
1416 4542 1475 4580 nan
1502 4524 1603 4585 habet
1624 4550 1702 4608 ergo
1717 4538 1851 4610 genitivus

1006 4591 1134 4648 dativum
1158 4600 1186 4649 et
1211 4595 1385 4650 ablativum:
1415 4597 1494 4651 uude
1519 4608 1662 4672 apiacam
1695 4605 1851 4664 dionomia
1875 4634 1878 4645 ·

1004 4665 1121 4733 plurali,
1138 4664 1167 4718 id
1183 4671 1225 4720 cst
1241 4666 1328 4720 trium
1343 4682 1472 4732 casuum,
1489 4677 1523 4727 ut
1545 4683 1623 4730 sunt
1635 4680 1722 4748 Jura,
1739 4697 1793 4735 uon
1808 4676 1849 4732 diu

1005 4749 1070 4788 mus
1084 4735 1187 4789 horum
1205 4736 1327 4807 jurium,
1348 4737 1393 4791 nis
1412 4739 1544 4808 juribus,
1573 4761 1632 4801 nac
1650 4766 1750 4806 aerum
1768 4750 1848 4806 eritas

1003 4820 1056 4858 nec
1072 4807 1190 4861 mellum
1207 4808 1349 4874 mallibus,
1366 4813 1393 4862 et
1408 4811 1465 4864 alia
1479 4829 1603 4884 pauca3
1622 4835 1683 4875 nec
1699 4825 1777 4877 anim
1791 4818 1848 4876 mab

1003 4882 1088 4955 suut:
1105 4877 1144 4931 sic
1170 4895 1222 4932 nec
1247 4879 1349 4933 borum
1371 4880 1480 4937 farrum
1505 4885 1538 4940 in
1564 4889 1709 4956 genitivo
1732 4904 1847 4965 possunv

1004 4945 1098 5002 dicere
1124 4953 1172 5002 aul
1200 4950 1230 5003 iu
1257 4950 1352 5004 dativo
1374 4950 1419 5005 his
1442 4954 1590 5013 farribus.
1616 4961 1708 5019 iluna
1736 4963 1845 5036 ergata
1887 5016 1890 5023 .

1003 5033 1079 5072 mam
1102 5035 1223 5074 numero
1242 5026 1353 5076 tautum
1377 5021 1520 5094 singulari
1546 5028 1734 5103 declinabis,
1759 5038 1806 5091 hoc
1820 5046 1846 5086 ιι
1886 5028 1890 5077 ἱ

1001 5094 1061 5143 clar
1074 5092 1206 5155 nectaris,
1224 5092 1298 5146 laser
1316 5092 1425 5158 laseris,
1441 5103 1472 5149 et
1492 5097 1606 5165 instar,
1624 5107 1712 5175 quod
1729 5114 1771 5162 est
1783 5104 1845 5160 siul-

1000 5161 1081 5229 tuda,
1103 5162 1153 5215 sed
1181 5163 1267 5216 habet
1292 5168 1349 5217 tras
1377 5179 1459 5220 casus
1485 5172 1624 5239 tantum,
1658 5180 1844 5233 nominativus

999 5233 1203 5298 accusativum,
1220 5240 1248 5286 ct
1262 5234 1420 5289 vocativum
1436 5241 1466 5291 et
1481 5245 1527 5293 est
1542 5247 1676 5301 numeri
1691 5255 1800 5304 tantun
1810 5246 1845 5299 sir

998 5302 1116 5372 gularis.
1132 5304 1195 5358 Alia
1211 5304 1321 5374 species
1335 5307 1449 5376 generis
1464 5315 1569 5368 neutri
1585 5332 1661 5386 quaa
1677 5322 1845 5376 continetur

997 5373 1046 5427 nia
1061 5373 1100 5455 in·
1112 5390 1144 5429 er
1156 5376 1301 5441 exeuntia,
1317 5378 1365 5430 sed
1383 5381 1497 5434 numeri
1514 5387 1642 5443 tantum
1662 5391 1843 5463 singularis.»-

996 5443 1049 5524 lroc
1072 5461 1164 5515 piper,
1192 5464 1217 5527 a.
1241 5446 1327 5518 hujus
1343 5448 1461 5518 piperis,
1476 5467 1514 5531 Ιι.
1538 5454 1613 5512 huic
1639 5461 1753 5532 piperi,
1774 5482 1798 5518 ι,
1814 5461 1843 5513 ιιι

994 5530 1089 5640 piper,
1107 5533 1134 5597 v.
1150 5533 1166 5570 a
1181 5534 1272 5588 piper,
1289 5535 1316 5572 x.
1334 5520 1369 5574 ab
1383 5519 1436 5574 hoc
1452 5537 1572 5593 pipere.
1591 5531 1638 5585 Ad
1659 5532 1741 5590 banc
1754 5535 1844 5590 toran

1014 5586 1152 5641 eclruabrs
1167 5604 1288 5644 numero
1303 5593 1414 5646 tautum
1428 5591 1589 5665 singulari.
1607 5617 1688 5659 ver:
1704 5623 1734 5662 u.
1748 5608 1797 5662 baa
1808 5613 1844 5659 ver.

999 5673 1025 5712 a.
1045 5657 1131 5728 bujus
1150 5659 1233 5727 veris,
1256 5677 1284 5718 a.
1307 5661 1374 5716 huic
1388 5663 1459 5730 veri,
1473 5681 1501 5722 A.
1520 5668 1583 5725 hac
1606 5689 1675 5741 rer,
1692 5695 1721 5735 v.
1739 5686 1843 5740 oveas
1891 5690 1894 5697 ·

999 5728 1034 5785 alr
1049 5728 1102 5784 hoc
1117 5745 1193 5787 vere.
1209 5730 1253 5788 Sic
1268 5732 1423 5791 declinabis
1435 5734 1492 5795 bac
1506 5738 1593 5812 siler,
1614 5751 1654 5804 ut
1668 5749 1713 5805 ait
1727 5745 1842 5819 Virgilius
1892 5774 1897 5795 ·
