3884 6112
708 218 820 277 troau-
842 219 1024 280 SEPTIMUS.
1673 235 1726 289 tro

71 350 147 402 uem,
166 350 238 408 quas
256 351 274 389 a
290 330 352 390 'Deo
370 334 519 404 didicerat,
542 338 652 394 semina
671 338 703 395 iu
723 356 823 396 aarum
879 343 942 400 vitea
956 344 1118 401 institutum
1133 350 1206 402 esset
1220 349 1358 418 professa,
1374 349 1410 403 ad
1424 354 1545 407 matrem
1561 353 1622 423 ejus
1635 355 1723 411 lulia-
1776 392 1785 400 -

71 440 87 479 a
103 439 240 496 spargere
260 439 319 478 nou
338 423 446 479 destitit
461 443 470 479 r
484 425 542 480 illae
561 443 628 482 vero
644 428 744 483 eodem
764 445 823 484 nou
878 448 944 488 nam
959 433 1065 498 librum
1080 450 1128 489 seu
1150 436 1299 507 epistolam
1314 437 1349 491 de
1363 439 1441 492 Bono
1454 439 1600 494 uiduitatis
1614 443 1726 514 scripsit

71 528 112 568 rm
132 512 258 567 hominis
276 513 446 584 cujuspiam,
461 530 570 582 verum,
585 515 612 571 id
634 517 710 588 quod
730 521 821 588 erent,
876 522 1063 593 Augustinus.
1079 523 1112 577 ld
1135 539 1201 578 eum
1219 524 1333 579 luliana
1352 542 1447 581 coram
1469 534 1630 600 rogaverat,
1644 547 1724 585 cum·

71 616 112 657 am
127 600 278 672 ipsiusmet
289 602 339 656 Dei
354 603 439 658 rerba
449 618 595 675 excepere.
608 606 822 662 Exhortatioues
877 624 933 681 que
959 611 984 665 is
1016 615 1119 664 sanctae
1150 611 1266 666 feminae
1298 614 1435 686 refragari
1461 633 1492 671 ac
1517 633 1637 672 renuere
1666 635 1724 674 non

72 689 232 761 opitulante
246 690 295 746 Dei
310 691 412 762 gratia,
425 692 534 746 fruetus
549 693 578 746 in
593 710 626 748 ea
637 694 723 749 domo
738 712 822 766 pepe·
876 698 1019 765 valuisset,
1036 699 1095 754 haec
1111 715 1176 754 eum
1191 717 1243 772 per
1261 701 1369 756 litteras
1384 719 1458 775 saepe
1472 705 1577 774 saepius
1592 707 1725 776 promissi

71 794 142 851 ange
162 778 314 833 maximos.
336 778 452 834 Etenim
470 779 549 834 haud
572 780 612 835 ita
634 783 723 835 multo
745 787 820 853 post,
876 786 1072 843 admonuerat.
1089 789 1180 859 Igitur
1198 790 1309 860 aliquot
1323 791 1406 844 horas
1424 792 1530 862 ipsum,
1547 795 1652 864 quibus
1667 796 1724 850 dis-

71 866 242 937 Carthagine
254 865 303 920 ille
314 866 489 930 discesserat,
504 868 660 922 Demetrias
672 870 822 941 proeceptis
876 876 1066 946 tringehatur,
1082 878 1316 949 occupationibus
1335 879 1469 934 suffurari
1490 883 1626 952 oportuit,
1647 884 1724 938 iltius

71 953 141 1010 tillo
161 954 233 1010 dalis
247 959 323 1010 recte
343 971 375 1009 δῦ
393 955 515 1010 feliciter
534 972 585 1011 11⁵³
603 957 821 1012 sanctimonium
875 967 908 1019 ut
921 966 1061 1019 voluntati
1076 966 1260 1021 satisfaceret.
1273 967 1345 1021 Illud
1357 971 1452 1022 autem
1467 969 1520 1024 hoc
1531 970 1560 1024 in
1575 987 1659 1042 opere
1670 972 1724 1026 sibi

71 1045 140 1100 alem
155 1043 283 1116 professa
297 1048 354 1111 est;
368 1048 540 1116 terrenoque
558 1045 673 1115 marito,
689 1046 735 1099 cui
746 1045 822 1116 jam·
875 1052 1036 1123 proposuit,
1052 1053 1189 1109 nimirum
1206 1059 1233 1108 et
1248 1055 1348 1111 docere
1362 1073 1412 1110 soa
1428 1057 1522 1112 officia
1535 1059 1633 1113 viduas
1648 1060 1723 1115 chri·

71 1136 112 1189 rat
133 1133 281 1200 tradenda,
306 1135 398 1187 castos
418 1133 515 1204 sponsi
534 1133 654 1188 caelestis
673 1134 821 1205 amplexus
877 1139 991 1206 stiones,
1009 1144 1037 1196 et
1051 1158 1098 1195 eas
1112 1142 1145 1197 ad
1159 1143 1278 1210 bonum,
1291 1145 1367 1215 quod
1381 1146 1430 1199 abs
1445 1146 1647 1202 solaciandum
1662 1164 1723 1204 esse

71 1222 143 1277 teuit.
166 1223 297 1277 Testatur
317 1220 505 1292 Augustinus,
524 1237 558 1276 ea
578 1221 609 1275 in
628 1237 659 1276 re
683 1238 712 1277 se
736 1226 821 1294 atque
876 1228 1017 1297 noverint,
1039 1230 1166 1284 animose
1188 1234 1273 1302 atque
1294 1231 1424 1287 alacriter
1442 1233 1654 1305 suscipiendum
1673 1237 1722 1292 od-

71 1326 105 1366 im
117 1309 225 1383 junctis
236 1309 329 1380 eperia
344 1309 484 1364 laborasse
495 1330 502 1378 3
512 1310 561 1365 sed
575 1312 655 1366 nulla
667 1315 749 1381 perte
760 1313 821 1367 laus
875 1314 994 1371 hortari.
1009 1317 1179 1389 Quanquam
1195 1319 1271 1373 enim
1286 1319 1320 1373 ad
1335 1321 1479 1376 lulianam
1494 1324 1594 1392 solam,
1608 1341 1665 1379 nou
1680 1330 1723 1379 ta-

71 1402 98 1454 ut
111 1415 220 1454 merces
235 1398 385 1468 minuitur,
400 1400 477 1470 qnod
494 1415 557 1453 eam
572 1416 638 1454 cum
651 1400 743 1455 amico
762 1406 820 1455 tam
875 1420 942 1459 meu
957 1405 1010 1460 soli
1024 1404 1154 1471 iuliane,
1171 1413 1221 1461 aut
1235 1422 1299 1478 quae
1325 1408 1354 1461 in
1370 1409 1431 1479 ejus
1450 1413 1512 1463 erat
1525 1412 1722 1480 contubernio,

70 1486 820 1561 uitamqueintimohabueritcommunem.Eratjam
875 1493 970 1548 socrui
985 1494 1085 1548 Probae
1099 1494 1234 1549 Faltoniae
1249 1496 1404 1564 scribebat3
1419 1498 1467 1551 sed
1481 1502 1510 1551 et
1525 1497 1617 1552 viduis
1632 1500 1724 1554 omni-

71 1577 128 1632 rios
146 1577 177 1632 in
197 1576 344 1647 procinctu
362 1580 394 1631 ut
412 1577 544 1644 nuberet,
565 1594 631 1632 cum
650 1578 820 1649 virginitatis
874 1582 938 1648 hus,
965 1598 1030 1654 quae
1056 1584 1129 1638 hane
1158 1585 1219 1654 ejus
1247 1585 1476 1640 lucubrationem
1504 1591 1585 1641 erant
1607 1588 1724 1643 lectrum

86 1665 271 1737 nuncuparit.
295 1665 333 1719 De
354 1664 409 1719 hoe
429 1681 514 1736 porro
534 1665 720 1721 nobilissimas
743 1666 820 1722 illias
876 1671 969 1741 (rota,
984 1687 1013 1726 a.
1041 1672 1075 1729 ll.
1100 1671 1141 1727 lbi
1164 1673 1239 1727 inter
1258 1678 1361 1728 caetera
1378 1674 1408 1729 id
1423 1673 1605 1745 potissimum
1625 1676 1725 1732 suadet

71 1754 172 1809 slacto
183 1752 446 1824 singulariamolta,
456 1770 546 1826 eaque
556 1755 820 1827 pulcherrimapuo·
875 1759 1007 1825 iuliane,
1023 1761 1252 1816 adversariorum
1267 1762 1368 1831 gratiae
1388 1762 1491 1817 Christi
1504 1763 1667 1832 perniciosa
1679 1765 1723 1820 lu-

71 1845 359 1916 tronymusfflierou,
370 1845 459 1920 Epist.
476 1844 502 1914 8)
514 1863 523 1898 r
535 1860 599 1916 quae
614 1844 730 1916 quidem
745 1861 820 1900 acce·
875 1862 942 1918 gere
957 1849 1100 1920 colloquia
1116 1850 1207 1919 (thid,
1223 1867 1250 1904 u.
1264 1850 1318 1919 it).

71 1932 190 1988 tsenctis
200 1930 371 2003 quibusdam
382 1932 570 1987 sanabilibus
579 1933 704 2000 feminis,
715 1934 820 2005 quibus
910 1941 939 1992 6.
961 1938 1033 1991 Tum
1049 1953 1114 1992 vero
1132 1954 1197 1992 cum
1219 1938 1388 1992 illustriores
1403 1937 1532 1993 Ecclesiae
1551 1938 1605 1994 viri
1623 1942 1720 1995 Deme·

71 2022 113 2078 tiis
128 2022 165 2077 ob
178 2021 295 2076 hostiles
305 2021 544 2092 depopulationes
555 2022 692 2077 excedere
702 2023 818 2086 coactis,
875 2025 1007 2091 triadem,
1028 2026 1063 2080 ab
1086 2027 1148 2080 avia
1167 2030 1196 2081 et
1214 2043 1231 2081 a
1249 2031 1340 2082 matre
1365 2027 1427 2098 ejus
1448 2027 1551 2098 rogati,
1575 2030 1724 2100 preceptis

78 2110 215 2178 Africam,
231 2114 264 2163 ut
277 2109 452 2182 ierosolyma
467 2113 604 2181 peterent,
623 2109 678 2164 iter
691 2111 819 2166 facienti·
875 2114 1030 2169 informare
1052 2130 1085 2169 ac
1106 2114 1136 2169 in
1157 2119 1253 2170 saneto
1273 2115 1420 2187 proposito
1439 2116 1608 2172 confirmare
1628 2117 1722 2173 stude·

71 2199 91 2257 >i
110 2199 319 2256 Demetriadem
334 2198 431 2254 ridere
449 2198 615 2269 contigerat.
632 2199 820 2254 Demetriadis
874 2205 954 2266 rent;
971 2201 1102 2272 Pelagius
1122 2219 1236 2274 quoque
1252 2203 1305 2256 sibi
1320 2204 1416 2257 deesse
1434 2204 1537 2271 noluit,
1554 2205 1624 2276 quiu
1639 2205 1723 2260 hacce

77 2288 165 2361 capiti
183 2288 349 2342 llammeum
370 2287 418 2350 (sic
436 2292 518 2341 vocat
536 2290 649 2343 sanctus
668 2288 817 2358 Presbyter
875 2290 1040 2362 colligendas
1054 2290 1138 2345 lamae
1158 2291 1302 2362 simulque
1318 2291 1447 2346 tradendi
1467 2293 1509 2345 sui
1525 2293 1630 2347 erroris
1644 2309 1723 2348 occa·

71 2377 142 2433 itatis
150 2377 270 2448 insigne)
280 2376 516 2448 postinvoeotnm
529 2376 580 2430 Dei
590 2392 694 2432 nomeu
705 2376 819 2448 publice
876 2379 956 2434 sione
975 2383 1113 2435 uteretur.
1131 2380 1288 2451 Epistulam
1311 2396 1379 2451 ergo
1396 2385 1424 2436 et
1442 2380 1503 2452 ipse
1526 2381 1630 2436 nobilis
1647 2381 1724 2436 illius

71 2465 109 2521 uit
124 2465 250 2537 pontifex
265 2464 302 2535 (is
316 2465 372 2519 fuit
384 2464 518 2519 Aurelius
537 2464 687 2536 episcopus
702 2466 818 2520 Cartha·
874 2468 995 2540 virginis
1008 2467 1192 2524 instituenda
1205 2485 1289 2524 causa
1301 2486 1363 2524 eam
1375 2470 1497 2541 scripsit,
1509 2487 1573 2542 ques
1588 2470 1618 2525 in
1630 2473 1725 2541 Augu·

71 2553 118 2623 is),
139 2559 168 2608 et
186 2557 291 2608 castam
309 2553 388 2609 iliam
407 2553 548 2625 virginem
568 2554 678 2609 Christo
697 2554 820 2610 Domino
876 2557 1063 2613 stinianarum
1088 2558 1254 2628 appendice,
1269 2559 1420 2629 incipiens,
1435 2560 1467 2615 Si
1484 2575 1586 2614 summo
1604 2561 1723 2628 iupeuio,

71 2643 144 2699 ravit
155 2642 260 2714 (ibid).
875 2645 1051 2717 conspicitur
1071 2646 1224 2716 (Apparet,
1240 2648 1327 2715 Epist.
1352 2650 1406 2714 lt).
1423 2647 1500 2700 luter
1518 2661 1552 2700 ea
1569 2650 1722 2718 praecepta,

73 2747 238 2807 equaquam
258 2730 349 2785 Proba
370 2746 402 2786 ao
420 2729 532 2785 Juliana
553 2731 729 2794 commisere,
750 2732 821 2804 quin
876 2736 980 2806 quihus
995 2733 1204 2789 Demetriadem
1214 2733 1329 2788 instruit
1343 2734 1483 2805 Pelagius,
1495 2733 1524 2788 id
1536 2749 1599 2788 eam
1613 2739 1722 2800 mouet,

71 2821 159 2877 riadis
168 2820 346 2893 propositum
357 2835 408 2891 per
421 2819 529 2874 litteras
543 2820 703 2891 Arrgustino
714 2820 821 2892 signiti-
837 2854 842 2860 -
877 2826 908 2877 ut
922 2823 975 2876 sibi
989 2822 1019 2876 in
1034 2821 1117 2886 Urbe,
1139 2837 1204 2892 que
1218 2837 1272 2874 vox
1292 2822 1412 2876 Romam
1435 2821 1551 2892 proprie
1570 2821 1721 2892 significat,

81 2911 182 2982 (oper.
201 2912 274 2981 lio),
290 2909 373 2980 eique
388 2907 634 2980 munerisaliquid
646 2909 675 2963 in
688 2909 821 2964 solemni·
875 2909 1059 2966 solitudinem
1067 2908 1200 2963 instituat
1215 2908 1306 2975 (tota,
1324 2924 1384 2978 cap.
1400 2909 1455 2978 23).
1467 2910 1500 2963 Et
1513 2913 1599 2976 certe,
1611 2909 1722 2981 quomi-

71 3014 115 3072 [ιιι
127 3000 217 3054 velata
227 2999 275 3053 illa
286 2998 389 3066 fuerat,
400 2997 597 3052 testimouium
608 2996 764 3065 mitterent,
776 2997 820 3051 iu·
875 3016 929 3054 nus
943 3013 977 3053 eo
992 2997 1083 3054 Proba
1093 2997 1155 3068 jam
1170 3001 1231 3052 tum
1247 3012 1360 3051 reversa
1374 2997 1471 3066 scierit,
1489 2997 1562 3052 nihil
1577 2998 1719 3068 prohibet.

71 3087 121 3142 lod
133 3087 184 3142 Dei
193 3087 374 3150 beneficium,
386 3085 614 3141 exhortationum
625 3085 687 3155 ejus
695 3085 821 3139 fructum
875 3086 1009 3141 Videmus
1018 3086 1117 3140 satiem
1128 3085 1164 3140 ab
1175 3085 1349 3156 Hieronymo
1362 3085 1582 3153 Demetriadem,
1595 3089 1626 3140 ut
1636 3085 1723 3140 fidem

71 3175 211 3232 serentes
232 3177 410 3247 (Epistli3,
432 3191 460 3229 u.
479 3175 514 3245 l).
540 3174 700 3229 Autevertit
721 3189 820 3228 aarum
876 3174 1036 3231 Innocentii
1050 3179 1197 3245 sequatur,
1219 3173 1384 3242 admoneri3
1401 3175 1479 3229 nullo
1499 3174 1613 3229 interim
1629 3191 1722 3246 neque

72 3280 92 3319 a
109 3264 284 3319 celeritatem
300 3263 399 3331 lamoe;
415 3266 569 3334 sanctoque
589 3260 747 3334 Augustino
761 3265 821 3316 tam
875 3264 993 3331 Aurelii,
1020 3278 1114 3335 neque
1139 3262 1302 3334 Augustini,
1325 3262 1470 3317 mentione
1494 3263 1567 3317 iacta
1590 3265 1721 3332 (Hieran,

71 3352 186 3409 nuntius
201 3357 267 3408 ante
279 3368 408 3407 securam
422 3351 519 3406 attulit
533 3351 721 3422 voluptatem,
734 3366 820 3422 quam
876 3354 966 3422 Epist.
982 3348 1153 3423 8).Apparet
1166 3349 1293 3422 insuper,
1306 3350 1432 3421 epistolae
1447 3348 1607 3419 Pelagianae
1616 3348 1723 3402 famam

71 3442 140 3499 itote
159 3442 234 3496 illius
247 3441 379 3496 dubitare
395 3440 584 3512 contigisset:
599 3439 677 3511 quod
692 3440 820 3510 prolecto
876 3440 911 3495 ad
926 3438 1117 3510 Augustinum
1130 3453 1312 3509 nequequam
1329 3440 1393 3491 aute
1407 3453 1515 3491 anuum
1529 3435 1722 3507 quadringen-

72 3547 103 3586 m
116 3534 187 3600 erat,
197 3530 220 3584 si
231 3545 290 3584 rem
308 3532 419 3584 tantum
435 3528 558 3598 vrrlgatis
571 3527 737 3582 rumoribus
745 3543 822 3582 acce·
876 3527 1011 3586 tesimum
1030 3526 1174 3581 decimum
1196 3530 1308 3580 sextum
1332 3529 1380 3579 aut
1403 3524 1544 3579 decimum
1570 3523 1722 3594 septimum

81 3618 194 3685 Quanta
202 3616 404 3672 autemlaetitia
415 3621 543 3671 sanctum
550 3615 822 3688 Antistitemingens
876 3615 1040 3688 pervenisse
1056 3631 1063 3668 ι
1079 3613 1293 3684 quodquidam,
1309 3612 1332 3667 si
1346 3628 1458 3683 semper
1469 3612 1723 3666 inAfricareman·

71 3708 156 3774 ¹retiae
166 3706 336 3761 miraculum
344 3705 515 3776 pertuderit,
526 3704 596 3759 scire
607 3704 744 3776 cupienti,
755 3704 822 3758 sotis
876 3705 959 3759 sisset
970 3702 1136 3771 Demetrias,
1145 3701 1190 3756 sir
1202 3701 1264 3755 lieri
1279 3701 1425 3773 potuisset.
1444 3701 1518 3756 Illud
1530 3701 1630 3755 saltem
1645 3703 1724 3755 extra
1750 3740 1753 3748 .

73 3796 236 3869 epistolam,
251 3811 338 3865 quam
352 3811 386 3848 ea
400 3794 435 3849 de
450 3810 480 3848 re
494 3793 530 3848 ad
544 3793 664 3848 Probum
674 3797 759 3864 atque
773 3793 821 3847 Ju—
878 3793 1008 3859 duhium,
1019 3791 1093 3846 hanc
1108 3791 1257 3861 epistolam
1273 3789 1366 3860 ipsum
1382 3789 1498 3844 nonnisi
1508 3793 1571 3860 post
1585 3788 1723 3860 synodum

71 3901 82 3940 o
98 3884 211 3941 circiter
225 3883 339 3939 initium
351 3882 420 3938 anni
432 3881 708 3954 quadringentesimi
721 3881 823 3936 decimi
877 3879 1068 3945 Palaestinam,
1085 3895 1149 3950 quae
1167 3881 1280 3932 tantum
1295 3877 1347 3932 sub
1362 3877 1430 3931 anui
1451 3876 1725 3948 quadringentesimi

81 3973 206 4044 scripsit,
218 3975 364 4044 perlegere
375 3971 476 4042 (Epist.
486 3971 746 4042 t50].Quocumque
758 3972 823 4026 Pro·
877 3968 981 4026 decimi
997 3968 1195 4041 quintilinam
1216 3966 1356 4021 celebrata
1376 3970 1426 4031 est,
1442 3964 1620 4037 conspexisse
1637 3981 1643 4018 :
1660 3980 1725 4019 cum

71 4077 142 4117 »rnen
158 4066 336 4132 pervenerat,
351 4061 405 4114 hoc
420 4063 462 4113 est
476 4058 504 4112 in
519 4058 652 4129 regiones
666 4059 821 4124 universas,
878 4059 912 4127 is,
929 4075 965 4113 au
979 4061 1045 4113 aute
1071 4056 1213 4129 synodum
1235 4055 1324 4122 illam,
1350 4071 1386 4110 an
1409 4069 1475 4109 vero
1498 4059 1599 4126 postca
1622 4053 1725 4124 scripta

71 4149 161 4219 itatis,
188 4165 274 4220 quam
298 4149 424 4221 professa
446 4147 603 4202 Demetrias
624 4147 726 4215 iuerat,
747 4148 823 4201 fama
877 4148 974 4214 fuerit,
993 4145 1122 4218 ambigat
1137 4148 1183 4216 (De
1199 4145 1296 4202 Gratia
1311 4145 1423 4210 Christi,
1437 4159 1463 4198 u.
1480 4146 1535 4212 23).
1551 4141 1725 4212 Augustinus

71 4242 143 4294 sest
162 4238 266 4308 (ibid).
283 4239 388 4295 Cunctae
400 4253 449 4307 per
467 4237 593 4303 Africam
612 4237 746 4298 Ecclesia,
764 4235 824 4289 ilie·
878 4235 1028 4308 epistolam
1040 4235 1114 4290 hanc
1128 4234 1201 4289 forte
1212 4232 1402 4305 jamviderat,
1415 4232 1549 4302 cumipse
1561 4234 1644 4300 atque
1657 4227 1723 4299 Aly-

71 4327 92 4383 ri
106 4327 193 4382 verba
208 4330 283 4393 sunt,
299 4327 416 4396 quodam
430 4327 597 4381 exsultavere
610 4323 754 4394 tripudio:
771 4337 824 4377 uou
877 4326 943 4397 pius
957 4322 1145 4379 Demetriadis
1163 4326 1284 4377 matrem
1304 4322 1486 4385 admonuere,
1503 4334 1539 4373 ue
1554 4332 1636 4371 aures
1650 4332 1724 4389 pre-

76 4415 116 4472 ad
128 4417 216 4479 urbes,
235 4415 346 4486 oppida,
362 4415 524 4484 uiculosque,
536 4413 584 4468 sed
597 4413 634 4468 ud
648 4414 710 4482 ipsa
721 4426 826 4482 quoque
878 4414 958 4469 beret
970 4411 1006 4466 iis
1021 4411 1197 4478 hominihus,
1213 4409 1263 4483 qui
1285 4409 1371 4465 iidem
1393 4405 1571 4464 sermonibus
1587 4405 1645 4459 suis
1660 4421 1725 4460 cor·

71 4507 109 4573 ia,
123 4506 234 4561 celebris
245 4506 323 4572 sama
336 4505 494 4573 penetrauit.
507 4503 602 4559 Omucs
615 4504 687 4557 tuter
698 4501 825 4567 Africam
879 4500 1051 4573 rumpebant
1066 4501 1164 4571 (Epist.
1181 4503 1242 4564 188,
1259 4515 1287 4554 u.
1302 4500 1343 4569 2).
1363 4496 1474 4553 Juliaua
1489 4494 1645 4566 plurimum
1668 4493 1725 4548 illis

71 4608 141 4665 uque
157 4593 254 4648 insutas
274 4593 321 4646 bor
339 4605 446 4645 ramme
463 4591 598 4659 completa
616 4594 689 4657 secut,
709 4592 735 4643 et
752 4590 824 4656 iuss·
880 4591 916 4646 oh
940 4591 1046 4645 hancce
1069 4588 1292 4644 admonitionem
1316 4586 1419 4641 debera
1433 4600 1462 4637 se
1484 4582 1647 4653 rescripsit;
1662 4597 1725 4636 eos-

73 4682 145 4755 pade
170 4683 275 4751 lougius
296 4680 399 4748 paedia
425 4694 574 4734 cucurrere.
596 4679 674 4735 Idem
697 4666 849 4750 proxime
880 4680 1004 4751 demque
1016 4678 1150 4733 certiores
1162 4673 1391 4746 iecit,ejusmodi
1402 4670 1533 4726 homines
1542 4669 1595 4725 sibi
1605 4669 1725 4741 perinde

86 4772 173 4840 Quasi
194 4787 228 4825 ra
246 4771 338 4825 radice
357 4769 486 4838 secunda,
506 4766 610 4839 inquit,
633 4769 723 4823 multas
745 4767 827 4822 simul
880 4785 912 4823 ac
927 4768 985 4823 suis
1000 4767 1106 4823 inrisos
1130 4783 1205 4832 esse;
1222 4763 1346 4833 denique
1360 4760 1498 4815 familiam
1511 4775 1592 4814 suam
1611 4775 1725 4814 omnem

71 4877 101 4918 es
114 4863 296 4933 pullularant,
312 4861 515 4930 compluraque
526 4863 650 4929 patrouae
670 4862 696 4913 et
713 4857 828 4912 domiue
881 4872 995 4928 semper
1007 4872 1099 4927 usque
1113 4855 1184 4909 adeo
1198 4852 1284 4908 fuisse
1299 4849 1471 4904 retinentem
1486 4846 1631 4902 catholice
1647 4845 1724 4910 tidei,

79 4955 147 5006 vote
162 4954 244 5005 erant
257 4949 409 5020 Augustini
425 4947 530 5021 [teian
544 4952 634 5003 secreto
648 4954 686 5002 ast
702 4949 827 5002 clientum
881 4951 913 5002 ut
927 4947 957 5001 iu
970 4962 1003 5001 aa
1016 4945 1113 5000 nullus
1127 4956 1256 5013 unquam
1266 4938 1368 4994 haeresi
1382 4939 1444 5008 ulli,
1455 4954 1490 4993 ue
1503 4935 1652 4992 levissimae
1663 4933 1725 5005 qui·

75 5044 159 5110 atque
173 5039 340 5107 famularum
360 5040 489 5108 (literae,
504 5040 593 5107 Epist.
610 5041 645 5101 8).
662 5037 754 5101 Quare
768 5051 827 5089 non
881 5015 957 5102 dem,
974 5031 1133 5090 adheserit.
1151 5029 1338 5085 Commodum
1353 5026 1464 5094 accidit,
1480 5029 1512 5081 ut
1525 5024 1642 5097 Alypius
1657 5022 1726 5092 liip-

71 5127 126 5183 riio
148 5127 324 5199 Augustinus
346 5127 466 5181 Julianae
488 5127 606 5182 domum
628 5142 688 5180 non
710 5140 827 5196 parvam
881 5140 956 5195 poue
972 5127 1056 5190 esset,
1079 5136 1135 5192 quo
1156 5123 1286 5188 tempore
1300 5115 1447 5188 responsio
1470 5115 1519 5170 ille
1534 5113 1653 5168 Julianre
1667 5113 1725 5164 Au-

71 5215 250 5272 iecclesiam
266 5231 326 5270 esse
347 5215 416 5270 dicit
439 5216 537 5286 (Epist.
554 5219 616 5282 l88,
639 5230 666 5268 u.
690 5214 727 5285 3),
752 5213 827 5283 ejus·
881 5211 996 5282 gastina
1011 5208 1122 5264 reddita
1137 5211 1188 5262 est.
1213 5206 1392 5277 Quapropter
1411 5204 1439 5259 ei
1452 5202 1589 5273 rescripta
1606 5198 1725 5269 conjun-

70 5305 193 5362 rmiliam
207 5305 276 5359 alibi
287 5306 471 5360 domesticam
486 5304 632 5359 eeclesiam
648 5302 773 5374 appellat
784 5304 827 5369 (De
881 5299 948 5355 atim
966 5314 1017 5353 sno
1036 5295 1154 5351 nomine
1169 5295 1308 5351 miserunt
1330 5294 1421 5366 (lbid,
1434 5309 1461 5347 u.
1487 5292 1522 5362 l).
1539 5290 1578 5343 Ae
1599 5286 1725 5358 primum

71 5394 179 5460 uiderit,
195 5410 221 5448 u.
237 5393 292 5462 itt).
882 5388 997 5460 quidem
1006 5386 1159 5451 affirmant,
1171 5402 1236 5440 cum
1244 5400 1360 5457 operam
1371 5380 1491 5437 suamad
1501 5375 1726 5450 promovendam

71 5482 160 5539 ’aucis
180 5486 243 5554 post
270 5482 381 5551 diebus,
396 5497 481 5553 quom
505 5480 662 5537 Demetrias
681 5479 828 5534 sanctioris
884 5479 951 5533 litiae
975 5475 1065 5548 ipsius
1084 5474 1257 5531 Demetriadi
1280 5472 1451 5528 relationem
1475 5464 1667 5531 adhibuerint,
1685 5463 1727 5520 in·
