3884 6112
155 287 207 342 847

156 410 242 463 restat
251 403 377 460 conserti
386 402 422 457 ad
437 416 501 455 eum
517 414 600 470 aquo
610 396 683 451 facta
693 399 745 461 est,
760 399 788 449 et
798 392 890 464 magis
899 391 1002 463 magis-

156 511 211 568 que
227 494 319 548 vivere
334 492 409 562 apud
420 492 528 545 fontem
542 488 617 552 vitae,
629 490 657 540 et
668 485 696 539 iu
708 483 816 539 lumine
826 483 888 553 ejus
903 481 1000 537 ridere

156 584 254 639 lumen
266 581 349 651 (Psoi.
360 596 438 642 xxxv,
452 578 503 648 so).
519 581 547 630 et
561 573 668 646 perfici,
678 570 860 639 etillostrari,
872 574 900 624 et
909 566 998 624 beari.

496 664 609 718 CAPUT
630 663 660 717 ll.

159 763 280 815 Trinitas
295 759 343 827 qut
356 755 429 809 Deus
444 758 483 808 est
496 769 529 807 en
539 754 636 823 primis
651 751 740 806 uerbis
753 750 882 806 Geueseos
897 746 1000 801 intelli·

536 843 621 909 gitur.

190 940 217 989 lt.
239 935 306 988 Ecce
326 934 444 1002 apparet
460 929 531 984 milri
555 929 586 983 in
602 928 754 1000 {enigmate
775 925 907 991 Trinitas,
924 921 1001 995 qnod

154 1040 184 1078 es
200 1024 273 1076 bens
288 1036 384 1086 meus3
410 1018 546 1090 quoniam
562 1022 603 1081 tu,
628 1019 721 1079 Pater,
746 1015 776 1070 in
794 1013 936 1084 Principio
953 1027 1000 1066 sa·

154 1110 272 1183 pientiae
288 1107 414 1164 nostrae⁴
431 1107 507 1178 quod
523 1111 566 1161 est
581 1111 630 1160 tua
653 1103 799 1176 Sapientia
814 1102 849 1157 de
872 1106 898 1155 te
922 1104 1000 1164 nata,

156 1198 274 1270 aequalis
289 1197 342 1252 tibi
364 1200 558 1261 etcoaeterua,
579 1195 606 1248 id
627 1199 669 1248 est
686 1193 716 1247 iu
738 1191 809 1246 Filio
830 1196 889 1257 tuo,
911 1186 1002 1243 fecisti

155 1289 258 1344 coelum
273 1292 302 1342 et
316 1292 431 1342 terram.
446 1284 480 1338 Et
501 1283 591 1337 multa
605 1281 728 1336 diximus
745 1279 780 1334 de
795 1279 864 1334 coelo
879 1276 952 1343 curli,
974 1278 1002 1330 et

156 1379 191 1432 de
204 1381 280 1430 terra
293 1372 429 1429 invisibili
445 1378 474 1426 et
498 1370 695 1440 incomposita,
711 1373 739 1423 et
756 1369 790 1423 de
807 1367 906 1437 abysso
922 1372 1001 1419 taue-

155 1465 249 1528 brusa,
276 1462 431 1519 secundum
454 1458 609 1531 spiritualis
634 1455 817 1538 informitatis
834 1451 1003 1526 vagabunda

156 1552 292 1624 deliquia,
308 1549 364 1605 nisi
377 1551 589 1603 converteretur
603 1546 638 1601 ad
649 1561 715 1600 oum
730 1561 814 1616 aquo
825 1549 886 1598 erat
896 1545 1003 1615 qualis·

156 1633 1004 1710 cumquevita,stilluminatiouefieretspeciosavita‚etcsset

155 1729 257 1783 coelum
271 1726 333 1781 curli
349 1725 420 1794 ejus,
434 1724 509 1794 quod
523 1722 1003 1793 interequemetaquamposlcafa.

156 1811 536 1882 ctumes13etteuebamjam
547 1812 661 1865 Patrem
670 1810 699 1864 in
710 1809 761 1864 [lei
771 1809 897 1877 nomine,
909 1811 959 1881 qui
965 1810 1004 1865 fe·

156 1898 1004 1970 cithaec,etliliumiul'riucipiinomineinquofecilhrac3et

154 1989 541 2047 Trinitatemcredeuslteum
551 1986 1003 2057 meum,sieuticredebam,qure·

156 2076 1002 2148 rebemineloquiissauctisejus,etecceSptritustuussuper·

155 2169 294 2237 {mebutur
307 2182 388 2236 super
400 2178 497 2234 aquas.
510 2166 577 2220 Ecce
587 2165 710 2219 Trinitas
726 2165 799 2219 Deus
816 2179 906 2230 meus,
921 2165 1004 2218 Pater

156 2253 683 2325 etFiliusetSpiritus,sauctuscreator
697 2251 839 2306 universae
852 2254 1000 2306 creaturae.

490 2341 602 2396 CAPUT
622 2340 666 2395 Vl.

210 2437 264 2491 Cur
284 2432 373 2487 dictus
394 2434 433 2485 est
454 2430 574 2498 Spiritus
586 2429 738 2498 superferri
752 2442 834 2497 super
851 2442 947 2496 aquus.

191 2528 218 2577 7.
233 2521 287 2577 Sed
303 2536 366 2592 quar
389 2534 471 2573 causa
491 2517 593 2583 fuerat,
611 2534 628 2571 o
645 2517 745 2572 lumen
758 2516 928 2570 veridicum!
951 2515 1003 2570 tibi

157 2612 292 2666 admoveo
307 2624 356 2664 cor
376 2622 488 2674 meom;
504 2622 542 2660 ne
564 2622 610 2660 me
625 2621 698 2659 sane
711 2605 822 2670 doceat,
838 2604 944 2658 discute
960 2608 1002 2657 te·

159 2701 259 2754 uebras
274 2699 344 2769 ejus,
361 2701 389 2751 et
404 2696 449 2750 dic
468 2695 550 2761 mihi,
566 2694 684 2748 obsecro
698 2698 726 2748 te
741 2709 793 2764 per
805 2697 925 2747 matrem
936 2692 1002 2746 clia·

156 2782 286 2853 ritatem}
307 2787 422 2840 obsecro
442 2790 480 2851 te,
505 2783 549 2838 dic
570 2783 642 2837 milri
662 2798 726 2854 quae
745 2797 829 2836 causa
846 2781 948 2850 fuerat,
971 2785 1004 2835 ut

156 2879 222 2947 post
235 2874 415 2930 nominatum
434 2873 547 2939 cretum,
564 2874 592 2924 et
606 2882 713 2925 terram
726 2868 900 2923 invisibilem
914 2873 943 2923 et
957 2869 1002 2923 in-

155 2963 354 3033 compositam,
371 2965 398 3015 et
406 2960 536 3014 tenebras
549 2973 635 3028 super
650 2957 794 3029 abyssum,
807 2962 869 3011 tum
884 2957 1002 3012 demum

156 3051 300 3120 Scriptura
323 3054 373 3104 tua
392 3047 554 3102 nominaret
575 3046 712 3116 Spiritum
742 3045 846 3101 tunm‘l
867 3047 911 3100 Au
935 3047 1003 3117 quia

156 3137 305 3209 oportebat
324 3136 364 3190 sie
379 3151 445 3189 eum
460 3134 612 3203 insinuari,
628 3138 660 3188 ut
675 3134 817 3188 diceretur
832 3134 1000 3205 superferri;

155 3230 183 3280 et
198 3242 256 3280 non
271 3228 363 3296 posset
374 3225 428 3278 hoc
440 3222 506 3290 dici,
521 3222 576 3276 nisi
588 3222 669 3292 prius
677 3220 749 3276 illud
762 3237 1001 3276 commemorare-

156 3320 202 3368 tur
216 3314 262 3369 cui
284 3311 437 3384 superferri
453 3310 574 3382 Spiritus
589 3315 657 3364 tuus
671 3314 767 3381 posset
783 3310 925 3382 iutelligi‘t
946 3312 1002 3366 Nee

156 3402 232 3457 Patri
250 3402 328 3457 euim
347 3417 399 3455 nec
418 3399 488 3454 filio
512 3397 759 3468 superferebatur3
772 3414 824 3452 nec
848 3399 1001 3470 superferri

153 3495 227 3546 recte
241 3491 393 3559 diceretur,
409 3488 433 3543 si
448 3488 519 3543 nulli
531 3486 574 3541 rei
592 3487 811 3557 superferretur.
829 3486 910 3541 Prius
931 3504 1000 3559 ergo

154 3579 307 3635 dicendum
326 3582 386 3633 crat
399 3577 445 3632 cui
466 3575 684 3648 superferretur,
696 3578 725 3630 et
735 3574 837 3629 deinde
853 3574 900 3630 ille
914 3591 1000 3646 quem

154 3684 212 3723 non
225 3666 373 3738 oportebat
389 3666 471 3720 aliter
486 3663 716 3730 commemorari,
730 3662 787 3717 uisi
802 3667 833 3717 ut
847 3663 1001 3734 superferri

154 3756 305 3811 diceretur.
317 3755 373 3809 Cur
388 3769 456 3822 ergo
476 3752 557 3806 aliter
572 3767 639 3806 eum
655 3750 793 3805 insinuari
812 3766 871 3805 non
886 3755 1000 3822 oporta-

154 3844 213 3911 bat,
227 3841 282 3897 nisi
293 3845 324 3895 ut
338 3839 493 3911 superferri
504 3839 666 3893 diceretur?

486 3926 597 3981 capnt
612 3925 669 3979 Vll.

395 4014 513 4083 Effectus
528 4014 649 4082 Spiritus
661 4014 760 4068 suncti.

189 4110 214 4161 8.
230 4107 292 4161 tam
305 4104 371 4159 hinc
389 4106 524 4174 sequatur
545 4102 594 4172 qui
609 4105 704 4173 potest
718 4101 864 4157 intellectu
878 4104 1000 4174 Aposto-

153 4197 213 4250 lum
232 4199 313 4249 tnum
337 4193 489 4255 dicentem,
506 4189 574 4261 quia
596 4190 719 4245 chorites
731 4194 779 4244 tua
794 4190 898 4259 diffuso
920 4195 999 4247 estin

151 4285 276 4340 cordibus
292 4284 391 4337 nostris
405 4296 453 4350 prr
476 4281 608 4350 Spiritum
633 4282 767 4346 sanctum,
792 4281 841 4348 qui
863 4279 944 4335 dotata
961 4284 1000 4335 est

151 4373 227 4427 nobis
241 4373 330 4441 (Rom.
346 4387 374 4438 v,
387 4371 428 4437 5);
443 4380 472 4422 et
482 4366 517 4421 de
537 4367 733 4439 spiritualibus
745 4367 894 4423 docentem
908 4373 937 4423 et
950 4369 999 4424 de·

151 4462 358 4514 monstrantem
371 4456 631 4528 supereminentem
646 4455 721 4510 riam
736 4455 890 4524 charitatis,
907 4461 935 4512 et
947 4457 998 4513 fle·

152 4551 276 4602 utentem
292 4562 387 4616 genua
403 4561 456 4616 pro
472 4545 554 4599 nobis
574 4544 609 4599 ad
631 4548 669 4610 te,
685 4549 718 4598 ut
732 4560 936 4614 cognoscamus
951 4562 997 4600 su-

151 4635 376 4706 pereminentem
392 4633 538 4688 scientiam
558 4632 702 4687 charitatis
715 4633 820 4688 Christi
835 4636 941 4704 (Eptes.
957 4652 997 4702 ιιι,

740 266 1009 328 OONFESSIONUM
1037 266 1064 323 S.
1092 264 1297 325 AUGUS'l'lNl.
1865 269 1904 325 aa

1053 409 1144 465 fectus
1158 413 1235 478 sunt,
1252 423 1363 464 amores
1384 413 1465 477 sunt;
1481 406 1684 465 immunditia
1696 407 1822 481 spiritus
1834 413 1907 468 nosti

1053 497 1181 553 defluens
1198 496 1319 552 inferius
1332 512 1429 552 amore
1442 512 1591 564 curarum,
1609 502 1641 553 et
1663 497 1809 553 sanctitas
1823 497 1864 552 tui
1876 504 1907 554 at·

1054 587 1156 641 tollens
1170 601 1222 640 uos
1237 585 1368 658 superius
1382 601 1478 641 amore
1493 585 1679 657 securitatis,
1695 590 1732 641 ut
1747 601 1908 643 snraumear

1053 674 1210 730 habeamus
1222 675 1258 730 ad
1272 678 1309 740 te,
1329 673 1380 729 ubi
1394 673 1516 745 Spiritus
1536 679 1608 730 tuns
1624 674 1820 747 superfertur
1842 691 1909 747 supa

1054 779 1153 835 aquas,
1165 768 1194 818 et
1202 763 1351 818 veniamus
1361 760 1397 817 ad
1409 762 1686 834 supereminentem
1695 762 1849 836 requiem,
1860 780 1909 821 ena

1054 851 1252 922 pertransierit
1271 851 1368 907 anima
1381 856 1478 907 nustm
1499 868 1590 924 aquas
1607 868 1681 925 quie
1695 857 1771 908 suut
1784 852 1909 909 masat

1054 940 1159 996 stantia
1170 941 1253 1012 (Psoi.
1266 956 1359 1010 carui,
1373 942 1409 1012 5).

1378 1029 1493 1085 CAPUT
1508 1029 1583 1085 Vlll.

1055 1119 1232 1174 intellectuali
1256 1122 1386 1174 uectura
1400 1118 1437 1173 od
1455 1118 1562 1175 ιειιιαιιι
1586 1120 1722 1188 requiem
1745 1133 1805 1174 aaa
1826 1121 1909 1188 um

1295 1206 1432 1277 quidquid
1445 1209 1498 1262 beo
1510 1209 1607 1262 minus
1622 1211 1677 1262 est.

1091 1299 1116 1351 9.
1135 1294 1257 1351 lletluxit
1269 1295 1398 1368 angelus,
1418 1294 1537 1351 defluxit
1550 1294 1656 1350 anima
1674 1294 1824 1362 hominis,
1839 1299 1865 1351 et
1875 1296 1907 1351 ia·

1055 1383 1220 1439 dicaverunt
1233 1384 1368 1456 abyssum
1383 1383 1523 1439 universa
1538 1383 1709 1456 spiritualis
1721 1384 1732 1419 ¹
1745 1387 1908 1439 creaturan

1055 1471 1200 1544 profundo
1216 1472 1376 1542 tenebroso,
1390 1472 1445 1528 nisi
1462 1472 1582 1528 dixisses
1601 1471 1641 1527 ab
1656 1472 1761 1535 initio,
1777 1474 1841 1527 rtur
1865 1474 1908 1533 lar.

1057 1563 1085 1614 et
1099 1560 1172 1615 facta
1185 1563 1258 1616 osset
1268 1562 1325 1628 lux,
1341 1564 1369 1616 ct
1382 1561 1536 1616 inhereret
1545 1559 1601 1616 tibi
1614 1561 1721 1615 omnis
1736 1560 1908 1616 obedieusin

1054 1648 1213 1719 telligentia
1227 1648 1347 1705 caelestis
1370 1648 1491 1704 civimtis
1510 1652 1580 1711 tue,
1607 1652 1638 1703 at
1661 1648 1865 1720 requiesceret
1888 1650 1908 1703 ιι

1057 1736 1164 1807 Spiritu
1178 1742 1239 1804 tuo,
1254 1737 1305 1809 qui
1328 1737 1506 1808 superfertur
1525 1738 1826 1794 incommutabiliter
1842 1754 1908 1810 super

1057 1841 1143 1880 omne
1153 1826 1301 1881 mutabile.
1317 1825 1452 1898 Alioquin
1467 1829 1496 1882 et
1515 1825 1616 1897 ipsum
1634 1827 1754 1882 eoelum
1769 1826 1907 1882 coebteue

1056 1912 1142 1969 brusa
1168 1915 1286 1986 abyssus
1311 1917 1385 1969 esset
1404 1913 1435 1969 iu
1460 1929 1505 1980 se;
1532 1930 1615 1970 nunc
1629 1920 1741 1970 autem
1755 1916 1805 1971 lux
1832 1916 1905 1970 estis

1057 2003 1190 2059 Domino.
1207 2005 1278 2058 Nam
1293 2007 1322 2058 et
1346 2002 1376 2057 in
1398 2003 1461 2073 ipsa
1475 2003 1582 2059 misera
1602 2003 1822 2076 inquietudine
1833 2004 1905 2059 detli-

1057 2091 1168 2146 eutium
1176 2092 1329 2162 spirituum
1340 2096 1369 2146 et
1378 2091 1568 2147 iudicantium
1578 2093 1727 2148 tenebras
1732 2109 1801 2148 suaa
1808 2092 1905 2149 nudatas

1056 2183 1132 2234 reste
1151 2179 1267 2234 luminis
1280 2178 1333 2245 tui,
1349 2179 1416 2234 setis
1430 2179 1555 2235 ostendis
1575 2196 1673 2253 quam
1690 2196 1833 2253 maguam
1845 2195 1904 2235 rrae

1057 2270 1152 2322 turam
1166 2266 1335 2322 rationalem
1350 2265 1462 2336 feceris,
1482 2267 1529 2322 cui
1548 2267 1635 2323 nullo
1650 2267 1750 2323 modo
1774 2266 1902 2323 suffieital

1056 2354 1170 2410 beatam
1184 2355 1316 2427 requiem
1335 2354 1475 2427 quidquid
1495 2360 1525 2411 te
1539 2355 1642 2411 minus
1667 2360 1728 2427 est,
1743 2372 1779 2413 ac
1799 2370 1849 2429 par
1863 2355 1902 2410 bot

1057 2457 1109 2497 nec
1123 2442 1186 2513 ipsa
1196 2441 1260 2497 sibi.
1276 2443 1317 2497 fu
1333 2441 1420 2509 enim,
1436 2442 1510 2497 Deus
1523 2447 1636 2511 noster,
1649 2442 1901 2500 illuminabimur

1056 2529 1122 2585 bras
1144 2535 1256 2586 nostras
1277 2531 1363 2599 (Ptol.
1389 2546 1457 2599 rau,
1477 2529 1535 2600 ι9);
1551 2547 1588 2586 ex
1615 2536 1646 2587 te
1673 2532 1817 2588 oriuntur
1838 2530 1900 2586 ret
1941 2599 1942 2612 χ

1056 2623 1154 2674 menta
1163 2623 1273 2688 nostra,
1288 2623 1316 2674 et
1327 2618 1453 2674 tenebra
1467 2623 1573 2675 nostrae
1587 2619 1670 2676 deut
1684 2620 1828 2677 meridies
1837 2624 1900 2676 emt

1057 2708 1140 2774 (Psoi.
1165 2724 1296 2774 cxrxrm,
1325 2707 1377 2779 lt).
1401 2710 1441 2763 lta
1461 2707 1533 2763 milri
1556 2712 1599 2774 te,
1626 2709 1713 2765 Deus
1729 2707 1899 2775 memmae

1056 2798 1085 2851 te
1101 2795 1188 2850 mihi:
1204 2796 1322 2851 teenim
1342 2799 1444 2863 amo¹;
1465 2800 1494 2850 et
1507 2795 1531 2850 ai
1544 2811 1656 2867 parum
1679 2802 1735 2866 est,
1759 2812 1851 2853 amam
1862 2812 1895 2851 ri·

1055 2883 1152 2938 lidius.
1167 2885 1227 2938 Non
1249 2900 1368 2955 possum
1388 2884 1485 2939 metiri
1508 2887 1539 2939 ut
1552 2885 1648 2941 sciam
1675 2892 1825 2960 quantum
1844 2885 1897 2941 desit

1056 2972 1128 3026 mihi
1143 2973 1248 3027 amoris
1258 2973 1293 3028 ad
1307 2972 1337 3028 id
1348 2973 1423 3045 quod
1438 2977 1481 3029 sat
1496 2978 1548 3038 est,
1565 2978 1599 3029 ut
1610 2981 1722 3032 cumat
1735 2977 1796 3033 rita
1808 2974 1896 3032 maair

1056 3061 1204 3130 amplexus
1218 3065 1293 3129 tuos,
1310 3077 1360 3116 nec
1384 3065 1527 3117 avertatur
1541 3062 1641 3119 donec
1657 3061 1896 3122 abscondatur⁸ir

1057 3149 1222 3204 abscondito
1242 3150 1336 3204 vultus
1359 3150 1402 3206 tui
1429 3150 1511 3222 (Psoi.
1542 3167 1607 3220 xxx,
1636 3154 1702 3224 2ι).
1726 3156 1788 3210 lloe
1808 3156 1895 3208 ιιιιιιι

1056 3237 1123 3304 scio,
1139 3237 1206 3310 quia
1224 3238 1297 3292 male
1313 3237 1385 3292 mihi
1399 3242 1441 3293 est
1460 3241 1566 3309 prater
1580 3242 1620 3306 te,
1639 3256 1706 3297 non
1730 3242 1828 3298 solum
1838 3245 1894 3296 uri

1056 3342 1112 3394 me,
1128 3325 1176 3380 sed
1205 3329 1234 3380 et
1260 3325 1290 3379 iu
1310 3325 1432 3398 meips0;
1457 3330 1486 3382 et
1510 3327 1605 3383 omnb
1635 3329 1717 3386 milri
1739 3331 1825 3405 eopia
1842 3330 1895 3384 beu

1056 3430 1137 3469 meus
1151 3429 1210 3468 uon
1223 3415 1274 3481 est,
1286 3418 1397 3485 egestas
1411 3419 1462 3470 est.

1391 3503 1504 3559 CAPUT
1520 3504 1565 3559 lil.

1091 3592 1145 3648 Gur
1154 3592 1225 3646 solus
1235 3593 1349 3661 spiritus
1365 3595 1474 3646 aaronis
1485 3592 1894 3667 superferebatureuperaqaa.

1093 3682 1134 3734 to.
1151 3680 1294 3751 Numquid
1307 3684 1356 3734 aut
1372 3681 1455 3735 Pater
1468 3684 1517 3735 aut
1535 3679 1625 3735 l'ilius
1636 3698 1703 3738 non
1719 3683 1895 3757 superfereba

1054 3770 1103 3821 tur
1116 3783 1202 3838 super
1221 3767 1328 3838 aquas?
1341 3768 1371 3823 Si
1388 3770 1527 3839 tauquam
1542 3767 1608 3822 loco
1636 3769 1718 3826 sicut
1737 3787 1849 3844 corpus,
1860 3784 1894 3825 nst

1054 3855 1175 3926 Spiritus
1190 3860 1320 3911 sanctus:
1334 3856 1357 3910 si
1372 3861 1469 3911 autem
1483 3855 1744 3914 incommutabilis
1760 3858 1894 3916 divinitalis

1055 3944 1210 3999 eminentia
1225 3960 1312 4015 super
1324 3960 1409 3999 omne
1423 3943 1571 4012 motabile,
1588 3948 1618 4001 et
1632 3948 1725 4004 Pater
1741 3952 1775 4004 et
1790 3948 1895 4004 filiusst

1054 4031 1175 4103 Spiritus
1187 4036 1299 4086 sauctus
1311 4032 1542 4103 superferebatur
1555 4048 1650 4105 super
1660 4050 1771 4107 aquas.
1787 4036 1895 4103 cuin·

1053 4124 1164 4175 tantum
1192 4119 1227 4174 de
1240 4120 1349 4191 Spiritu
1373 4124 1423 4176 tuo
1436 4120 1543 4176 dictum
1568 4126 1613 4177 est
1639 4122 1722 4178 hocf
1747 4141 1801 4180 cnr
1820 4122 1896 4180 dritta

1053 4211 1165 4263 tantum
1178 4208 1285 4264 dietum
1300 4208 1361 4264 astt
1375 4209 1461 4274 Quasi
1475 4210 1552 4265 locus
1566 4210 1605 4265 ibi
1622 4217 1715 4279 esset,
1734 4213 1788 4286 qui
1803 4228 1857 4269 nou
1867 4214 1895 4264 est

1052 4297 1141 4364 locus,
1158 4296 1193 4352 de
1210 4313 1267 4368 quo
1281 4298 1342 4351 solo
1357 4296 1466 4352 dictum
1480 4301 1522 4353 est
1536 4298 1616 4370 quud
1630 4300 1673 4354 sit
1686 4300 1804 4357 donum
1814 4306 1892 4357 tuan.

1053 4386 1085 4440 ln
1105 4385 1181 4440 dono
1202 4389 1250 4439 tuo
1274 4384 1494 4458 requiescimus;
1510 4385 1551 4441 ibi
1565 4389 1594 4441 te
1617 4386 1771 4448 fruimur.
1791 4387 1895 4461 nequis

1053 4479 1160 4536 nostra,
1177 4475 1255 4528 locus
1269 4477 1376 4529 noster.
1392 4476 1482 4530 Amor
1494 4474 1563 4530 illuc
1577 4475 1689 4531 attollit
1710 4493 1781 4544 nos,
1806 4481 1835 4532 et
1849 4473 1895 4546 spi·

1052 4563 1123 4617 ritus
1135 4566 1201 4617 tuus
1215 4563 1308 4617 bouus
1320 4563 1425 4618 exaltat
1435 4563 1631 4618 humilitatam
1649 4569 1790 4621 nostram
1800 4565 1836 4621 de
1847 4576 1896 4636 par

1051 4652 1088 4707 tis
1103 4651 1201 4706 mortis
1214 4651 1295 4720 (Paul.
1314 4667 1352 4718 rx,
1368 4652 1421 4721 ts).
1442 4652 1475 4706 lu
1495 4652 1571 4707 bona
1582 4652 1742 4711 voluntate
1762 4670 1820 4727 pax
1832 4649 1896 4708 uotis

152 4723 256 4794 tulo).
271 4723 394 4795 Ideoque
404 4722 440 4777 ab
450 4721 532 4776 initio
543 4720 999 4794 supereminenssuperferebatur
1051 4744 1094 4794 est
1106 4738 1182 4809 (Luc,
1197 4755 1227 4807 n,
1246 4738 1297 4809 ιι),
1312 4740 1421 4810 Corpus
1433 4739 1560 4811 ponder„
1572 4754 1626 4795 suo
1639 4741 1754 4797 nititur
1768 4742 1806 4798 ,d
1819 4742 1894 4796 lm„

151 4827 238 4883 super
252 4828 349 4882 aquas.
363 4810 414 4866 Cui
429 4811 541 4866 dicam?
556 4809 700 4882 quomodo
712 4809 805 4864 dicam
817 4810 852 4865 de
868 4810 997 4880 pondere
1051 4842 1145 4881 suum,
1162 4824 1599 4881 pondusnongdimaqmyum
1618 4829 1896 4898 „ggegffllm
1935 4828 1937 4865 ;

150 4900 312 4971 cupiditatis
326 4900 357 4954 in
375 4900 527 4971 abruptam
543 4899 687 4970 abyssum,
703 4902 732 4953 et
756 4898 790 4954 de
804 4900 997 4956 sublevatione
1051 4929 1145 4971 suum,
1163 4912 1239 4983 lgnis
1250 4928 1363 4970 sursum
1376 4914 1478 4984 tendit,
1495 4915 1631 4970 dmum
1650 4916 1745 4988 lapi„
1774 4911 1896 4973 pondus.

148 4987 354 5059 charitatisper
362 4987 500 5057 Spiritum
509 4986 659 5057 tunm‚qui
670 4985 899 5058 superferebatur
913 5002 998 5057 super
1050 5003 1103 5059 bus
1116 5002 1175 5057 sui,
1184 5006 1318 5072 aguntur,
1334 5002 1397 5058 100a
1415 5020 1466 5058 ,m
1478 5007 1594 5075 petunt·
1607 5003 1718 5062 meum
1734 5006 1813 5062 insu
1823 5015 1895 5075 ,qm

149 5076 257 5151 aquas?
280 5076 333 5132 Cui
351 5074 462 5129 dicam?
485 5074 630 5146 quomodo
655 5075 761 5130 dicam:
786 5074 940 5145 llergimur
969 5079 997 5129 et
1082 5093 1145 5140 ιη,
1159 5090 1233 5149 yffi
1249 5090 1428 5151 gradium,
1453 5095 1562 5156 emp„
1585 5092 1751 5155 Amudin,
1768 5091 1895 5159 mm„

149 5167 323 5238 emergimus
335 5166 365 5219 ἰ
381 5166 477 5236 Neque
486 5165 563 5219 enim
577 5165 638 5220 loca
648 5170 713 5220 suut
724 5164 828 5237 quibus
838 5163 997 5234 mergimur
1050 5153 1204 5216 ‘Pirum'
1212 5166 1279 5224 {¹¹⁰⁰
1289 5153 1894 5229 ¹³⁰,110tintsnditssuinnssttssfflfiwffssffl

148 5259 177 5311 et
194 5255 379 5327 emergimus.
395 5252 468 5318 Quid
483 5253 604 5307 similius
620 5253 732 5325 etquid
747 5252 932 5308 dissimilius?
947 5253 995 5306 tlt-
1049 5214 1236 5265 ¹⁰¹⁸n⁰⁰¹⁰³¹¹³
1250 5228 1337 5265 ΟΜ
1351 5229 1478 5266 mmm
1488 5229 1545 5281 ¹⁹⁸⁰
1557 5217 1650 5281 ”⁸⁰¹¹
1662 5216 1821 5268 ‘mmm'
1831 5216 1893 5276 Μ

1049 5276 1129 5326 fuisse
1140 5277 1294 5328 indicatam.

178 5347 187 5379 ¹
197 5344 330 5408 Insignem
338 5342 440 5391 huncce
448 5340 721 5413 loeumredintegrant
728 5341 751 5390 bl
755 5356 776 5389 s.
785 5339 893 5389 Mutilus
899 5340 995 5402 quippe

1080 5341 1091 5374 ¹
1108 5339 1138 5387 ln
1148 5339 1209 5387 llas.
1220 5339 1301 5389 redde
1311 5337 1375 5389 rulbt
1389 5341 1426 5390 ts:
1436 5352 1469 5391 eu
1483 5350 1550 5391 osio.
1562 5338 1649 5391 -Sic
1659 5342 1745 5394 etlam
1755 5341 1814 5392 Am.
1826 5336 1891 5389 lle-et

148 5406 174 5453 ln
188 5406 289 5455 excusis
317 5408 381 5462 erat,
395 5403 518 5452 detractis
534 5403 621 5451 verbis
642 5408 707 5460 istis,
736 5405 872 5464 matrasta
892 5407 994 5450 nourr.

177 5468 265 5517 ’blas
284 5480 338 5516 non
358 5466 457 5516 habeut
470 5464 520 5513 boc
542 5465 609 5522 loco,
624 5469 771 5526 merqtmur
783 5468 809 5514 et
827 5465 993 5526 emergimus.

147 5552 177 5564 -
192 5529 291 5579 Desunt
303 5529 402 5579 caedem
416 5540 494 5577 uoces
506 5527 576 5591 apud
591 5527 690 5580 Somm.
703 5530 729 5576 et
743 5526 811 5576 Flor.
830 5526 862 5574 ll.

1049 5401 1129 5450 editio
1141 5400 1302 5452 Florentiae.
1351 5402 1386 5451 u.

1080 5465 1090 5497 ³
1104 5463 1180 5517 bor..
1194 5462 1277 5513 urnae
1285 5463 1442 5514 obreorsder.
1459 5462 1508 5514 Sed
1519 5463 1610 5514 verius
1621 5465 1758 5520 mitione·
1771 5463 1828 5516 alte
1839 5470 1887 5511 enm

1048 5526 1120 5586 blas,
1138 5524 1332 5578 abscondatur.
1348 5525 1530 5589 Subintelligc,
1545 5527 1601 5575 vita
1614 5540 1687 5579 mea.
