3884 6112
152 297 202 348 sit
761 281 896 338 vll'u'S.
921 274 1114 335 AUGUSTlNl
1134 270 1302 329 EPlSCOPl.
1858 267 1901 320 itt

150 432 184 470 eo
195 412 273 485 quod
287 414 353 483 post
364 425 457 463 sacros
472 408 536 461 illos
549 407 610 461 dies
621 403 715 461 statim
731 421 791 457 sese
800 401 995 457 contulitCar-

149 501 307 571 thagiuem,
324 497 399 553 unde
423 496 538 552 nonnisi
557 495 648 549 tribus
672 492 818 548 mensibus
837 490 942 545 exactis
964 489 999 544 ad

150 606 216 644 suos
231 588 333 643 reverti
349 587 504 659 permissus
519 588 569 639 est.
581 583 656 648 Quin
667 587 761 637 autem
778 597 811 635 eo
825 579 999 651 gravissimis

149 678 273 750 negotiis
288 681 447 749 pertractus
456 675 502 743 sit,
515 672 586 727 nulli
601 672 806 742 ambigendum
818 687 824 736 ;
837 667 948 723 tametsi
964 667 998 721 de

149 769 195 823 his
208 767 281 822 nihil
297 770 474 837 compertum
489 763 638 824 habeatur,
660 759 715 814 nisi
730 759 807 830 quod
824 758 884 829 ipse
897 756 999 811 litteris

149 855 282 928 prodidit,
298 854 338 909 ibi
350 871 378 908 se
398 852 625 922 occupationum,
643 864 707 920 quea
726 847 779 901 sibi
803 847 833 901 in
852 846 905 899 hac
927 844 998 898 urbe

148 961 298 1016 nunquam
309 943 435 1008 deerant,
450 938 635 994 multitudine
649 936 810 991 districtum
821 934 891 989 adeo
901 932 996 998 luisse,

151 1038 183 1088 ut
193 1034 227 1088 ad
239 1033 404 1087 dictandum
416 1028 563 1101 quidpiam
577 1025 669 1082 otium
682 1024 800 1079 omrrino
812 1023 923 1077 nullum
934 1038 999 1091 sup

150 1122 267 1190 peteret.
277 1119 434 1173 Heversum
445 1114 523 1181 inde,
533 1112 655 1183 negotiis
668 1126 732 1182 quae
744 1109 834 1180 magis
845 1107 996 1179 urgebant,

149 1207 285 1261 nimirum
308 1205 432 1277 propriae
454 1203 618 1266 dioeceseos,
644 1205 770 1254 mentem
797 1196 920 1268 adjicere
946 1210 999 1265 per

150 1294 210 1350 dies
225 1293 388 1366 quindecim
404 1292 548 1364 oportuit:
566 1289 669 1361 quibus
684 1286 791 1359 peracti
804 1284 933 1340 nonnihil
948 1283 998 1337 otii

147 1387 257 1451 nactus,
273 1382 334 1437 sine
344 1380 471 1436 moraad
486 1377 714 1433 satisfaciendum
727 1373 848 1429 Dulcitio
858 1372 995 1427 incubuit.

152 1473 277 1541 Hogatus
291 1470 326 1524 ab
341 1486 375 1523 eo
389 1470 480 1523 iuerat
491 1469 643 1537 superocto
654 1461 860 1535 quaestionibus
871 1459 997 1530 Scriptu-

149 1573 189 1611 ras
204 1573 254 1612 seu
270 1556 465 1611 ecclesiasticae
482 1555 638 1619 doctrinm3
655 1568 725 1623 quas
740 1565 849 1615 omnes,
871 1548 894 1602 si
913 1547 998 1618 quin-

148 1650 206 1699 tam
222 1645 377 1715 exceperis,
390 1644 420 1699 in
430 1643 515 1697 variis
531 1657 650 1713 operum
661 1655 778 1693 suorum
793 1637 863 1692 locis
877 1635 998 1706 explica·

148 1738 200 1787 rat.
211 1732 390 1803 Quapropter
404 1747 469 1802 qnae
480 1730 542 1800 jam
554 1729 588 1782 de
600 1731 709 1799 septem
720 1726 784 1779 aliis
794 1725 997 1794 disputaverat,

148 1820 216 1875 sdtis
230 1820 331 1874 habuit
344 1834 507 1889 excerpere,
521 1833 578 1888 quo
593 1816 679 1870 simul
694 1819 722 1869 et
737 1812 852 1868 llulcitii
866 1817 925 1866 tam
939 1813 999 1865 lau-

87 1902 101 1925 *
149 1909 242 1964 dabile
259 1908 432 1965 desiderium
448 1908 585 1978 expleret,
606 1910 680 1961 etse
699 1904 797 1959 labore
817 1902 950 1957 liberaret
963 1902 998 1955 de

147 1999 258 2069 integro
274 1998 373 2053 eadem
387 1995 541 2052 recudendi
554 2015 562 2063 ;
577 2011 642 2066 queo
657 2008 789 2057 sanares,
805 2006 870 2045 cum
884 2005 998 2061 permo-

147 2087 217 2141 leste
230 2087 295 2156 sibi,
308 2092 369 2142 tum
382 2086 492 2142 inutilis
506 2084 626 2140 Dulcitio
635 2087 696 2137 erat
711 2081 816 2136 lutura.
830 2081 886 2135 Hoc
901 2082 998 2134 autem

147 2176 177 2229 in
206 2174 309 2246 scripto
339 2173 487 2229 historiam
515 2172 669 2226 admodum
697 2171 872 2240 singularem
900 2168 996 2234 refert,

147 2256 997 2334 quamipsiusmetverbissubjiciemus.Ditemquodsuctam

146 2355 195 2413 est,
210 2350 314 2422 inquit,
337 2353 366 2404 in
388 2351 559 2406 Hateritnuiu
577 2349 711 2414 sitifensi.
735 2348 827 2415 Neque
841 2348 912 2399 enim
928 2348 998 2399 Deus

147 2441 302 2493 sanctorum
316 2440 441 2506 Petrum,
456 2453 508 2492 non
523 2440 581 2506 ipse
591 2440 630 2491 est
648 2438 730 2490 etiam
744 2437 813 2489 beas
827 2439 926 2489 noster.
946 2435 998 2488 Vi-

148 2526 230 2581 duam
247 2529 277 2581 in
292 2529 431 2597 proposito
454 2527 624 2582 sustinentia
643 2525 816 2579 coustitutum
839 2523 997 2579 celticchius

147 2615 259 2683 quidam
270 2614 697 2683 catechumenusjuucnisropuit,
713 2616 745 2665 ut
758 2611 866 2665 inbuet
874 2625 995 2664 uxorem.

147 2703 301 2774 Antequam
320 2702 530 2768 concumberent,
548 2717 657 2772 pressus
679 2716 770 2755 somno
786 2702 937 2754 atterritus
956 2715 998 2753 so·

146 2795 228 2861 mnu,
242 2793 369 2859 sitifensi
381 2795 504 2861 episcopo
522 2792 643 2846 eandm
660 2790 889 2845 vehementissime
906 2790 997 2856 requi-

146 2883 225 2948 renti,
234 2882 513 2936 reuocauitintactam.
528 2880 727 2936 Vieuntadhuc
738 2879 770 2933 de
780 2878 878 2947 peribus
891 2878 993 2946 loquor.

146 2971 193 3025 ltle
205 2971 370 3040 baptizatas,
387 2974 411 3024 et
424 2973 483 3040 ipso
497 2972 526 3024 in
535 2986 563 3025 se
572 2973 646 3038 sacto
657 2969 789 3024 miraculo
804 2981 945 3023 conarersus
958 2966 996 3021 aet

66 3074 68 3078 ⁴
148 3059 297 3121 maiarum,
309 3057 346 3110 od
356 3060 538 3126 episcopatum
552 3056 701 3111 verenabili
712 3056 849 3125 probitate
862 3056 993 3124 peruenit,

146 3144 196 3197 ille
208 3146 239 3197 in
254 3151 349 3198 saricta
362 3144 627 3213 uiduitatepersistit
635 3143 745 3213 (Deocto
758 3143 870 3197 llatcitii
881 3142 992 3208 Queat,

67 3257 72 3267 =
148 3235 242 3300 quaest.
258 3236 284 3298 7,
301 3248 328 3287 n.
346 3235 384 3300 3).
405 3233 436 3286 ln
451 3231 681 3303 carthaginensis
696 3231 807 3285 concilii
823 3229 941 3301 epistola
959 3231 994 3285 ad

148 3319 332 3374 Caelestinum
341 3319 508 3375 undecimus
518 3320 593 3374 inter
607 3319 752 3390 episcopos
762 3318 931 3373 Celticcbius
942 3335 994 3374 uo·

148 3406 283 3463 minatur.
301 3406 389 3477 Hujus
402 3405 468 3461 libri
481 3410 629 3461 contextus
644 3405 734 3473 docet,
751 3405 925 3461 dominicum
940 3408 994 3462 Pa-

146 3493 250 3549 schatis
263 3493 340 3550 diem
355 3493 410 3548 boc
425 3508 500 3547 anno
524 3492 656 3547 incidisse
677 3490 706 3545 in
727 3491 844 3546 tertium
859 3492 995 3548 kalendas

145 3583 269 3653 apriles:
287 3583 362 3655 quod
377 3599 429 3654 per
449 3581 632 3653 epicopatum
645 3578 797 3651 Augustini
812 3580 894 3635 annis
909 3597 994 3653 supra

145 3669 461 3740 quadringentesimum
477 3670 587 3724 decimo
605 3686 681 3725 nono
697 3670 790 3725 solum
806 3674 833 3724 et
848 3670 993 3741 trigesimo

144 3757 273 3828 contigit.
285 3758 369 3828 Atqui
386 3759 421 3813 de
432 3759 533 3813 ultimo
544 3759 597 3812 hoc
610 3758 638 3813 id
649 3758 745 3812 nullus
761 3758 912 3829 intelligat,
928 3776 993 3814 cum

144 3845 284 3900 secundus
295 3846 536 3901 Hetractationum
546 3847 728 3917 libanusque
740 3848 839 3901 eadem
847 3848 908 3902 heac
918 3865 993 3903 com-

144 3933 281 3988 mentatio
292 3939 466 4001 recensetur,
477 3951 511 3989 eo
522 3950 613 4001 usquc
623 3951 682 3989 non
693 3936 847 4000 perveniat.
859 3937 993 4007 Superest

143 4021 233 4091 igitur
246 4026 277 4077 ut
287 4021 358 4077 illud
367 4038 444 4077 enno
458 4021 992 4095 quadringentesimodecimononotri-

141 4111 273 4179 buamus,
284 4127 341 4184 quo
350 4128 424 4166 anno
433 4112 611 4166 mensemaio
619 4116 745 4166 vertente
755 4112 992 4183 Cartbagineerat

141 4206 255 4256 sanctus
268 4202 384 4256 Praesul.
401 4203 505 4257 Verum
521 4201 676 4272 quominus
691 4201 948 4272 opinionemhanc,
959 4203 991 4256 li-

142 4295 187 4345 cet
204 4291 316 4345 ratione
330 4295 387 4345 tam
404 4290 549 4361 plausibili
573 4289 685 4358 fultam,
707 4289 902 4357 admittamus,
924 4291 991 4345 lacit

141 4378 324 4435 Encbiridion
343 4380 374 4435 in
391 4380 446 4435 hoc
464 4380 565 4434 eodem
580 4384 699 4434 tractatu
719 4379 873 4450 allegatum
895 4379 988 4449 (loen,

140 4473 235 4536 quast.
254 4472 278 4531 t,
293 4485 321 4522 n.
340 4469 382 4536 10,
397 4475 422 4523 et
437 4474 531 4538 quaest.
548 4472 575 4534 i,
591 4484 618 4523 n.
639 4471 675 4537 tl,
692 4469 770 4540 quod
794 4474 859 4522 ante
881 4484 989 4523 aunum

140 4556 456 4628 quadringentesimum
472 4557 642 4629 vigesimum
657 4557 795 4628 primum,
811 4561 918 4628 quanto
930 4556 989 4611 illic

140 4643 328 4715 Hieronymus
358 4653 463 4701 sanctie
487 4646 634 4701 memoriae
650 4645 800 4710 vocitatur,
826 4645 910 4700 scribi
930 4662 988 4701 non

139 4732 241 4801 potuit.
268 4734 406 4789 Eumdem
430 4736 507 4790 enim
529 4735 735 4805 Hieronymum
759 4733 845 4788 tradit
867 4736 989 4806 Prosper

137 4835 213 4874 anno
227 4825 336 4876 tantum
357 4823 639 4894 quadringentesimo
662 4822 800 4894 vigesimo
821 4822 913 4894 pridie
933 4825 987 4878 ha-

137 4910 236 4965 lendes
256 4910 379 4965 octobris
403 4911 517 4979 obiisse,
544 4928 631 4984 quem
653 4916 682 4966 ct
700 4911 877 4983 Augustinus
895 4912 986 4967 adhuc

136 5015 233 5055 mense
249 4999 402 5069 septembri
413 5000 481 5054 anni
491 5001 767 5073 quadringentesimi
780 5000 884 5055 decimi
895 5001 985 5055 octavi

135 5088 166 5144 in
178 5088 247 5144 rivis
258 5103 343 5159 agere
356 5089 491 5157 ponebat,
504 5094 531 5143 et
544 5107 596 5144 nos
608 5090 694 5145 etiam
705 5107 780 5145 anuo
792 5088 985 5162 quadringen-

133 5177 236 5232 tesimo
257 5176 368 5233 decimo
381 5177 622 5248 nonofepistolam
645 5178 680 5233 ad
695 5179 829 5234 eumdem
848 5177 983 5250 Augusti-

134 5282 206 5321 num
222 5265 334 5322 misisse
353 5264 541 5321 ostendimus.
561 5267 717 5328 Fatendum
733 5272 831 5322 tamen
845 5272 888 5322 est
903 5282 983 5321 men-

133 5353 203 5410 dum
218 5355 249 5411 in
263 5353 416 5427 Augustini
435 5358 598 5408 contextum
613 5355 770 5427 irrepsisse,
786 5373 819 5411 ac
832 5372 885 5428 pro
899 5355 982 5411 tertio

132 5439 268 5498 kalendas
282 5445 380 5516 aprilis
397 5442 594 5515 reponendum
608 5458 668 5497 esse
683 5444 725 5498 vel
743 5443 865 5515 septimo
881 5442 980 5498 kalen-

132 5529 181 5584 das
192 5533 299 5603 aprilis,
317 5550 374 5606 quo
389 5533 435 5589 die
449 5531 556 5589 Pascha
574 5532 630 5588 hoc
642 5546 719 5589 anno
731 5531 981 5605 quadringentesi-

1058 413 1104 450 mo
1120 392 1256 465 vigesimo
1272 390 1395 445 secundo
1409 391 1559 454 evenerat3
1576 387 1620 441 vel
1641 386 1755 441 decimo
1771 383 1901 439 kalendas

1055 484 1165 555 aprilis,
1176 498 1232 554 quo
1248 480 1295 535 die
1306 479 1461 534 Bucherius
1471 477 1573 532 asserit
1586 474 1673 530 fuisse
1683 490 1763 528 anno
1778 472 1903 546 quadrin-

1054 571 1212 644 gentesimo
1234 567 1374 640 vigesimo
1394 566 1495 638 quinto
1515 564 1690 619 celebratum
1705 577 1724 615 a
1738 560 1904 634 quibusdan

1055 660 1233 725 latinorum,
1265 656 1347 729 queis
1374 656 1588 727 Hipponensem
1612 649 1767 706 Ecclesiam
1793 649 1904 723 adjungi

1053 753 1184 820 oportere
1199 746 1354 802 verisimile
1369 749 1421 799 est.

1392 832 1505 890 CAPUT
1521 832 1565 887 lv.

1055 930 1065 981 t
1089 929 1173 983 Curat
1194 926 1377 994 Augustinus,
1400 929 1430 977 ut
1453 923 1593 991 episcopus
1616 919 1740 974 Eussolae
1770 916 1905 972 ordinetur

1089 1017 1235 1071 Antonius.
1251 1017 1267 1069 2
1283 1012 1412 1083 Ejusdem
1425 1011 1549 1066 Ecclesiae
1564 1008 1837 1063 administrationem
1851 1006 1903 1060 adr·

1087 1119 1158 1158 mere
1171 1104 1215 1157 illi
1226 1103 1340 1169 copitar.
1358 1103 1373 1154 3
1385 1102 1407 1154 A
1413 1102 1521 1153 antonius
1538 1097 1675 1155 Nuniidiae
1688 1097 1813 1167 primati
1826 1098 1851 1149 et
1863 1097 1904 1150 llo

1088 1193 1189 1258 rtisncio
1202 1205 1282 1260 pape
1294 1192 1388 1257 sucum
1402 1190 1481 1256 fucit,
1494 1193 1525 1242 ut
1538 1190 1567 1241 in
1579 1189 1718 1255 integrum
1733 1187 1901 1240 restituatis.

1087 1282 1291 1337 lcoelestinum
1311 1279 1432 1333 obsecrat
1450 1279 1633 1346 Augustinus,
1653 1281 1686 1331 ut
1706 1276 1903 1330 sententiandi

1088 1369 1165 1422 illuni
1189 1370 1273 1423 lutam
1292 1370 1383 1434 ninere
1401 1369 1484 1428 sinet,
1510 1380 1543 1420 ac
1559 1380 1647 1420 secum
1668 1379 1723 1434 pro
1743 1364 1904 1419 Rauennate

1088 1456 1447 1526 Ecclesiaepececottnboret.
1464 1458 1479 1509 5
1496 1452 1754 1524 Alioquinsanctus
1769 1452 1831 1519 Vir,
1842 1452 1904 1523 prend

1087 1546 1161 1600 iltius
1177 1545 1346 1600 ordinationi
1365 1560 1414 1614 perr
1428 1542 1641 1612 imprudentium
1661 1541 1839 1611 setffruputua
1861 1544 1902 1609 sit,

1085 1637 1229 1705 proprium
1244 1634 1406 1702 dignitatem
1419 1647 1515 1686 cancre
1529 1633 1639 1699 copitat.

1092 1727 1115 1777 t.
1133 1723 1271 1777 llaronius
1283 1738 1359 1776 anno
1374 1719 1659 1792 quadringentesimo
1671 1719 1902 1790 vigesimatertia

1056 1817 1178 1866 mortem
1204 1811 1341 1866 bonifacii
1355 1826 1437 1882 papus
1453 1814 1551 1864 octavo
1576 1807 1718 1864 kalendas
1733 1807 1901 1873 novembris,

1054 1901 1198 1956 Caelestini
1213 1917 1279 1956 vero
1303 1900 1364 1970 ejus
1387 1898 1557 1953 sirccessoris
1573 1897 1746 1953 electionem
1762 1897 1847 1952 tertio
1860 1896 1903 1952 no-

1054 2006 1104 2044 nas
1116 1989 1279 2045 novembris
1294 1988 1384 2060 ponit.
1401 1987 1455 2043 Sed
1470 1987 1556 2058 hujus
1573 1986 1614 2041 rei
1629 1985 1788 2042 veritatmn
1808 2002 1901 2059 cogno

1053 2094 1130 2132 scere
1144 2078 1223 2133 baud
1237 2078 1268 2132 in
1277 2080 1411 2148 promptu
1428 2081 1487 2131 est:
1505 2092 1556 2131 nec
1569 2074 1668 2131 minus
1684 2076 1791 2130 saltem
1803 2075 1902 2131 ridetur

1052 2167 1212 2239 probabile,
1228 2167 1280 2221 sub
1295 2167 1383 2220 tinem
1398 2165 1466 2220 anui
1481 2163 1764 2237 quadringentesimi
1782 2164 1900 2238 vigesimi

1053 2257 1170 2312 secundi
1185 2256 1302 2311 desiisse
1316 2255 1411 2310 virere
1426 2254 1614 2322 Honilacium,
1631 2254 1825 2311 Coelestinum
1844 2254 1899 2311 reio

1051 2346 1082 2400 in
1096 2346 1157 2416 eJus
1172 2346 1267 2399 locum
1281 2360 1357 2398 anuo
1368 2343 1651 2415 quadringentesimo
1666 2343 1899 2415 vigesimatertia

1052 2434 1201 2488 suffectum
1221 2449 1293 2488 esse.
1312 2434 1344 2487 Et
1366 2433 1426 2487 brec
1447 2432 1565 2504 quidem
1576 2447 1669 2488 'cansa
1690 2437 1748 2500 est,
1769 2448 1822 2489 cur
1833 2449 1898 2488 anno

1052 2539 1138 2594 supra
1153 2522 1467 2594 quadringentesimum
1482 2520 1620 2593 vigesimo
1640 2522 1771 2577 secundo
1784 2521 1898 2578 historie

1051 2612 1169 2667 Antonii
1184 2611 1366 2678 l‘ussalensis,
1387 2626 1444 2682 qua
1464 2625 1522 2664 nou
1544 2609 1626 2665 tacite
1643 2609 1735 2664 eliam
1750 2612 1897 2675 memoratu

1051 2701 1213 2771 digniorem
1235 2701 1266 2754 iu
1282 2699 1435 2770 Augustini
1453 2698 1510 2752 rita
1533 2697 1670 2769 reperias,
1689 2697 1809 2753 exordia
1821 2697 1897 2752 collo·

1052 2806 1157 2844 cemus.
1175 2789 1288 2844 Fussala
1302 2788 1450 2843 castellum
1462 2791 1512 2842 s'en
1532 2787 1672 2858 oppidum
1694 2792 1762 2842 erat
1778 2787 1810 2842 in
1822 2786 1897 2840 conli-

1051 2881 1099 2935 nio
1115 2879 1305 2951 Hipponensis
1319 2877 1457 2934 territorii
1471 2878 1598 2949 positum
1614 2878 1723 2948 (Epist.
1741 2880 1804 2946 209,
1820 2894 1849 2934 n.
1865 2878 1897 2945 ti,

1052 2972 1136 3040 atque
1151 2969 1262 3039 abipsa
1278 2968 1407 3039 Hippone
1427 2966 1618 3039 quadraginta
1633 2966 1776 3034 millibus,
1795 2966 1846 3021 hoc
1857 2969 1898 3020 est

1050 3057 1139 3112 leucis
1163 3056 1317 3126 sexdecim,
1341 3055 1467 3123 distans;
1491 3055 1567 3128 quod
1587 3060 1685 3111 tamen
1715 3053 1895 3129 Hipponensis

1047 3147 1200 3202 dioeceseos
1215 3146 1321 3201 tinibus
1337 3145 1644 3217 comprehendebatur,
1660 3145 1779 3201 eumad
1806 3146 1895 3215 Augu·

1048 3234 1116 3289 stini
1131 3237 1260 3306 tempora
1272 3234 1422 3305 proprium
1436 3234 1601 3305 episcopum
1622 3249 1767 3306 nunquan
1790 3231 1896 3305 habuis

1048 3325 1099 3376 set.
1117 3320 1227 3376 Litteris
1241 3320 1417 3393 consignarit
1432 3321 1541 3392 aliquot
1555 3320 1701 3375 miracula.
1723 3336 1791 3391 quie
1805 3320 1859 3374 hoe
1871 3316 1897 3373 in

1048 3410 1120 3474 loeo,
1134 3410 1204 3464 dum
1220 3410 1300 3464 illum
1320 3410 1394 3466 idem
1410 3409 1593 3481 gubernaret,
1616 3410 1644 3463 et
1670 3412 1739 3479 post
1761 3405 1897 3465 Maximini

1048 3497 1197 3553 Sinitensis
1212 3498 1437 3567 conversionem,
1452 3497 1481 3551 id
1495 3502 1546 3559 est,
1560 3499 1750 3568 postlannum
1769 3494 1896 3569 quadrin-

1048 3586 1239 3658 gentesimum
1250 3585 1522 3658 quintum,erenere
1537 3588 1583 3655 (lle
1596 3586 1713 3642 Ciuitate
1725 3587 1785 3653 ilci,
1800 3585 1846 3641 nt.
1857 3585 1895 3651 it,

1047 3690 1108 3745 cap.
1120 3677 1146 3743 8,
1163 3691 1190 3729 n.
1202 3678 1237 3744 b).
1251 3676 1316 3729 Erat
1327 3676 1447 3730 Fussala
1463 3674 1588 3745 locisque
1603 3672 1739 3729 finitimis
1751 3687 1895 3730 numerose

1047 3765 1143 3834 plebs;
1156 3764 1205 3818 sed
1220 3780 1253 3817 ea
1268 3764 1362 3818 omnis
1378 3763 1539 3818 miserrimo
1554 3779 1622 3817 casu
1641 3762 1672 3817 in
1685 3762 1814 3818 schisma
1832 3778 1895 3835 pre·

1047 3868 1112 3923 ceps
1126 3851 1198 3907 ierat
1211 3854 1312 3922 (Epist.
1332 3855 1396 3922 ius,
1411 3869 1438 3907 n.
1459 3852 1495 3923 t).
1516 3852 1672 3907 Hestabant
1685 3851 1785 3908 solum
1799 3851 1895 3923 ineius

1047 3957 1116 4012 agro
1130 3940 1212 4011 pauci
1228 3940 1365 3995 Catholici
1383 3957 1389 4008 ;
1406 3944 1435 3995 at
1455 3941 1484 3995 in
1503 3940 1608 4011 oppido
1629 3956 1666 3994 ne
1681 3956 1760 3996 nnus
1769 3941 1892 4013 quidem.

1046 4029 1134 4083 Primi
1150 4029 1390 4100 presbyterorum,
1405 4046 1476 4100 quos
1490 4029 1599 4084 ibidem
1608 4027 1789 4100 Augustinus
1801 4026 1894 4084 consti·

1045 4117 1110 4184 tuit,
1126 4117 1250 4189 spoliati,
1277 4118 1352 4185 cresi,
1374 4117 1527 4184 debilitati,
1549 4116 1693 4184 excaecati,
1716 4117 1894 4190 etqueetian

1045 4205 1178 4261 trucidati
1197 4197 1264 4260 sunt
1280 4223 1286 4260 :
1303 4222 1403 4260 rorum
1418 4206 1534 4261 inutiles
1549 4222 1581 4260 ac
1596 4205 1709 4261 steriles
1726 4204 1894 4262 eorum'cru·

1045 4293 1134 4348 cianus
1149 4310 1205 4348 non
1216 4294 1294 4348 fuere
1309 4311 1316 4361 ;
1330 4298 1359 4348 et
1375 4300 1442 4366 post
1453 4294 1580 4350 infinitos
1594 4294 1710 4350 labores
1725 4312 1759 4349 ac
1772 4293 1895 4367 pericula

1044 4381 1160 4434 taudem
1183 4381 1337 4451 aliquando
1351 4381 1446 4437 divina
1460 4382 1604 4454 aspirante
1625 4383 1784 4438 clementia
1808 4382 1894 4439 nullus

1043 4466 1120 4522 illius
1135 4468 1348 4540 regionislocus
1359 4487 1424 4525 cum
1438 4471 1560 4526 Ecclesia
1574 4471 1604 4525 in
1616 4487 1721 4542 pacem
1730 4488 1792 4527 non
1806 4469 1892 4534 rediit,

1046 4573 1077 4611 ac
1091 4557 1182 4628 pauci,
1199 4558 1249 4630 qui
1261 4566 1461 4615 remanserunt
1474 4560 1641 4629 Donatista,
1657 4576 1720 4615 non
1730 4561 1795 4633 jam
1809 4560 1890 4616 dere·

1043 4646 1142 4701 randis
1165 4647 1239 4715 aliis,
1260 4647 1308 4703 sed
1328 4647 1363 4703 de
1384 4649 1558 4704 occultandis
1582 4665 1612 4703 se
1636 4648 1708 4721 ipsis
1723 4649 1889 4722 cogitabant

1042 4732 1161 4789 Sanetus
1177 4734 1366 4805 Hipponensis
1381 4735 1514 4802 Antistes,
1535 4735 1585 4807 qui
1601 4736 1756 4792 timoribus
1771 4753 1805 4793 ac
1820 4736 1889 4793 dolo·

1042 4822 1121 4877 ribus
1136 4823 1194 4878 suis
1208 4824 1280 4879 alios
1303 4824 1487 4894 parturierat,
1508 4826 1560 4883 hos
1574 4841 1691 4897 quoque
1708 4825 1824 4883 Christo
1840 4828 1885 4882 uo·

1041 4912 1119 4967 mino
1131 4912 1235 4967 lucrari
1248 4913 1381 4985 cupiebat
1405 4913 1502 4985 (laid,
1525 4930 1556 4971 u.
1575 4915 1614 4986 l).
1631 4915 1728 4980 Quare
1742 4931 1811 4972 cnm
1831 4929 1886 4989 pre

1040 5005 1103 5073 pter
1120 5001 1170 5057 loci
1196 5002 1438 5075 longinquitatem
1459 5019 1488 5058 se
1510 5007 1623 5059 tantum
1637 5020 1726 5073 curae,
1750 5010 1883 5078 quantun
1936 5056 1938 5079 ἶ

1040 5090 1198 5161 oportebat,
1214 5091 1281 5146 huic
1296 5091 1337 5146 rei
1351 5091 1518 5163 impendere
1533 5109 1592 5148 non
1606 5109 1693 5165 posse
1711 5093 1883 5166 intelligeret.
1934 5086 1938 5155 i

1039 5269 1131 5320 secata
1144 5265 1204 5320 ibat
1212 5265 1410 5337 imminutum,
1422 5269 1534 5324 ratione
1544 5268 1653 5337 habita,
1665 5270 1769 5327 statuit
1780 5281 1883 5344 operam
1936 5338 1938 5345 Ι

1038 5354 1114 5422 dere,
1136 5358 1169 5411 ut
1194 5355 1235 5411 ibi
1258 5357 1479 5413 constitueretur
1503 5359 1654 5431 episcopus
1678 5360 1775 5429 (ibid,
1799 5376 1827 5415 n.
1853 5354 1882 5427 t).
1934 5348 1938 5432 ἶ

1036 5442 1172 5507 Quaesivit
1184 5461 1253 5517 ergo
1269 5445 1394 5518 aliquem
1418 5463 1477 5501 non
1494 5446 1634 5518 imparem
1655 5445 1682 5502 ei
1706 5445 1834 5514 muneri,
1847 5437 1883 5499 cui
1934 5444 1938 5517 ξ

1037 5530 1123 5589 etiam
1132 5534 1264 5592 obeundo
1276 5535 1434 5593 necessaria
1445 5535 1502 5593 sive
1514 5533 1706 5592 conducibilis
1715 5536 1883 5606 crailiugae
1936 5522 1938 5527 ’
