3884 6112
133 199 182 282 ue
733 224 813 278 viru
841 222 873 277 s.
898 217 1084 276 incusum
1113 214 1280 272 nrrscoer.
1833 207 1881 260 ιιι

131 347 221 404 rubor
234 346 365 413 vitaliter,
379 359 482 414 puae-us
495 345 562 415 quid
572 346 739 409 multassem,
755 350 780 400 et
792 340 983 412 iqrcarusquid
1037 341 1082 393 cui
1102 339 1173 405 sorte
1195 337 1393 406 supervenerat,
1410 332 1562 387 admonitus
1576 329 1661 396 fuerit
1682 330 1814 397 tanquam
1834 325 1887 380 sibi

131 437 194 493 bont
203 441 266 509 post
278 436 421 506 paululum
434 437 547 504 futurus
562 450 653 491 essem.
673 436 800 492 Abscessi
810 450 872 502 erpa
883 436 911 488 in
920 434 981 487 bor·
1037 427 1171 482 diceretur
1180 425 1252 495 quod
1260 423 1431 492 teqebatur,«
1444 419 1527 487 Vade,
1536 417 1620 473 vende
1628 418 1718 472 arania
1727 431 1787 484 que
1796 414 1885 482 labes,

134 530 200 595 tum,
216 531 242 581 et
256 527 374 596 Alypius
387 524 455 595 pede
466 529 528 595 post
540 525 645 595 pedem.
664 527 756 594 Neque
770 527 840 579 enim
854 527 983 578 secretean
1036 516 1104 571 eido
1114 514 1296 585 pauperibus3
1308 520 1333 566 ιι
1347 511 1457 565 babebis
1473 510 1628 564 tnesaurum
1647 508 1677 560 ia
1687 505 1758 560 caelis
1768 520 1775 559 ι
1784 506 1886 571 eterni,

132 631 219 671 meum
241 630 294 670 nore
317 618 386 683 erat,
410 614 458 668 ubi
480 615 526 669 ille
548 614 645 669 ader-ot
666 631 672 667 :
694 619 742 668 aut
762 612 870 682 quando
890 613 983 664 mesic
1036 619 1145 676 sequere
1165 618 1233 657 me·
1259 603 1364 674 (blatto.
1388 616 1444 666 xix,
1466 599 1525 668 tt};
1554 598 1644 652 ettali
1662 595 1770 651 oraculo
1795 594 1888 660 conse-

134 701 260 772 offeetum
279 702 434 758 desereret?
447 702 571 758 sedimus
586 707 719 772 quantum
738 702 875 771 potuimus
890 700 985 753 remoti
1037 697 1101 749 stim
1115 693 1152 748 od
1167 697 1191 748 te
1205 706 1260 747 esse
1274 704 1437 745 conversum.
1455 690 1550 758 ltaque
1562 688 1680 741 concitus
1693 683 1767 738 redii
1779 682 1817 737 ad
1830 697 1889 736 eum

136 791 171 845 ab
184 790 298 846 edibus.
315 793 370 859 Epo
388 790 535 859 fremebam
552 792 663 859 spiritu,
679 788 826 858 irediqnous
841 787 984 843 turbulen-
1038 783 1132 851 locum,
1145 782 1192 836 ubi
1205 780 1313 836 sedebat
1326 779 1445 848 Alypius
1460 793 1467 831 :
1483 776 1524 831 ibi
1536 777 1606 831 enim
1617 788 1760 844 posueram
1775 771 1889 826 codicem

136 881 245 935 tissima
259 879 458 949 inliteratum,
473 878 546 948 quod
560 893 613 932 non
627 880 693 932 irem
708 881 736 930 in
749 879 881 948 placitum
895 881 919 930 et
931 891 983 946 pa·
1037 873 1172 943 Apostoli,
1188 886 1248 927 cum
1261 869 1324 925 inde
1336 882 1518 924 surrexeram.
1535 865 1665 935 Arripui,
1680 863 1787 934 operui,
1799 866 1824 916 ιι
1838 862 1891 928 topi

133 972 205 1023 ctum
227 972 321 1034 tecum,
343 970 412 1022 Deus
435 981 518 1032 meus,
543 968 573 1021 iu
593 965 666 1034 quad
689 966 806 1021 erendum
824 980 880 1020 esse
895 966 985 1019 averita
1038 963 1067 1016 in
1081 963 1188 1016 silentio
1208 959 1369 1030 capitulum,
1397 972 1449 1028 quo
1466 957 1587 1027 primum
1606 953 1720 1023 eoeejeeti
1739 952 1892 1006 suntoculi

77 1086 79 1090 ν
133 1071 193 1111 assa
207 1071 266 1110 mea
276 1055 439 1121 clamabant,
452 1058 478 1108 et
488 1056 515 1108 in
530 1056 623 1109 calum
636 1055 763 1109 tollebant
778 1054 939 1108 laredtbus...
955 1055 985 1109 Si
1038 1053 1090 1105 snei
1107 1068 1113 1105 :
1140 1072 1150 1100 ι
1174 1052 1233 1107 Νοιι
1248 1051 1278 1103 in
1301 1045 1536 1103 comessationibus
1555 1049 1580 1098 et
1594 1040 1779 1107 ebrietatibus,
1795 1054 1848 1094 non
1861 1041 1891 1092 in

133 1145 206 1199 vulsi
228 1144 369 1214 capillum,
384 1145 409 1198 si
423 1144 547 1213 percussi
560 1144 687 1210 fraretum,
704 1145 728 1197 st
746 1145 875 1197 consutis
890 1142 985 1209 diqitts
1039 1140 1170 1194 nubilibus
1194 1144 1219 1194 ιι
1240 1137 1430 1209 impudicitiis,
1452 1150 1506 1190 uon
1524 1135 1554 1188 in
1570 1132 1735 1187 contentione
1754 1132 1781 1183 et
1805 1142 1891 1182 semu-

134 1233 306 1303 ampleealus
327 1247 385 1287 sum
407 1247 494 1300 perru3
519 1235 585 1301 quta
609 1233 682 1287 uolui
702 1234 767 1298 sect.
790 1232 872 1286 Potui
896 1235 985 1285 aulem
1039 1229 1151 1295 latione;
1178 1228 1226 1283 sed
1253 1227 1357 1282 induite
1385 1227 1527 1282 Dominum
1556 1225 1646 1278 lesum
1674 1219 1838 1282 Christum,
1866 1219 1891 1270 et

133 1322 199 1376 velle
221 1325 247 1375 et
260 1336 313 1375 nou
328 1321 428 1387 facere,
448 1320 472 1374 st
487 1320 624 1375 mobilitas
639 1319 816 1374 membrorum
838 1334 891 1372 reon
915 1319 985 1373 obse·
1039 1321 1130 1373 caretis
1152 1317 1353 1388 providentiam
1378 1330 1411 1370 nc
1436 1313 1556 1381 feceritis
1574 1312 1604 1365 in
1630 1307 1890 1378 concupiscentius

135 1413 271 1479 queretur.
289 1410 355 1463 Tam
375 1409 460 1462 multu
478 1410 617 1477 erqoseei,
637 1409 685 1462 ubi
704 1424 757 1462 non
782 1408 829 1462 loc
850 1409 986 1462 eratcclle
1040 1408 1208 1478 (llam.x1u,
1242 1410 1284 1471 13,
1307 1405 1360 1474 lt).
1386 1405 1437 1459 Nee
1460 1401 1623 1456 uluoealui
1644 1399 1738 1468 lcqere,
1764 1408 1892 1465 reecopus

137 1495 212 1565 quod
230 1511 307 1566 passe
330 1501 379 1550 :et
400 1512 456 1551 nore
470 1497 605 1563 faciebam
633 1496 706 1566 quad
729 1501 754 1551 et
779 1497 987 1566 incomparabili
1039 1500 1108 1551 erut.
1126 1494 1225 1551 Statim
1249 1496 1349 1564 quippe
1370 1507 1429 1547 cum
1443 1494 1495 1561 fine
1517 1490 1628 1558 huiusce
1648 1488 1795 1552 smlerctiae,
1811 1485 1893 1553 quusi

138 1583 237 1654 affectu
253 1585 370 1655 amplius
384 1586 453 1639 mibi
461 1585 595 1655 placebat,
607 1591 631 1640 et
645 1600 707 1639 moe
722 1589 752 1639 ut
762 1586 854 1639 vellem
865 1600 984 1654 possem3
1040 1586 1096 1640 lucc
1123 1586 1277 1639 securitatis
1300 1583 1395 1649 inlusa
1420 1580 1497 1635 cordi
1518 1593 1584 1645 mea,
1600 1590 1689 1632 omues
1712 1573 1891 1630 dubitationis

135 1675 202 1743 quio
214 1688 278 1728 mou
297 1678 327 1727 ut
341 1674 443 1741 uellem,
458 1675 552 1743 utique
564 1675 670 1730 vellem.
686 1674 728 1729 lbi
742 1676 812 1728 enim
826 1674 946 1740 facultas
956 1687 987 1725 ea
1040 1672 1152 1727 tenebre
1167 1671 1344 1740 diffuqerunl.
1360 1671 1426 1725 Tum
1439 1668 1632 1738 interjectaaut
1642 1665 1794 1732 curruum
1805 1662 1893 1716 nescio

134 1776 194 1832 quoe
211 1763 344 1827 colunias,
368 1766 393 1816 et
416 1763 506 1832 ipsum
530 1763 597 1816 velle
616 1765 677 1833 jam
696 1764 786 1830 lacere
809 1767 867 1816 erat
895 1761 986 1832 (ibid,

136 1865 197 1920 cap.
224 1853 252 1916 ι,
275 1864 304 1903 u.
334 1851 384 1914 l8;
411 1865 470 1919 cap.
489 1852 517 1912 8,
540 1865 588 1904 rere.
621 1853 664 1916 tu,
688 1851 743 1922 ib).
760 1849 854 1906 Multis
882 1849 985 1904 deinde

135 1938 219 1993 docet
232 1953 360 2009 pugnam
387 1936 417 1991 in
432 1937 558 1992 hominis
581 1938 617 1993 ed
633 1940 722 1993 Deum
736 1939 840 2005 redire,
866 1937 986 2009 cupien-

135 2026 171 2081 tis
187 2026 331 2081 voluntate
346 2024 413 2080 inde
427 2025 505 2093 oriri,
527 2026 603 2097 quod
619 2028 749 2082 voluntas
764 2044 779 2081 a
794 2043 823 2081 se
845 2027 907 2097 ipsa
928 2026 986 2082 dis-

135 2114 243 2184 sidens,
263 2115 350 2186 plena
375 2131 433 2169 nou
457 2113 493 2169 sit
506 2114 536 2169 in
558 2131 591 2169 eo
615 2115 689 2187 quod
705 2116 845 2187 imperet;
867 2131 925 2171 non
940 2132 988 2170 au·

135 2207 193 2257 tem
208 2203 285 2276 qnod
300 2203 422 2258 duarum
447 2204 587 2260 mentium
609 2204 673 2259 duee
698 2204 755 2259 sint
778 2208 888 2259 nuturae
912 2204 985 2259 invi·

136 2307 198 2348 cem
213 2291 372 2359 contrariae,
393 2292 504 2347 ullulso
526 2292 689 2348 asserebant
714 2293 870 2349 bleuicheei.
892 2294 989 2349 Refert

141 2386 241 2454 postea
254 2380 398 2452 quomodo
413 2380 480 2435 hinc
492 2381 652 2452 voluptates
662 2381 784 2453 turpiter
793 2381 988 2437 lenocinantes

142 2474 324 2526 cunctantem
338 2471 537 2538 retardabant;
564 2472 642 2526 illinc
656 2477 752 2526 nutem
772 2476 848 2526 caste
863 2472 987 2544 dignitas

136 2558 322 2615 continentior
341 2560 459 2614 honeste
480 2560 631 2615 blandiens
646 2561 819 2626 attraheret;
839 2577 903 2615 cum
918 2561 989 2616 inte-

137 2646 195 2702 rim
216 2647 336 2719 Alypius
356 2647 418 2720 ejus
443 2648 522 2703 lateri
548 2649 657 2717 effisos,
682 2653 740 2704 tam
763 2648 869 2703 insoliti
893 2654 989 2705 motus

137 2735 246 2791 exitum
260 2735 361 2792 tacitus
374 2736 566 2808 opperiretur.

174 2828 201 2880 5.
229 2825 285 2881 Sed
307 2825 425 2881 tandem
447 2825 638 2880 conversionis
663 2842 722 2881 sum
749 2825 919 2882 miraculum
944 2827 989 2882 his

137 2913 230 2970 verbis
244 2915 362 2985 exponit
378 2930 385 2970 ι
412 2914 463 2970 Ubi
474 2930 536 2969 vera
550 2931 567 2969 a
582 2916 669 2982 lurido
683 2932 783 2971 arcanea
801 2918 859 2971 alta
872 2918 990 2973 coreside·

136 3006 208 3060 ratio
231 3008 381 3071 contrusit,
401 3009 427 3059 et
445 3007 576 3074 conpessit
600 3009 682 3061 lotam
703 3009 841 3063 miseriam
860 3023 946 3063 meam
960 3011 990 3063 in

138 3098 306 3162 conspectum
325 3092 414 3148 cordis
432 3095 492 3161 mei,
515 3094 608 3148 oborta
629 3099 668 3150 est
691 3097 809 3166 procella
823 3099 928 3166 inperce,
944 3098 989 3164 se-

141 3195 203 3235 rens
218 3181 350 3246 irruentem
364 3180 476 3235 imbrem
493 3182 684 3250 lacrumarum.
705 3185 741 3238 Et
753 3188 783 3238 ut
799 3188 882 3238 totum
896 3185 989 3253 effuri-

141 3268 231 3323 derem
251 3284 311 3323 cum
332 3270 440 3324 vocibus
461 3268 528 3337 suis,
558 3273 667 3325 sur-reri
686 3272 719 3325 ab
738 3273 849 3342 lippia.
866 3272 989 3328 Solituela

139 3357 209 3412 viiii
227 3356 265 3411 ad
280 3359 416 3427 nepotium
429 3358 513 3427 taidi
527 3361 617 3429 optior
631 3360 839 3427 supercreatum
855 3365 880 3414 el
894 3362 990 3415 secessi

137 3448 275 3514 remotius,
297 3462 380 3515 quom
398 3451 429 3503 ut
440 3452 532 3518 posset
552 3449 622 3503 milii
635 3464 746 3504 eremesa
766 3464 821 3504 esse
835 3451 916 3504 etiam
930 3450 989 3519 ejees

138 3537 292 3606 purulentia.
307 3537 351 3592 Sic
362 3541 424 3592 luna
434 3552 518 3604 ereum,
534 3541 559 3591 et
569 3538 614 3592 ille
625 3538 726 3592 sensit:
742 3539 831 3592 nescia
841 3537 909 3608 quid
918 3540 989 3593 arira

135 3628 203 3696 prule
222 3625 359 3691 dicerem,
374 3627 404 3680 in
424 3642 476 3695 quo
495 3626 646 3695 apparebat
664 3642 745 3682 sanus
767 3629 838 3683 vocis
851 3644 913 3683 meu
927 3629 989 3697 jam

136 3713 203 3776 tletu
215 3713 358 3782 prouidus,
379 3718 404 3768 et
423 3715 462 3769 ste
480 3729 664 3771 surrexeram.
689 3717 791 3771 Maresit
806 3732 868 3784 erqo
883 3717 929 3771 ille
943 3717 991 3772 ubi

137 3801 305 3867 sedebamus,
327 3802 411 3856 ninu'e
425 3806 545 3871 stupens.
561 3806 619 3873 liqo
634 3803 683 3858 sub
702 3803 822 3874 quadam
836 3805 990 3872 deturbare

137 3892 227 3946 stravi
240 3905 292 3956 me,
307 3891 395 3944 neseio
411 3891 552 3958 quomado,
569 3896 593 3945 ιι
607 3891 701 3947 dimisi
714 3892 832 3946 bobertus
847 3893 987 3964 lucrymis,

137 3982 163 4034 et
178 3981 364 4048 proruperunt
385 3980 499 4047 {lumina
518 3979 654 4034 oculorum
677 3996 801 4043 cneorum,
826 3982 989 4052 acceptabile

137 4068 303 4136 sacrificium
315 4070 402 4121 tuum.
419 4069 454 4122 Et
468 4082 521 4121 nau
536 4067 645 4136 quidem
660 4069 703 4124 bis
716 4069 814 4137 uerbis,
827 4071 874 4124 sed
890 4073 920 4125 in
938 4073 988 4126 bae

137 4158 280 4225 sententia,
295 4154 384 4210 multu
406 4154 469 4209 dici
489 4155 540 4209 tibi
563 4171 570 4209 :
585 4158 620 4211 Et
641 4160 679 4223 tu,
693 4160 813 4224 Domine,
826 4165 988 4229 usquequa?

137 4259 285 4316 usquequa,
300 4246 420 4311 Domine,
437 4245 565 4299 irasceris
580 4246 609 4298 in
623 4244 729 4317 finem?
745 4262 777 4302 ne
788 4263 887 4303 memor
900 4251 988 4316 sumis

137 4336 317 4405 iniquitatum
329 4338 486 4389 nostrarum
500 4335 685 4403 antiquarum.
700 4336 851 4392 Sentiebam
865 4340 936 4392 enim
949 4340 988 4392 eis

137 4437 179 4477 me
193 4424 288 4488 teneri,
300 4421 441 4490 jactabam
450 4435 525 4476 voces
538 4422 702 4478 miserabiles
715 4439 722 4478 ι
735 4423 879 4492 Quamdiu,
895 4441 990 4495 quam·

136 4509 188 4566 diu
206 4525 266 4566 cras
287 4513 313 4564 et
327 4511 409 4565 cras?
422 4510 511 4577 Quare
524 4525 578 4564 non
594 4511 681 4572 moda.
697 4527 782 4582 quare
793 4528 846 4568 non
858 4515 907 4569 bae
921 4517 987 4570 liora

136 4601 200 4671 nnis
213 4600 393 4670 turpitudinis
407 4600 492 4656 mee?
506 4600 633 4656 Dicebam
648 4600 711 4669 brec,
726 4604 752 4655 et
765 4601 861 4670 tlebam
875 4602 989 4658 amaris-

136 4689 207 4744 sima
220 4689 380 4745 contritione
386 4689 475 4745 cordis
487 4690 549 4744 mei.
561 4691 597 4745 Et
605 4705 661 4744 eece
673 4688 755 4744 audio
765 4691 891 4746 vocemde
900 4694 988 4747 uicum

136 4775 295 4832 damasum
321 4782 402 4833 cantu
419 4778 544 4846 dicentis,
568 4782 594 4833 et
617 4778 708 4834 crebro
728 4782 883 4849 repetentis,
908 4783 989 4850 quasi

135 4866 217 4938 pueri
229 4881 266 4921 an
287 4867 394 4936 puelle,
415 4869 503 4923 nescio
519 4885 526 4923 ι
545 4869 626 4939 Τιιιι,
642 4869 716 4938 lepe3
736 4868 806 4936 totle,
833 4869 899 4937 teqe.
924 4871 987 4926 Sta-

140 4955 243 5024 timque
250 4958 354 5010 mutata
363 4955 450 5024 vultu,
459 4957 656 5013 intentissimus
670 4959 790 5027 capitare
801 4960 876 5029 capi,
888 4964 989 5014 utrum-

137 5059 204 5100 nam
225 5044 340 5100 sotumi
359 5046 440 5114 pueri
458 5046 487 5100 tn
507 5046 599 5115 aliquo
621 5063 715 5117 quiere
729 5048 842 5103 ludendi
854 5051 989 5104 carrlitarc

140 5135 195 5189 tale
204 5133 327 5204 aliquid;
337 5133 546 5189 necoccurrcbat
555 5138 662 5192 amerino
672 5137 810 5192 audiuisse
821 5141 985 5208 meuspe'um.

136 5223 318 5292 llepressoque
327 5225 429 5292 impetu
440 5223 631 5293 lacrumarum,
641 5228 760 5294 surrent,
772 5227 843 5281 nibil
855 5227 935 5281 atiud
947 5229 987 5281 in·

137 5313 300 5380 temeretans,
315 5313 372 5367 ruisi
383 5311 515 5367 diuinitus
529 5314 598 5367 irriti
607 5313 711 5383 juberi,
726 5320 757 5370 ut
767 5317 901 5386 aperirem
915 5316 988 5370 coeli-

136 5411 201 5463 eem,
225 5403 250 5454 ιι
275 5400 387 5468 leperem
406 5400 479 5471 quod
501 5404 622 5471 primum
634 5407 717 5472 eaput
730 5406 905 5461 iuverissm.
924 5406 986 5459 du-

137 5485 242 5543 dierum
265 5491 336 5545 creim
350 5490 383 5545 de
402 5491 532 5557 distento,
549 5491 622 5562 quod
645 5507 678 5546 ee
693 5495 849 5563 metrepolim
865 5496 985 5563 lectione,

1041 1776 1092 1830 qua
1107 1762 1161 1815 olio
1176 1764 1263 1830 siqua,
1287 1760 1402 1815 codicem
1416 1759 1512 1824 clarui,
1534 1760 1559 1812 ei
1583 1754 1803 1825 tranquillatum
1817 1751 1893 1805 vultu

1040 1849 1161 1905 vindicavi
1182 1850 1294 1920 Alypio.
1315 1850 1353 1904 Al
1380 1849 1425 1903 ille
1437 1847 1504 1917 quid
1518 1849 1548 1901 in
1569 1861 1597 1900 se
1608 1848 1744 1914 operetur,
1760 1840 1834 1911 quod
1848 1854 1893 1906 eqo

1041 1937 1199 2004 nesciebam,
1225 1941 1264 1993 sic
1286 1938 1420 1992 indicavit
1445 1937 1538 1991 :Petit
1559 1933 1649 1988 videre
1664 1931 1732 2001 quid
1747 1931 1890 1997 lcptssem:

1041 2027 1160 2092 astendt;
1176 2031 1201 2081 et
1221 2027 1339 2081 attendit
1362 2029 1443 2080 etiam
1464 2024 1639 2092 ultraquam
1662 2021 1893 2089 aperueramus

1041 2116 1200 2184 iquorabam
1212 2115 1279 2185 quid
1289 2120 1452 2184 sequeretur.
1467 2112 1701 2181 Sequebaturuero
1713 2126 1719 2163 ε
1731 2111 1891 2177 :ludunum

1042 2210 1131 2258 autem
1145 2206 1174 2259 in
1187 2205 1240 2274 tide
1260 2206 1372 2275 recipite
1390 2222 1403 2254 v
1427 2205 1510 2273 (Rom.
1527 2217 1584 2268 riv,
1610 2199 1644 2269 t).
1659 2197 1738 2265 Quod
1751 2199 1796 2253 ille
1811 2196 1849 2251 ad
1866 2211 1893 2250 se

1041 2295 1144 2361 retulit,
1161 2295 1281 2363 mihique
1304 2295 1421 2364 operuit.
1444 2290 1497 2348 Sed
1512 2291 1563 2344 tali
1576 2289 1757 2343 admonitione
1767 2289 1892 2356 firmatus

1042 2389 1091 2451 cst,
1114 2383 1268 2453 placitoque
1296 2398 1328 2438 aa
1352 2383 1490 2452 proposita
1515 2380 1581 2433 bana
1607 2383 1632 2432 et
1651 2378 1892 2445 corrqruentisstmo

1042 2476 1099 2529 suis
1113 2473 1243 2539 maribus,
1258 2472 1354 2542 quibus
1367 2487 1384 2526 a
1397 2486 1438 2525 mc
1449 2472 1482 2526 in
1496 2467 1593 2524 melius
1600 2467 1660 2537 jum
1671 2467 1736 2520 otim
1748 2464 1829 2520 valde
1842 2464 1894 2519 lon

1042 2577 1127 2633 peque
1147 2562 1279 2626 distabat,
1303 2563 1361 2616 sine
1374 2560 1432 2615 ulto
1455 2558 1610 2614 turbulenta
1636 2557 1806 2610 cunctatione
1829 2568 1892 2608 cau·

1039 2652 1152 2721 junetus
1171 2655 1222 2705 est.
1243 2650 1309 2706 lude
1322 2649 1359 2704 od
1377 2653 1490 2703 matrem
1512 2645 1682 2715 inpredtmur
1703 2659 1709 2699 :
1727 2642 1891 2710 indicamus,

1042 2741 1152 2809 paudet.
1175 2742 1325 2796 Narrumus
1349 2736 1572 2809 quemadmodum
1590 2739 1693 2803 qestum
1707 2735 1754 2800 stt,
1775 2733 1893 2787 resultat

1043 2834 1069 2884 et
1092 2831 1259 2899 triumphem
1284 2832 1309 2882 et
1330 2826 1499 2882 benedicebat
1520 2825 1580 2892 tibi,
1604 2825 1653 2893 qui
1672 2821 1893 2893 potensesultra

1044 2935 1126 2988 quom
1146 2920 1263 2989 petimus
1278 2921 1326 2972 aut
1340 2917 1516 2984 intelliqimus
1535 2917 1635 2982 tmere,
1654 2914 1720 2982 quia
1745 2914 1821 2967 taneto
1835 2925 1892 2964 am-

1041 3010 1116 3078 plius
1138 3008 1191 3062 sibi
1213 3011 1270 3061 ate
1291 3020 1442 3062 cerecessum
1466 3005 1498 3060 de
1512 3018 1553 3057 me
1574 3001 1694 3068 uidebat,
1709 3016 1792 3070 quam
1804 3003 1893 3070 petere

1042 3097 1143 3152 solebat
1161 3095 1361 3151 miserabilibus
1375 3094 1558 3164 debilibusque
1568 3091 1720 3159 pervilibus.
1733 3089 1893 3146 Corevertisti

1043 3188 1113 3241 enim
1134 3201 1176 3240 me
1187 3185 1224 3240 od
1239 3189 1274 3253 te,
1296 3188 1326 3238 ut
1345 3199 1391 3238 nec
1409 3197 1520 3236 ucorcm
1541 3194 1695 3249 quaererem,
1711 3193 1759 3232 nec
1772 3179 1892 3249 alequam

1043 3290 1116 3344 spem
1126 3274 1218 3329 sectili
1232 3272 1347 3342 bajus...
1360 3270 1490 3336 (Goresess.
1506 3269 1554 3323 lib.
1571 3271 1597 3334 8,
1612 3282 1673 3336 cap.
1691 3270 1734 3333 lt,
1749 3281 1778 3320 n.
1794 3266 1890 3333 nutv).

1043 3359 1128 3426 Quum
1143 3373 1225 3411 suam
1238 3357 1306 3410 inibi
1318 3355 1406 3410 subito
1421 3356 1526 3420 suctrcm
1549 3355 1587 3406 est
1602 3366 1692 3406 carere
1710 3349 1891 3404 suavitatibus

1042 3448 1193 3516 nuperum!
1208 3450 1232 3500 el
1245 3459 1313 3515 quas
1327 3447 1450 3498 uenditare
1469 3447 1554 3496 rueties
1568 3442 1670 3507 suerat,
1682 3439 1743 3509 jum
1758 3439 1892 3493 dimittere

1043 3535 1173 3605 qaudium
1183 3540 1250 3589 erat.
1262 3533 1399 3604 lijtetebos
1408 3533 1477 3586 cutim
1489 3545 1534 3585 eas
1547 3545 1621 3596 aare,
1637 3544 1702 3583 vera
1712 3533 1742 3583 tu
1752 3533 1778 3583 et
1787 3543 1891 3583 summa

1042 3628 1185 3691 sicuritas3
1206 3623 1342 3693 ejiciebas,
1365 3626 1390 3676 et
1408 3620 1532 3676 intrabas
1548 3635 1596 3689 pro
1618 3620 1655 3674 eis
1670 3619 1744 3673 omni
1757 3618 1891 3688 eolreptate

1043 3714 1148 3769 dulcior
1163 3713 1255 3784 (ibid,
1271 3713 1318 3767 lib.
1333 3715 1360 3780 o,
1372 3726 1431 3781 cop.
1450 3712 1475 3781 l,
1490 3727 1521 3765 n.
1544 3709 1577 3778 ι).

1379 3835 1492 3891 CAPUT
1513 3835 1558 3889 vl.

1045 3951 1054 4003 l
1074 3947 1163 4014 Quare
1177 3946 1330 4016 maqisterii
1343 3946 1387 4000 sui
1398 3959 1464 3999 ortus
1477 3959 1530 3999 recu
1544 3946 1607 3998 ante
1621 3940 1798 3997 vindemiales
1809 3942 1890 4008 tuias

1075 4052 1160 4107 prope
1182 4039 1313 4091 tristantes
1327 4033 1450 4104 abjiciat.
1467 4038 1483 4089 t
1506 4035 1537 4088 ln
1561 4031 1711 4088 verecundi
1723 4031 1818 4086 villam
1835 4045 1889 4084 eum

1077 4127 1171 4180 amieis
1181 4124 1290 4181 secedit.

1079 4253 1104 4304 ι.
1122 4247 1176 4303 Uni
1196 4248 1256 4320 jem
1272 4249 1328 4302 lico
1349 4247 1443 4303 rivere
1458 4247 1583 4320 gestiens
1596 4245 1775 4318 Augustinus
1787 4245 1888 4300 lucian·

1042 4339 1111 4394 dum
1126 4336 1181 4393 sibi
1194 4336 1304 4410 putavit
1314 4353 1401 4410 quam
1411 4336 1548 4409 primum,
1564 4340 1597 4392 ut
1609 4335 1732 4408 publices
1742 4333 1890 4406 protessis·

1041 4427 1086 4483 nis
1108 4443 1180 4482 onus
1206 4431 1338 4498 poneret.
1357 4427 1462 4481 Verum
1485 4425 1520 4481 ed
1535 4425 1563 4480 id
1586 4423 1774 4479 vindemiales
1795 4422 1889 4487 series,

1042 4533 1105 4589 quae
1120 4520 1281 4588 opportune
1294 4513 1495 4582 imminebunt,
1510 4513 1635 4586 opperiri
1646 4512 1738 4568 visum
1748 4516 1802 4579 est,
1816 4509 1889 4584 quod

1041 4621 1100 4660 non
1113 4607 1211 4677 plures
1223 4620 1310 4678 quum
1325 4603 1429 4676 viginti
1442 4601 1556 4658 circiter
1565 4603 1625 4657 dies
1636 4601 1671 4656 ed
1681 4617 1729 4656 ees
1737 4615 1830 4674 usque
1844 4615 1890 4654 su·

1041 4699 1197 4766 pecassent,
1213 4693 1318 4766 quibus
1328 4693 1497 4764 clepsisjnm
1509 4690 1628 4747 solemni
1643 4706 1724 4747 more
1737 4689 1891 4746 abscedens

1043 4783 1175 4839 nuntium
1185 4781 1335 4838 rhetoricae
1345 4781 1509 4853 magisterio
1521 4781 1582 4837 sine
1593 4780 1713 4852 strepitu
1722 4779 1890 4835 remitteret.

1043 4872 1115 4938 Quin
1137 4873 1229 4938 ctiam,
1254 4869 1348 4941 iuquit
1372 4869 1443 4942 ipse,
1470 4869 1542 4939 quod
1564 4872 1627 4940 ipsa
1647 4872 1740 4924 esraa
1760 4869 1891 4924 litterario

1042 4959 1129 5015 labori
1147 4962 1231 5015 nimio
1253 4960 1344 5030 pulmo
1363 4975 1437 5015 metu
1452 4959 1539 5014 cedma
1559 4963 1683 5029 caperat,
1699 4961 1725 5012 et
1745 4952 1893 5027 artuum

1042 5051 1148 5105 traicere
1157 5051 1289 5119 suspirio,
1298 5048 1610 5119 doloribusquepectorts
1617 5049 1715 5103 testari
1722 5049 1889 5111 sesaucium,

1040 5154 1180 5208 vocemque
1190 5138 1329 5193 clariorem
1340 5137 1575 5208 productioremve
1588 5151 1722 5202 recusare,
1732 5138 1825 5206 prima
1835 5149 1893 5204 pcr-

1041 5227 1200 5282 turbacerat
1211 5240 1261 5293 me,
1276 5227 1342 5295 quia
1354 5227 1506 5295 mapislerii
1518 5226 1593 5281 illius
1607 5226 1745 5280 sarcinam
1755 5239 1824 5293 pene
1832 5225 1892 5294 jam

1040 5317 1196 5371 necessitate
1219 5314 1350 5386 deponere
1371 5316 1498 5384 coqebat3
1515 5319 1564 5369 aut
1577 5316 1603 5368 si
1620 5315 1714 5369 curari
1726 5316 1753 5368 et
1766 5313 1892 5369 canicule

1040 5405 1275 5472 scerepatuissem,
1289 5407 1359 5458 certe
1377 5405 1562 5458 intermittere.
1580 5400 1633 5458 Sed
1644 5400 1692 5455 ubi
1704 5401 1787 5470 plena
1800 5401 1892 5457 voluer-

1040 5499 1083 5549 tas
1096 5493 1212 5547 succendi
1226 5497 1251 5548 el
1266 5492 1378 5547 uidendi
1397 5494 1524 5562 quarinum
1542 5496 1572 5546 lu
1585 5505 1611 5546 es
1631 5492 1771 5558 bantinus,
1799 5491 1892 5545 abacta
