3884 6112
61 234 119 287 953
802 244 908 303 LIBER
927 248 1095 306 TERTIUS.
1769 271 1823 324 954

61 352 151 407 faeiat
173 353 359 411 adolescens?
377 359 414 412 At
438 358 480 413 illi
501 360 649 430 probabile
673 368 725 420 est.
751 368 823 423 Nam
840 366 864 422 si
880 384 915 424 ex
969 371 1819 456 prudentissimequeviderunt,necmihiullopaclotantum

62 443 159 497 alieno
173 442 314 515 probabili
327 444 458 518 vivimus,
473 465 524 504 nee
534 455 566 506 tu
580 452 704 510 debuisti
715 456 915 514 administrare
969 460 1174 532 arrogaverim,
1191 469 1221 519 ut
1235 465 1270 521 bl.
1292 467 1416 524 Tullium
1442 470 1540 542 aliqua
1554 487 1586 526 ex
1610 480 1690 545 parte
1716 492 1820 548 sequar

59 532 286 603 rempublicam;
299 533 367 606 quia
379 536 499 608 Epicuro
511 539 603 596 visum
614 546 657 597 est
669 560 728 599 non
738 560 799 600 esse
812 546 915 602 facien·
968 546 1119 619 industria,
1142 551 1300 623 vigilantia,
1322 555 1452 626 ingenio,
1478 559 1628 616 doctrina:
1654 563 1699 618 cni
1723 568 1821 619 tamen

59 619 913 704 dum.adulterabitigitnrillejuvenisconjugemalienam:
968 639 1116 708 asserenti,
1143 640 1215 696 nihil
1237 642 1308 697 scire
1330 661 1412 716 posse
1436 646 1596 717 hominem,
1618 650 1641 705 si
1656 651 1710 706 hoc
1725 654 1821 708 solum

60 706 114 778 qui
123 707 318 778 deprehensus
329 710 352 764 si
367 711 465 782 luerit,
477 714 526 769 ubi
536 720 563 770 te
579 716 732 774 invenieta
746 737 803 792 quo
817 722 915 778 delen·
969 723 1121 796 diceretur,
1143 727 1205 784 Seio
1230 728 1271 786 ila
1290 732 1381 787 videri
1405 733 1499 803 mihi3
1526 737 1601 792 unde
1623 738 1654 794 id
1676 740 1823 796 refelleret

57 795 165 852 datur?
181 797 351 868 Quanquam
362 801 482 857 etiamsi
498 803 634 873 inveniat,
651 806 720 878 quid
730 808 856 865 dicturus
867 813 917 866 es?
969 821 1027 859 ⁰⁰11
1042 806 1172 863 haberet·
1207 866 1210 871 .

59 885 186 956 Negabis
202 886 337 956 profecto.
356 888 427 953 Quid
449 891 474 945 si
492 896 551 947 tem
566 894 675 950 clavum
691 902 743 966 ese,
759 904 791 953 ut
810 900 916 956 frustra
968 892 1083 948 CAPUT
1101 896 1181 951 xvll.
1204 927 1238 937 -
1251 899 1409 955 Academici
1429 917 1513 971 quare
1527 902 1729 961 dissimularint
1743 921 1821 962 saum

58 972 208 1028 inliciere‘l
224 976 412 1032 Persuadebis
425 978 572 1045 nimirum,
589 987 726 1056 tauquam
741 985 770 1041 in
788 987 914 1044 Cumano

57 1061 211 1133 gynrnasio
224 1064 310 1134 atque
326 1065 395 1119 adeo
406 1067 605 1139 Neapolitano,
615 1071 687 1127 nihil
699 1089 764 1129 eum
774 1091 912 1147 peccasse,

58 1148 122 1204 imo
136 1149 222 1204 etiam
239 1167 290 1205 nee
310 1168 417 1207 errasse
433 1155 562 1225 quidem.
578 1159 640 1214 Nou
656 1161 734 1215 enim
750 1164 913 1220 laciendum

58 1253 123 1292 asse
138 1238 311 1294 adulterium
324 1257 376 1311 pro
387 1258 453 1296 vero
469 1244 686 1319 sibipersuasit;
704 1252 851 1321 probabile
866 1270 913 1309 oc-

57 1325 161 1394 currit,
178 1333 291 1382 sceutus
317 1334 368 1397 est,
384 1329 468 1385 iecit:
489 1336 538 1387 aut
561 1334 680 1392 fortasse
699 1354 756 1394 uon
770 1341 846 1408 fecit,
865 1343 914 1398 sed

55 1413 160 1471 fecisse
175 1415 228 1470 sibi
238 1414 314 1470 visus
325 1422 376 1472 est.
389 1419 443 1472 lete
455 1425 553 1476 aulem
563 1424 694 1495 maritus,
706 1428 793 1483 homo
806 1429 912 1498 fatuus,

58 1503 211 1575 perturbat
235 1504 332 1559 omnia
354 1506 452 1562 litibus
469 1525 523 1580 pro
540 1513 636 1568 uxoris
655 1517 782 1572 castitate
802 1519 913 1589 procla-

57 1607 154 1660 mans,
169 1608 235 1647 cum
254 1610 312 1662 qua
326 1594 399 1651 forte
415 1613 490 1652 nnnc
506 1599 622 1672 dormit,
639 1607 668 1658 et
682 1604 782 1660 nescit.
798 1608 856 1662 lloc
871 1608 912 1663 illi

56 1679 170 1752 judices
186 1680 209 1733 si
225 1680 428 1754 intellexerint,
450 1689 498 1739 aut
513 1688 660 1760 negligent
674 1693 869 1764 Academicos,
885 1701 914 1752 ct

58 1771 200 1839 tanquam
227 1767 336 1824 crimen
360 1771 540 1828 verissimum
566 1777 707 1847 punient,
733 1784 782 1836 aut
807 1781 913 1840 eisdem

58 1854 303 1927 obtemperantes,
314 1858 660 1922 verisimiliterhominam
669 1868 913 1945 probabiliterque

58 1943 250 2013 damnabunt,
272 1949 303 2000 ut
316 1947 377 2018 jam
398 1948 466 2019 quid
482 1955 548 2021 agat
566 1951 619 2007 iste
637 1961 775 2025 patronus
795 1976 913 2031 prorsus

59 2032 185 2105 ignoret.
201 2033 250 2088 Cui
263 2034 341 2090 enim
355 2044 518 2093 succenseat
529 2056 586 2094 non
597 2041 724 2115 habebit,
737 2062 802 2102 enm
813 2065 913 2105 omnes

58 2138 92 2176 se
106 2121 179 2176 nihil
194 2138 301 2179 errasse
327 2124 435 2194 dicant,
461 2128 577 2199 quando
597 2146 655 2186 non
675 2136 870 2207 assentientes,
883 2139 913 2194 id

58 2210 140 2281 quod
155 2210 247 2266 visum
266 2217 318 2281 est,
336 2214 484 2284 probabile
500 2216 629 2275 fecerint.
644 2222 735 2278 Ponet
748 2222 836 2295 igitur
851 2243 912 2298 per·

57 2314 161 2354 sonam
174 2301 298 2370 patroni,
315 2307 343 2356 ot
360 2303 524 2377 philosophi
546 2309 733 2366 consolatoris
757 2314 911 2386 suscipiet:

57 2385 103 2442 ita
111 2386 194 2442 facile
205 2388 386 2458 adolescenti,
402 2392 517 2464 quijam
528 2399 639 2452 lantum
650 2399 679 2453 in
689 2401 841 2457 Academia
851 2420 913 2475 pro-

55 2475 169 2544 fecerit,
180 2478 361 2548 persuadebit
372 2485 402 2534 ut
412 2498 441 2535 se
457 2487 593 2555 tanquam
604 2485 634 2540 iu
644 2489 753 2543 somnis
760 2494 842 2561 putet
852 2509 912 2548 esse

57 2564 240 2620 damnatum.
270 2566 325 2622 Sed
350 2586 399 2623 vos
418 2586 464 2626 me
481 2573 572 2643 jocari
591 2575 788 2634 arbitramini:
805 2580 911 2652 liquct¹

55 2653 190 2725 dejerare
201 2671 348 2726 peremne
359 2657 487 2714 divinum
500 2661 596 2731 (bilai
604 2667 719 2722 Retraet.
731 2684 790 2738 cop.
805 2672 912 2741 l,u.-l),

57 2742 171 2797 nescire
185 2759 229 2798 me
238 2760 356 2815 prorsus
371 2749 517 2819 quomodo
531 2749 583 2805 iste
597 2755 757 2823 peccaverit
771 2775 778 2824 ;
795 2756 818 2810 si
833 2757 912 2828 quis-

56 2828 128 2901 quis
141 2829 171 2885 id
179 2831 271 2901 egerit
280 2833 356 2903 quod
370 2835 518 2904 probabile
530 2836 650 2907 videtur,
661 2855 718 2894 non
733 2847 840 2912 peccat.
852 2843 912 2898 Nisi

55 2917 135 2974 torte
149 2919 179 2973 in
195 2923 287 2974 totum
302 2921 452 2978 aliudesse
464 2924 562 2980 dicunt
573 2942 678 2996 errare,
690 2929 910 3001 aliudpeccare;

58 3006 215 3078 sequeillis
224 3010 374 3081 praecptis
385 3012 478 3082 egisse
491 3029 527 3070 ne
540 3030 679 3085 erremus,
688 3033 805 3089 peceare
815 3023 911 3076 autem

56 3094 135 3151 nihil
150 3111 289 3167 magnum
304 3115 365 3153 esse
380 3100 504 3158 duxisse.

97 3186 142 3239 39.
171 3185 260 3241 Taceo
283 3186 317 3241 da
344 3187 516 3257 homicidiis,
547 3191 717 3263 parricidiis,
745 3195 909 3268 sacrilegiis,

58 3272 460 3349 omnibusqueomnino,quae
469 3278 533 3334 tiori
543 3284 592 3335 aut
600 3280 717 3352 cogitari
725 3288 854 3352 possunt,
867 3286 913 3339 lla·

57 3360 141 3433 giliis
155 3367 205 3417 aut
217 3362 405 3433 iecinoribus,
425 3382 490 3437 quae
508 3369 606 3439 paucis
620 3370 722 3438 verbis,
738 3375 766 3427 el
777 3373 855 3443 quod
871 3377 913 3428 est

57 3449 186 3521 gravius,
198 3452 509 3523 apudsapientissimos
516 3456 628 3528 judices
640 3458 847 3516 detonduntur:
862 3462 912 3516 Ni·

56 3539 105 3595 hil
118 3542 257 3607 consensi,
274 3547 302 3597 et
316 3543 380 3599 ideo
397 3560 457 3599 non
472 3546 573 3601 erravi.
585 3546 733 3611 Quomodo
748 3554 845 3603 autem
855 3567 913 3605 non

56 3629 184 3684 iacerem
204 3632 278 3702 quod
304 3633 450 3702 probabile
473 3633 567 3688 visum
588 3637 649 3690 est?
670 3635 723 3700 Qui
743 3642 839 3693 autem
855 3654 913 3694 non

57 3720 228 3791 putantista
238 3720 424 3791 probabiliter
439 3738 522 3793 posse
540 3724 717 3795 persuaderi,
738 3725 835 3796 legant
848 3740 912 3780 ora-

57 3808 913 3885 tionemtlatilinee,quapatriaeparrieidium,quouuoeonti·

57 3902 168 3954 nentur
178 3899 275 3954 omnia
285 3899 811 3971 scelera,persuasitlsoilust.,dellello
819 3904 912 3968 Cutil,

57 4002 122 4056 cap.
141 3990 193 4050 lt).
207 3988 269 4043 Jam
286 3987 358 4042 illud
372 3988 437 4061 quis
456 4006 514 4044 non
529 3990 621 4045 ridet?
640 3991 696 4062 lpsi
715 3991 823 4058 dicunt,
840 3991 911 4046 nihil

58 4090 93 4130 se
108 4074 260 4146 iungendo
276 4076 358 4148 sequi
368 4077 425 4131 nisi
439 4079 597 4148 probabile,
610 4084 779 4151 etquaerunt
793 4096 912 4152 magno-

57 4178 131 4235 pere
145 4163 305 4231 veritatem,
322 4181 386 4219 cum
402 4165 442 4220 eis
457 4166 495 4221 sit
509 4167 657 4236 probabile
672 4184 730 4222 uon
745 4185 827 4240 posse
837 4169 914 4224 inve·

57 4250 128 4307 niri.
147 4251 169 4307 0
185 4252 291 4307 mirum
304 4257 478 4311 monstrum!
493 4255 545 4310 Sed
556 4256 611 4310 hoc
626 4256 800 4324 omittamus,
816 4257 913 4312 miuus

58 4335 92 4393 id
107 4337 142 4392 ad
156 4355 219 4405 nos,
235 4341 379 4396 minusad
394 4342 459 4396 vitae
470 4347 575 4397 nostrae
586 4343 749 4410 discrimen,
766 4344 862 4399 minus
878 4344 912 4399 ad

58 4427 244 4482 fortunarum
267 4430 428 4499 perieulum
454 4432 588 4502 pertinet.
614 4433 687 4488 Illud
709 4438 752 4487 est
782 4433 912 4504 capitale,

58 4513 133 4570 illud
146 4516 373 4582 formidolosum,
385 4518 455 4574 illud
470 4520 578 4589 optimo
593 4520 697 4592 cuique
710 4522 911 4590 metuendum,

59 4605 138 4675 qnod
154 4605 233 4659 nefas
258 4622 354 4671 omne,
378 4607 402 4661 si
422 4608 483 4662 haee
504 4609 577 4663 ratio
592 4610 747 4680 probabilis
766 4611 831 4679 erit,
846 4627 912 4666 eum

58 4691 209 4762 probabile
225 4693 359 4766 cuiquam
374 4695 466 4750 visum
488 4697 574 4753 luerit
589 4714 649 4752 esse
663 4699 835 4769 laciendum,
848 4704 911 4755 tan·

58 4784 124 4836 tum
139 4782 212 4836 nulli
226 4783 308 4854 quasi
325 4799 391 4838 vero
407 4785 586 4853 assentiatur,
602 4803 661 4842 non
675 4789 767 4843 solum
778 4788 839 4844 sine
854 4805 912 4843 sce·

58 4868 138 4935 laris,
150 4870 198 4925 sed
216 4871 302 4925 etiam
318 4871 378 4927 sine
394 4874 499 4928 erroris
513 4875 722 4946 vituperatione
740 4879 911 4933 committat.

58 4956 136 5022 Quid
150 4961 238 5030 ergo‘l
255 4961 321 5015 llaec
339 4961 382 5016 illi
401 4978 458 5017 non
477 4963 630 5019 viderunt?
649 4967 709 5020 lmo
728 4965 913 5021 solertissime

92 5148 186 5203 1ιον..
202 5148 271 5199 libel.
284 5150 442 5202 Restituitur
455 5166 487 5201 ex
499 5153 568 5211 hm,
582 5154 625 5202 Er.
639 5157 665 5204 et
679 5154 750 5212 llas,
769 5153 854 5218 liquet
867 5154 911 5205 de·

52 5209 167 5274 jerorer
178 5213 248 5274 quod
259 5214 314 5276 jam
327 5215 354 5261 in
368 5214 414 5263 lib.
429 5218 439 5263 l
453 5215 566 5265 Retract.
578 5230 601 5264 c.
615 5219 625 5264 l
641 5217 826 5265 annotavimus
835 5230 911 5265 usur-

58 5278 152 5338 patum
167 5287 224 5323 esse
238 5288 270 5323 ex
287 5275 418 5326 Terentio.
433 5277 508 5326 llune
520 5291 615 5389 nemsse
634 5283 711 5341 atquc
726 5279 792 5327 alios
806 5279 911 5342 politio·

58 5335 96 5384 ris
107 5335 246 5384 latinitatis
260 5341 380 5386 auctores
395 5339 513 5388 aemulari
526 5354 583 5388 ama
603 5344 629 5388 at
641 5340 814 5400 Augustinus,
827 5342 855 5390 in
870 5341 911 5390 his

58 5396 156 5447 litteris
171 5414 184 5443 a
192 5397 248 5460 jam
266 5399 373 5462 quidem
392 5401 565 5451 servientibus
579 5403 641 5470 Deo,
658 5404 704 5452 sed
716 5402 803 5452 adhuc
821 5417 911 5467 super·

59 5459 136 5508 «biae
153 5459 270 5508 scholam
285 5465 410 5525 tanquam
425 5463 453 5512 iu
467 5463 623 5528 pausatione
643 5464 836 5524 anhelantibus,
847 5483 861 5512 a
879 5469 909 5515 ut

58 5521 116 5584 ipse
126 5521 164 5570 ait
176 5521 223 5571 lib.
241 5524 255 5571 9
268 5523 341 5573 Coul.
353 5538 376 5574 c.
392 5527 415 5575 l.

1314 974 1478 1026 sententiam.

1005 1048 1047 1099 37.
1062 1044 1135 1110 Quid
1151 1045 1240 1117 igitur
1257 1047 1365 1118 placuit
1380 1052 1465 1105 tantis
1478 1050 1544 1105 viris
1559 1054 1705 1125 perpetuis
1716 1058 1743 1109 et
1755 1071 1819 1126 per·

968 1131 1108 1187 tinacibus
1118 1135 1349 1190 contentionibus
1360 1153 1455 1208 agere,
1465 1155 1502 1192 ne
1513 1139 1542 1193 in
1553 1156 1728 1213 quemquem
1739 1140 1821 1195 cade·

968 1233 999 1273 re
1013 1220 1072 1274 veri
1083 1220 1200 1276 scientia
1213 1222 1375 1279 videretur?
1384 1226 1487 1281 Audite
1498 1228 1560 1298 jem
1572 1230 1659 1298 paulo
1670 1229 1819 1297 attentius,

968 1307 1109 1378 neuquid
1125 1307 1222 1376 seiam,
1235 1310 1283 1364 sed
1298 1311 1367 1381 quid
1378 1311 1537 1368 existimem
1550 1331 1556 1368 :
1568 1315 1621 1368 hoe
1634 1316 1712 1370 enim
1727 1317 1763 1370 ed
1779 1317 1820 1370 ul·

967 1393 1071 1449 dmum
1090 1396 1281 1464 reservabam,
1304 1403 1335 1452 ut
1349 1399 1529 1470 explicarem,
1551 1402 1575 1455 si
1593 1418 1718 1473 possem,
1735 1404 1819 1474 quale

968 1482 1039 1536 mihi
1052 1483 1183 1539 videatur
1201 1501 1261 1540 esse
1280 1490 1373 1540 totum
1395 1488 1630 1544 Academicorum
1649 1490 1816 1549 consilium.

967 1571 1047 1626 Plato
1066 1572 1110 1626 vir
1130 1573 1356 1643 sapientissimus
1376 1578 1404 1630 et
1422 1576 1632 1632 eruditissimus
1655 1582 1819 1649 temporum

967 1675 1095 1727 suorum,
1110 1661 1161 1732 qui
1175 1662 1252 1716 etita
1264 1662 1374 1717 loeutus
1384 1667 1437 1733 est,
1453 1669 1484 1719 ut
1498 1681 1687 1737 quaecumque
1700 1666 1820 1734 diecret,

968 1763 1072 1819 magna
1085 1748 1199 1820 fierent,
1212 1753 1240 1804 et
1260 1767 1294 1805 ea
1306 1751 1418 1806 locutus
1432 1756 1484 1819 est,
1501 1758 1532 1808 ut
1547 1755 1820 1826 quomodocumque

968 1836 1084 1903 diceret,
1096 1854 1184 1908 parva
1192 1854 1250 1892 non
1262 1839 1362 1895 tierent
1374 1839 1444 1911 (Lib.
1456 1843 1607 1908 illatrant,
1620 1858 1680 1912 cop.
1695 1847 1720 1912 l,
1731 1860 1760 1899 u.
1771 1844 1818 1913 4);

968 1925 1072 1980 dicitur
1085 1931 1151 1997 post
1164 1931 1286 1981 mortem
1303 1929 1425 1982 Socratis
1445 1928 1575 1999 magistri
1589 1930 1643 1996 sui,
1658 1946 1746 2001 quem
1760 1930 1819 1984 sin-

967 2014 1258 2084 gulariterdilexerat,
1269 2017 1570 2087 aPythagoreisetiem
1577 2017 1636 2071 mul
1641 2023 1666 2072 ta
1674 2017 1817 2073 didicisse.

967 2102 1143 2173 Pythagoras
1162 2106 1259 2158 alitem
1273 2119 1367 2174 graeca
1380 2104 1563 2177 philosophia
1583 2121 1640 2160 non
1656 2110 1818 2172 contentus,

967 2205 1032 2261 quae
1047 2194 1116 2245 tunc
1130 2195 1179 2244 aut
1193 2207 1267 2262 pane
1281 2192 1361 2247 nulla
1376 2195 1446 2254 erat,
1461 2199 1513 2246 aut
1527 2198 1602 2248 certe
1615 2195 1818 2258 occultissima,
1858 2246 1864 2253 .

965 2284 1119 2350 postquam
1128 2286 1287 2336 commotus
1297 2283 1466 2353 Pherecydes
1478 2283 1521 2353 cuj
1527 2283 1628 2338 usdam
1640 2284 1703 2354 Syri
1717 2284 1814 2355 dispu-

965 2368 1132 2435 tationibus,
1144 2369 1336 2424 immortalem
1351 2386 1412 2424 esse
1425 2370 1554 2425 animum
1568 2371 1698 2438 credidit,
1710 2372 1817 2427 multos

967 2456 1109 2527 sapientes
1124 2458 1210 2512 etiam
1227 2457 1311 2529 longe
1333 2461 1444 2530 lateque
1459 2459 1659 2530 peregrinatus
1675 2460 1818 2517 numerat.

967 2544 1058 2615 Igitur
1072 2545 1151 2599 Plato
1170 2544 1306 2615 adjiciens
1327 2547 1419 2616 lepori
1439 2548 1646 2619 subtilitatique
1666 2549 1816 2605 Socraticas

967 2648 1054 2703 quam
1069 2633 1100 2686 in
1115 2632 1271 2687 moralibus
1283 2634 1393 2700 habuit,
1407 2634 1581 2689 naturalium
1595 2635 1817 2708 divinarumque

965 2737 1064 2775 rerum
1074 2720 1218 2791 peritiam,
1230 2736 1317 2792 quam
1326 2721 1487 2793 abeisquos
1499 2723 1655 2776 memoravi
1665 2723 1822 2794 diligenter

966 2813 1126 2879 acceperat;
1142 2809 1375 2880 subjungensque
1395 2809 1477 2880 quasi
1495 2809 1689 2864 formatricem
1704 2810 1820 2866 illarum

966 2897 1102 2967 partium,
1117 2896 1301 2968 judicemque
1316 2895 1503 2960 dialecticam,
1519 2913 1584 2968 quae
1595 2902 1645 2952 aut
1654 2897 1717 2969 ipsa
1730 2904 1815 2967 esset,

967 2992 1016 3042 eut
1030 2988 1091 3042 sine
1105 3004 1162 3060 qua
1183 2987 1318 3059 sapientia
1333 2987 1452 3042 omnino
1468 3003 1602 3042 essenon
1616 2992 1733 3058 posset3
1753 3005 1819 3060 per·

966 3077 1069 3132 tectam
1084 3076 1189 3132 dieitur
1206 3076 1399 3147 composuisse
1418 3075 1607 3148 philosophiae
1627 3076 1819 3149 disciplinam,

967 3167 1002 3221 de
1018 3182 1075 3238 qua
1088 3181 1165 3219 nunc
1177 3165 1314 3220 disserere
1327 3164 1459 3236 tempus¹
1480 3181 1539 3220 non
1552 3169 1604 3220 est.
1621 3165 1670 3221 Sat
1685 3170 1728 3221 est
1741 3166 1819 3222 enim

966 3254 1040 3310 adid
1050 3253 1128 3325 quod
1139 3253 1214 3320 volo,
1226 3254 1373 3308 Platonem
1386 3254 1507 3308 sensisse
1523 3254 1595 3308 duos
1607 3270 1669 3309 esse
1680 3257 1832 3331 mundoszj

967 3358 1058 3397 unum
1080 3341 1304 3414 intelligibilem,
1328 3341 1431 3415 inquo
1454 3343 1517 3414 ipsa
1530 3343 1634 3397 veritas
1658 3343 1819 3400 habitaret:

966 3431 1053 3487 istum
1065 3437 1161 3486 autem
1169 3430 1344 3498 sensibilem,
1356 3447 1442 3503 quem
1452 3431 1635 3486 manifestum
1645 3438 1747 3486 estnos
1758 3433 1821 3488 visu

966 3523 1100 3591 tactuque
1114 3520 1231 3574 sentire.
1249 3520 1348 3590 ltaque
1362 3519 1444 3574 illum
1456 3535 1566 3587 verum,
1578 3520 1655 3574 hune
1670 3520 1728 3574 veri
1743 3521 1821 3575 simi·

967 3607 1024 3661 lem
1039 3612 1067 3662 et
1081 3608 1115 3662 ad
1131 3607 1208 3661 illius
1227 3607 1385 3677 imaginem
1400 3607 1517 3663 taetram.
1541 3609 1575 3662 Et
1593 3607 1659 3662 ideo
1676 3608 1710 3663 de
1724 3609 1774 3664 illo
1789 3609 1820 3664 in

967 3711 1009 3759 aa,
1026 3712 1091 3766 qum
1102 3711 1131 3749 se
1151 3701 1344 3766 cognosceret,
1360 3695 1458 3750 anima
1468 3696 1546 3750 velut
1560 3696 1681 3767 expoliri
1696 3702 1724 3752 et
1738 3698 1820 3769 quasi

966 3785 1093 3839 serenari
1109 3785 1270 3852 veritatem
1283 3785 1317 3839 de
1331 3784 1385 3839 hoc
1398 3788 1494 3839 autem
1505 3783 1535 3838 in
1548 3784 1702 3839 stultorum
1717 3785 1820 3839 animis

965 3887 1025 3926 non
1038 3872 1196 3940 seientiam,
1215 3873 1263 3928 sed
1277 3873 1446 3945 opinionem
1465 3888 1549 3944 posse
1570 3873 1712 3943 generari.
1733 3872 1820 3937 Quid·

966 3959 1036 4031 quid
1055 3965 1153 4015 tamen
1169 3966 1302 4032 ageretur
1315 3962 1345 4016 in
1361 3962 1415 4016 hoc
1434 3961 1542 4016 mundo
1558 3977 1610 4032 per
1625 3976 1672 4016 eas
1687 3961 1816 4027 virtutes,

966 4063 1038 4118 quas
1052 4047 1148 4101 civiles
1160 4048 1285 4113 vocabat,
1303 4048 1425 4102 aliarum
1440 4064 1572 4103 verorum
1588 4048 1727 4104 virtutum
1740 4049 1819 4103 simi-

965 4135 1017 4202 les,
1034 4152 1110 4207 qure‚
1122 4136 1178 4190 nisi
1189 4135 1287 4207 paucis
1309 4136 1497 4208 sapientibus,
1516 4137 1623 4207 ignotae
1638 4140 1743 4203 essent,
1760 4153 1820 4191 non

966 4239 1051 4294 posse
1067 4224 1122 4278 nisi
1138 4223 1291 4278 verisimile
1307 4225 1466 4280 nominari.

1002 4315 1045 4367 38.
1060 4314 1125 4367 llaec
1141 4317 1170 4367 et
1183 4313 1238 4366 alia
1250 4312 1415 4384 hujusmodi
1431 4313 1503 4369 mihi
1515 4311 1650 4367 videntur
1663 4311 1738 4366 inter
1752 4327 1815 4367 suc-

966 4415 1089 4454 cessores
1104 4401 1175 4471 ejus,
1192 4406 1333 4472 quantum
1348 4407 1490 4474 poterant,
1508 4417 1567 4456 esse
1583 4404 1706 4468 servata,
1723 4404 1751 4454 et
1764 4416 1817 4471 pro

966 4488 1107 4559 mysteriis
1115 4489 1265 4544 custodita.
1278 4491 1341 4546 Non
1351 4491 1429 4545 enim
1440 4495 1489 4544 aut
1500 4488 1580 4544 laeile
1590 4487 1646 4543 ista
1654 4488 1817 4560 percipiun-

965 4581 1022 4644 tur,
1038 4577 1094 4631 nisi
1108 4577 1143 4633 ab
1158 4578 1199 4632 eis
1209 4578 1299 4650 quise
1314 4580 1349 4634 ab
1361 4578 1495 4633 omnibus
1505 4576 1580 4631 vitiis
1591 4577 1776 4646 mundantes,
1787 4576 1820 4632 in

965 4666 1051 4720 aliam
1067 4666 1222 4738 quamdam
1234 4667 1297 4737 plus
1313 4682 1399 4737 quam
1411 4667 1568 4720 humanam
1578 4665 1817 4721 consuetudinem

965 4754 1306 4823 vindicaverint;autnon
1314 4753 1437 4824 graviter
1445 4743 1820 4825 peecatqnisquisea'seiens

966 4843 1109 4914 quoslibet
1130 4842 1265 4898 homines
1281 4842 1382 4898 docere
1406 4841 1536 4897 voluerit.
1558 4843 1657 4914 ltaque
1675 4845 1820 4898 Zenonem

964 4932 1124 5003 principem
1140 4931 1309 4994 Stoicorum,
1327 4947 1392 4986 cum
1406 4931 1467 5002 jam
1483 4930 1657 5003 quibusdam
1673 4931 1776 4987 auditis
1792 4934 1822 4986 et

965 5019 1090 5086 creditis,
1104 5020 1135 5074 iu
1150 5019 1276 5074 scholam
1286 5019 1415 5074 relictam
1425 5037 1441 5074 a
1452 5021 1569 5076 Platone
1585 5021 1718 5089 venisset,
1730 5034 1818 5090 quam

964 5125 1033 5176 tunc
1047 5108 1164 5164 Polemo
1181 5108 1329 5176 retInebat,
1350 5113 1513 5180 suspectum
1533 5109 1664 5165 habitum
1679 5106 1818 5178 suspicor,

965 5215 1017 5255 nec
1032 5200 1120 5254 talem
1137 5197 1229 5252 vuum
1252 5198 1298 5252 cui
1317 5198 1461 5253 Platonica
1481 5198 1531 5253 illa
1545 5200 1623 5253 velut
1641 5198 1819 5251 sacrosancta

965 5289 1078 5344 decreta
1092 5287 1174 5343 facile
1184 5285 1268 5357 prodi
1279 5287 1479 5358 committique
1488 5288 1635 5351 deberent,
1646 5284 1820 5354 prinsquam

966 5374 1135 5432 dedicisset²
1149 5392 1191 5437 ea,
1212 5392 1276 5446 quae
1288 5376 1319 5431 in
1334 5377 1412 5431 illam
1430 5376 1556 5431 scholam
1572 5373 1607 5427 ab
1622 5372 1685 5426 aliis
1702 5377 1817 5444 accepta

997 5468 1003 5501 ¹
1017 5467 1046 5514 ln
1060 5466 1097 5525 a,
1113 5467 1247 5526 temporis.
1263 5466 1356 5515 caeteri
1368 5479 1460 5515 omues
1474 5463 1547 5522 editi,
1560 5465 1670 5525 tempus.
1704 5460 1739 5511 Μ.

996 5529 1007 5562 ²
1019 5528 1096 5587 Lon,
1109 5525 1303 5580 ademissent.
