3884 6112
85 209 137 264 313
684 206 771 264 VITA
797 206 826 264 S.
856 199 1050 264 AUGUSTINI
1078 198 1249 258 nrlsuorr.
1786 196 1831 253 tvl

85 329 229 388 Nolamed
242 329 330 386 saneti
340 329 439 386 Felicis
451 330 596 386 tumulum
605 329 647 386 ire
654 329 756 402 jussit;
780 332 935 403 propterea
988 341 1037 382 eos
1050 323 1216 380 scandalum
1228 323 1326 388 latere,
1348 325 1380 376 ut
1389 335 1487 376 secum
1502 318 1657 375 instautius
1669 317 1834 376 incumbant

85 420 162 493 quod
177 419 218 476 ibi
231 420 347 490 certius,
361 434 448 492 quam
468 435 599 492 usquam,
620 435 672 492 per
685 418 838 475 Paulinum
852 417 935 473 resci-
988 414 1176 483 orationibus,
1199 415 1232 467 ut
1252 411 1319 468 facti
1339 410 1444 467 veritas
1457 409 1555 465 divina
1567 408 1743 465 revelatione
1757 424 1832 464 coru-

84 513 173 575 retur,
191 507 258 579 quid
268 503 407 563 ambobus
417 506 590 579 contigisset.
601 508 634 562 Et
642 523 675 562 ea
684 506 802 579 quidem
812 505 867 560 luit
881 506 934 559 Bo·
987 503 1125 575 periatur.
1149 502 1268 558 Eosdem
1293 501 1478 556 vehementer
1498 499 1580 570 juxta
1603 513 1635 553 ac
1659 497 1783 553 dernhse
1796 513 1835 552 re·

84 595 181 652 nilacii
195 595 344 661 modestia,
362 599 393 651 ut
410 595 529 664 litteras,
545 612 608 668 quae
627 612 709 651 suam
727 595 758 650 in
783 595 933 652 Ecclesiam
986 591 1148 663 prehendit,
1174 591 1252 663 quod
1276 590 1410 645 adversus
1434 587 1653 643 Proculeianum
1676 585 1708 642 in
1731 602 1761 642 se
1776 585 1834 659 ipso

85 685 256 758 dignitatem
283 683 513 752 testificarentur,
542 685 635 739 nullas
652 684 824 756 postulerct;
855 686 934 740 Nulae
986 681 1093 752 potius,
1109 695 1196 751 quum
1219 679 1250 733 in
1273 679 1329 734 Deo
1353 675 1468 749 gloriati
1491 676 1606 732 lucrant
1628 691 1635 731 :
1656 691 1729 732 nese
1752 676 1838 749 etiarn

85 790 152 830 eum
176 774 232 830 alio
254 771 335 846 juxta
353 773 453 830 haberi
474 790 532 829 nou
553 789 696 841 recusans,
717 773 888 847 quantique
904 773 934 830 in
987 768 1206 825 monasteriaco
1220 766 1336 822 nomine
1356 764 1555 831 criminentur,
1570 764 1650 837 quod
1663 764 1694 820 in
1708 764 1767 820 iltis
1788 764 1838 820 im-

85 864 149 920 loco
158 863 240 934 juxta
254 865 336 918 erant
350 861 499 934 incogniti.

121 953 147 1006 2.
173 952 228 1006 Res
243 950 293 1006 illa
307 951 468 1023 usquedum
481 953 554 1006 tecta
566 955 751 1020 remanserat,
766 952 793 1007 ei
807 952 935 1008 remedia

86 1040 183 1096 omnia
197 1039 237 1095 sic
250 1039 387 1096 adhibere
396 1040 572 1112 Augustinus
583 1041 699 1107 studuit,
716 1045 749 1096 ut
758 1045 856 1097 tamen
871 1058 935 1114 gra·

85 1128 216 1184 sissimus
228 1127 320 1184 cordis
335 1130 397 1200 eJ'us
418 1129 500 1184 dolor
513 1129 543 1184 in
556 1129 649 1200 plebis
663 1129 795 1185 notitiem
810 1146 868 1185 non
883 1146 934 1185 ve·

85 1217 173 1286 niret;
202 1216 270 1289 quia
288 1217 392 1273 merito
406 1218 566 1284 verebatur,
588 1235 624 1273 ue
649 1218 717 1274 hinc
740 1217 826 1274 simul
846 1218 932 1274 etin·

84 1305 228 1362 fructuose
240 1306 435 1361 cruciarentur
444 1305 530 1375 firmi,
543 1311 572 1362 et
580 1305 740 1378 periculose
748 1308 935 1363 turbarentur

85 1392 209 1460 infirmi3
232 1408 263 1449 ao
286 1393 354 1465 ipsis
383 1410 498 1466 quoquc
524 1394 709 1450 schismaticis
729 1411 799 1450 ause
819 1396 936 1451 daretur

86 1482 224 1537 catholico
242 1483 351 1554 populo
375 1483 526 1540 illudendi.
543 1484 658 1539 Factum
683 1483 873 1539 nihilomiuus
888 1484 934 1539 in·

86 1571 144 1626 vito
158 1571 209 1626 illo
227 1571 375 1643 vulgatum
399 1576 451 1639 est,
470 1588 615 1645 quamque
629 1571 725 1628 animo
739 1578 934 1646 prospexerat,

86 1659 273 1715 offensionem
287 1660 416 1732 peperit;
433 1664 462 1715 et
476 1678 509 1716 eo
522 1662 640 1734 quidem
654 1661 841 1730 acerbiorem,
857 1663 935 1734 quod

87 1751 172 1804 antea
191 1749 330 1820 jactatum
344 1747 448 1814 luerat,
463 1749 616 1822 Augustini
637 1749 755 1805 clericos
768 1749 799 1805 in
814 1750 936 1807 crimina

86 1853 269 1910 nequaquam
287 1837 345 1892 labi
374 1837 482 1904 solitos,
507 1837 749 1910 quemadmodum
772 1838 803 1905 ii,
831 1840 936 1913 quibus

86 1942 189 1981 manns
202 1926 379 1996 imposuerat
393 1926 604 1983 Proculeianus.
619 1929 708 1983 Fuere
724 1927 811 1984 etiam
825 1928 876 2002 qui
887 1944 937 2002 pe·

86 2017 190 2083 terent,
202 2014 378 2070 utBonilacii
389 2031 494 2071 nornen
502 2016 936 2092 exelbopresbyterorum,quos

86 2104 174 2159 moris
188 2108 251 2159 erat
262 2104 297 2159 ad
317 2105 407 2160 altare
427 2105 552 2173 recitari,
576 2109 789 2178 expungeretur
804 2123 811 2163 :
828 2123 865 2162 ne
880 2108 935 2162 sci·

86 2192 152 2246 licet
164 2192 224 2247 ulle
239 2192 392 2248 Donatistis
402 2193 614 2265 relinqueretur
628 2195 738 2251 occasio
748 2195 934 2268 praedicendi,

87 2281 194 2335 scelera
217 2281 294 2352 apud
317 2280 475 2336 Catholicae
489 2281 633 2352 impunita
646 2298 804 2339 remanere.
822 2285 853 2340 Id
867 2301 934 2341 vero

87 2368 219 2423 uoluerat
232 2368 410 2440 Augustinus
424 2385 431 2424 :
452 2385 487 2424 ne
502 2370 556 2425 hoc
570 2374 651 2443 pacto
663 2371 722 2439 Dei,
738 2372 819 2443 cujus
833 2374 869 2429 ad
884 2374 937 2430 tri-

87 2455 174 2511 bunal
188 2469 273 2511 causa
286 2456 424 2512 Bonilaeii
442 2458 579 2514 translata
588 2458 692 2527 luerat,
703 2459 847 2531 judicium
860 2478 935 2534 prae·

86 2548 244 2600 verteretur
252 2561 259 2614 ;
267 2560 339 2601 neve
349 2545 505 2602 violaretur
513 2547 628 2602 concilii
637 2551 786 2618 statutum,
797 2565 850 2622 per
859 2553 935 2624 quod

89 2649 149 2688 non
167 2633 273 2690 licebat
295 2634 442 2704 clericum,
463 2635 514 2707 qui
536 2637 667 2692 nondum
687 2639 833 2694 convictus
856 2639 937 2710 sit,a

86 2722 291 2779 commuuione
305 2724 452 2796 suspendi,
473 2725 528 2779 nisi
548 2725 658 2797 judicio
681 2742 709 2780 se
732 2726 831 2782 sistere
854 2744 934 2784 recu·

87 2814 175 2867 sasset
188 2811 300 2884 (Concil.
315 2813 445 2883 Curthuq.
462 2816 477 2869 3
493 2816 560 2868 anni
574 2817 635 2882 397,
651 2830 742 2891 cuno..
766 2819 794 2884 7,
810 2817 846 2887 8).
863 2818 937 2874 Cleri

87 2904 183 2956 hmeu
198 2902 357 2975 populique
364 2901 472 2974 judicio
486 2903 539 2959 hoo
554 2902 640 2959 etiam
653 2903 794 2976 permisit,
810 2905 832 2960 si
846 2905 886 2961 ita
896 2907 936 2962 eis

88 2989 180 3046 visum
200 2990 301 3046 luisset
319 2992 466 3062 expedire,
485 2991 571 3047 neiis
589 2991 718 3063 quicum
733 2993 768 3049 ad
783 2994 936 3051 Ecclesium

87 3078 195 3134 nollent
206 3079 349 3146 accedere,
362 3080 531 3151 quaerebant
538 3080 636 3137 saltem
645 3082 721 3149 quod
732 3088 935 3154 protererent,

88 3167 220 3237 quaedam
237 3167 303 3222 inde
318 3169 498 3239 preberetur
510 3168 668 3240 probabilis
683 3171 826 3226 excusatio
843 3189 850 3228 :
867 3177 936 3229 tnnc

87 3270 153 3311 vero
167 3270 227 3310 non
240 3255 369 3328 ipsorum
392 3256 523 3312 futurum
546 3273 606 3312 esse
620 3258 674 3314 hoe
692 3258 810 3328 lectum,
824 3261 874 3317 sed
886 3278 936 3318 eo-

87 3358 152 3398 rum
174 3359 298 3417 quorum
313 3361 398 3401 causa
411 3345 498 3401 luerit
511 3346 633 3414 lectum;
648 3363 742 3419 neque
755 3349 842 3404 etiam
857 3350 936 3408 illinc

87 3430 210 3502 homiui,
234 3448 320 3505 quem
342 3451 401 3490 non
416 3433 515 3507 iniqua
530 3434 703 3490 conscientia
715 3436 750 3491 de
770 3436 843 3492 libro
856 3437 936 3494 vivo-

87 3536 151 3576 rum
177 3522 321 3592 deleverit,
346 3523 445 3580 damni
470 3523 627 3597 quidquam
650 3540 839 3583 accessurum.
863 3529 936 3584 Dum

86 3607 148 3663 hoec
157 3608 197 3664 ita
210 3614 387 3682 gererentur,
404 3610 535 3682 Hippone
546 3611 644 3667 aberat
656 3612 844 3684 Augustinus.
860 3615 935 3680 Qua-

86 3701 206 3768 propter
221 3699 295 3753 clero
318 3716 380 3768 suo,
396 3699 567 3766 senioribus,
591 3703 620 3755 et
635 3701 775 3757 universa
793 3703 870 3773 plebi
886 3705 936 3760 Ec·

87 3785 180 3840 clesiae
202 3785 390 3858 Hipponensis
409 3787 560 3858 epistolem
574 3787 660 3855 misit,
683 3805 740 3860 qua
759 3806 808 3845 eos
827 3791 878 3863 qui
892 3808 935 3848 se·

88 3889 154 3928 cum
168 3873 311 3929 infelicem
332 3874 415 3930 illum
427 3891 524 3931 casum
540 3877 657 3932 moleste
669 3876 809 3944 ferebant,
833 3895 935 3952 quam·

88 3961 129 4016 vis
148 3961 215 4017 inde
238 3962 445 4018 multominus
466 3980 553 4035 quam
576 3963 638 4036 ipse
665 3965 773 4021 doloris
791 3973 935 4040 caperent,

88 4050 174 4106 solari
189 4051 296 4120 studet;
314 4052 453 4124 docetque
472 4054 534 4124 jam
556 4054 669 4126 pridem
692 4070 710 4110 a
736 4055 846 4112 Christo
861 4074 936 4130 prae-

88 4140 164 4196 dicta
176 4139 262 4196 luisse
280 4141 422 4212 ejusmodi
438 4142 573 4198 scandala
594 4158 600 4198 :
621 4142 690 4215 ipsis
705 4144 792 4199 etiam
807 4162 935 4202 summo·

88 4229 324 4301 percontandum
346 4244 419 4299 esse,
433 4245 471 4283 ue
492 4228 609 4284 fratrem
624 4245 657 4284 ex
672 4229 751 4285 falsis
765 4231 935 4304 suspicioni-

87 4317 141 4373 bus
156 4317 317 4390 judicautes
340 4317 370 4372 in
391 4316 498 4372 diaboli
519 4318 636 4390 laqueos
649 4318 792 4388 incident;
808 4320 886 4392 quod
905 4320 936 4376 in

88 4406 225 4462 Bonifacii
248 4405 370 4479 gratiam
395 4405 473 4463 dicit.
498 4407 550 4462 Eos
573 4406 740 4475 obtestatur,
756 4424 793 4464 ne
817 4409 936 4465 vulnera

986 858 1092 931 probos
1115 857 1226 930 aliquos
1247 855 1373 928 reperire
1396 854 1442 918 sit,
1466 854 1643 910 adhortatur.
1671 853 1744 909 Cum
1763 853 1836 911 Felix

988 945 1106 1020 quidam
1122 950 1207 1018 atque
1222 944 1366 1000 Hilarinus
1376 944 1410 999 de
1421 944 1474 999 hac
1484 958 1514 998 re
1525 942 1639 998 adeum
1650 941 1837 1015 scripsissent,

988 1033 1136 1106 respondit
1149 1035 1183 1089 ad
1198 1016 1305 1090 eorum
1316 1033 1435 1101 litteras,
1450 1031 1571 1088 minime
1584 1031 1693 1087 nahum
1718 1046 1790 1098 esse,
1814 1029 1837 1086 si

988 1124 1056 1179 talia
1077 1127 1231 1179 nascautur
1254 1122 1434 1192 offendicula,
1450 1127 1500 1177 aut
1516 1125 1616 1177 contre
1631 1119 1682 1176 Dei
1693 1135 1792 1176 servos
1805 1120 1839 1176 si·

988 1212 1072 1268 nistri
1086 1229 1215 1268 rumores
1226 1212 1255 1267 in
1264 1213 1365 1285 vulgus
1373 1213 1544 1284 spargantur
1560 1227 1567 1265 ι
1582 1225 1670 1282 porro
1683 1225 1715 1264 se
1729 1223 1783 1265 nec
1789 1209 1837 1265 tle·

988 1300 1085 1374 gitiosi
1100 1301 1257 1374 quidquem
1269 1299 1490 1373 deprehendisse
1504 1300 1536 1355 in
1551 1298 1769 1368 Bonilacio,nec
1780 1314 1839 1354 cre·

988 1390 1107 1459 didissc;
1131 1391 1228 1464 itaque
1250 1406 1308 1445 uon
1327 1389 1445 1461 jussisse
1465 1393 1496 1444 ut
1509 1388 1571 1460 ejus
1584 1403 1699 1451 nomen.
1711 1387 1748 1443 de
1766 1403 1836 1460 pre-

989 1479 1167 1551 sbyterorum
1187 1495 1308 1534 numero
1333 1479 1503 1545 auferretur,
1526 1477 1594 1550 quia
1614 1476 1747 1533 divinum
1768 1475 1838 1549 judi·

989 1568 1076 1636 einm,
1105 1567 1141 1623 ad
1169 1568 1246 1641 qnod
1264 1567 1423 1641 presbyteri
1444 1567 1529 1638 hujus
1552 1581 1637 1621 cause
1658 1567 1751 1621 relata
1769 1571 1836 1635 erat,

989 1660 1167 1713 antevertere
1189 1673 1247 1712 uon
1270 1657 1402 1713 audebat.
1425 1656 1486 1721 Quo
1500 1659 1631 1727 tempore
1645 1655 1763 1727 scriptas
1776 1659 1840 1710 suut

990 1761 1006 1800 a
1033 1746 1117 1801 beato
1139 1745 1205 1800 Viro
1233 1745 1290 1800 iltae
1310 1745 1447 1818 epistole,
1468 1745 1528 1815 jem
1550 1744 1606 1799 iter
1629 1742 1792 1799 Bonilacius
1810 1759 1839 1798 ac

990 1837 1060 1909 Spes
1075 1838 1173 1892 Nolam
1188 1840 1381 1908 susceperant,
1396 1839 1446 1890 aut
1459 1836 1559 1890 saltem
1573 1835 1606 1888 ad
1622 1833 1695 1889 illud
1715 1838 1799 1890 eraut
1809 1834 1839 1890 in

989 1925 1149 1999 procinctu.
1168 1926 1258 1991 Quem
1273 1942 1339 1981 vero
1355 1925 1462 1980 exitum
1481 1939 1581 1979 corum
1596 1939 1683 1978 causa
1697 1923 1839 1990 habuerit,

990 2014 1164 2086 ignoramus.
1177 2015 1211 2068 Et
1226 2030 1278 2069 uos
1291 2013 1407 2086 quidem
1423 2012 1497 2067 infra
1511 2013 1546 2068 de
1559 2011 1686 2085 quodam
1698 2010 1839 2066 Eouilacio

989 2101 1050 2158 viro
1067 2103 1187 2174 optimo,
1212 2105 1240 2157 et
1254 2102 1344 2157 sancti
1365 2100 1498 2158 Praesulis
1521 2100 1708 2168 amicissimo,
1728 2099 1780 2172 qui
1794 2101 1840 2155 Ca·

988 2192 1135 2264 tequeusis
1153 2192 1305 2263 episeopus
1328 2208 1403 2247 anno
1423 2191 1534 2247 circiter
1555 2189 1838 2264 quadringentesimo

990 2285 1089 2336 octavo
1101 2285 1280 2336 consecratus
1295 2284 1346 2348 est,
1362 2281 1464 2337 dicturi
1479 2295 1588 2335 surmus.
1605 2278 1733 2335 Tametsi
1748 2282 1839 2334 autem

990 2372 1019 2426 et
1031 2369 1193 2425 humilitate
1207 2369 1368 2441 presbyteri
1389 2385 1446 2427 non
1461 2373 1569 2424 temere
1588 2367 1736 2440 conjicias,
1754 2368 1838 2423 Deum

991 2463 1020 2516 et
1032 2459 1110 2515 illius
1124 2459 1318 2515 innocentiam
1328 2458 1438 2531 liquido
1449 2459 1616 2524 declarasse,
1632 2461 1662 2513 et
1675 2457 1762 2513 illum
1770 2461 1840 2530 post·

992 2565 1080 2622 quam
1100 2548 1169 2604 fidei
1188 2548 1250 2620 ejus
1273 2564 1306 2605 ac
1327 2547 1474 2620 patientie
1492 2546 1653 2621 periculum
1668 2545 1794 2613 lecisset,
1806 2544 1838 2601 ad

991 2637 1183 2708 episcopalem
1203 2635 1372 2709 dignitatem
1387 2635 1512 2690 erexisse
1526 2650 1533 2690 :
1549 2639 1678 2690 attamen
1690 2649 1787 2690 unum
1799 2638 1838 2689 at·

991 2741 1047 2799 que
1062 2726 1196 2782 eumdem
1209 2725 1296 2781 fuisse
1315 2725 1395 2779 nulla
1409 2724 1543 2779 evincunt
1557 2727 1744 2796 argumenta.

1026 2816 1053 2870 3.
1076 2813 1150 2869 Ante
1167 2813 1253 2886 hujus
1276 2814 1345 2867 anni
1369 2812 1458 2868 llnern
1472 2812 1592 2885 contigit
1604 2811 1766 2885 Augustini
1779 2825 1838 2868 cum

992 2902 1081 2958 Felice
1094 2901 1260 2974 disputatio.
1280 2902 1345 2957 Erat
1359 2901 1382 2956 is
1394 2917 1468 2956 nnus
1479 2900 1731 2957 ellanichaeorum
1744 2898 1837 2958 Electis

991 2991 1117 3063 (Possid,
1130 2994 1159 3046 v'n
1176 2993 1242 3047 Vita
1253 2991 1381 3059 August,
1397 3006 1420 3045 c.
1435 2990 1476 3058 le)
1489 3006 1522 3045 ec
1535 2989 1666 3060 ipsorum
1679 2989 1837 3047 doctoribus

991 3079 1120 3149 (Hetraet.
1131 3081 1150 3135 t.
1161 3083 1190 3151 2,
1201 3096 1261 3151 cap.
1273 3080 1311 3150 8),
1324 3079 1485 3134 liberalium
1496 3078 1612 3151 quidem
1624 3078 1835 3152 disciplinarum

991 3167 1155 3240 imperitus3
1171 3173 1297 3224 attamen
1316 3170 1481 3238 Fortunato,
1497 3183 1584 3240 quem
1598 3168 1782 3240 Augustinus
1794 3166 1835 3222 sd·

990 3257 1045 3312 hnc
1057 3257 1205 3329 presbyter
1218 3258 1248 3313 in
1262 3257 1377 3328 publica
1393 3256 1597 3329 disceptatione
1612 3272 1691 3313 anno
1705 3260 1834 3313 trecente·

989 3347 1062 3401 simo
1080 3347 1267 3418 nonagesimo
1285 3346 1369 3401 tertio
1388 3346 1558 3415 convicerat,
1583 3346 1670 3418 longe
1685 3346 1830 3402 versutior.

993 3437 1154 3508 Hipponem
1168 3440 1285 3490 venerat
1307 3451 1418 3490 errores
1432 3451 1499 3489 suos
1514 3435 1766 3491 disseminatores.
1795 3435 1833 3489 An

989 3529 1087 3579 autem
1100 3524 1123 3578 is
1139 3523 1216 3579 idem
1231 3522 1307 3579 Felix
1321 3523 1416 3591 luerit,
1433 3524 1468 3579 ad
1482 3539 1568 3596 quem
1583 3527 1678 3578 exstat
1688 3518 1833 3594 Augustini

990 3612 1111 3684 epistola
1125 3611 1228 3684 (Epist.
1241 3614 1288 3682 19)
1303 3628 1367 3684 quac
1377 3612 1543 3683 presbytero
1558 3612 1716 3666 Hauichaeo
1730 3617 1833 3668 nunu

990 3701 1162 3766 inscribitur,
1178 3701 1255 3756 haud
1269 3704 1345 3756 certo
1359 3700 1473 3756 scimus.
1491 3701 1529 3755 Ex
1545 3715 1580 3755 ea
1594 3700 1779 3773 intelligitur,
1793 3700 1833 3755 ho

990 3789 1098 3846 minem
1108 3790 1190 3845 illum
1202 3789 1294 3861 qualis
1302 3789 1565 3845 essetdissimulare
1573 3794 1727 3856 conatum
1739 3794 1768 3846 at
1776 3803 1833 3845 curu

989 3879 1163 3950 colloquium
1179 3894 1243 3933 cum
1258 3878 1430 3950 quibusdam
1443 3878 1596 3934 Catholicis
1610 3879 1771 3948 habuisset,
1784 3883 1833 3934 stv-

989 3967 1041 4022 tim
1060 3967 1095 4022 ab
1118 3967 1175 4022 illis
1196 3966 1407 4038 deprehensum
1422 3967 1520 4035 tuisse,
1541 3983 1573 4022 ac
1588 3972 1687 4022 sancto
1712 3963 1835 4023 Antistiti

989 4056 1126 4112 delatum.
1143 4057 1261 4112 Hortum
1282 4072 1340 4111 ase
1360 4056 1466 4128 despici
1480 4056 1664 4127 predicabat,
1679 4055 1834 4113 dictitabat-

990 4160 1046 4217 que
1064 4161 1094 4200 se
1120 4144 1195 4217 apud
1208 4144 1400 4216 Augustinum
1426 4144 1576 4217 magnoin
1594 4160 1718 4201 numero
1731 4143 1833 4207 heberi.

989 4233 1221 4306 quandoquidem
1237 4233 1273 4288 de
1286 4233 1343 4287 suis
1354 4233 1577 4305 comprimendis
1595 4233 1749 4289 conatibus
1762 4232 1836 4288 solli·

989 4323 1060 4377 citus
1074 4325 1157 4378 esset.
1168 4321 1210 4376 Ad
1225 4337 1291 4376 eum
1306 4337 1375 4394 ergo
1388 4322 1539 4394 epistotam
1554 4321 1633 4377 dedit
1646 4322 1833 4394 Augustinus,

988 4411 1102 4467 brevem
1126 4410 1204 4466 illem
1225 4410 1353 4483 quidem,
1377 4413 1407 4465 et
1426 4412 1646 4467 vehementem:
1663 4411 1696 4467 in
1708 4411 1835 4484 quaque

88 4494 146 4550 suis
161 4495 249 4568 ipsius
263 4494 430 4552 vulneribus
443 4511 517 4551 nova
526 4495 730 4567 superaddant,
744 4512 781 4553 ne
793 4499 935 4554 cruciatus
989 4500 1211 4555 ostentationem
1230 4499 1338 4564 irridet,
1363 4498 1552 4571 camdemque
1579 4499 1834 4564 ratiocinationem,

88 4590 220 4656 augeant,
236 4601 273 4641 ne
288 4585 412 4658 denique
432 4585 561 4642 dolorem
583 4584 681 4641 dolore
695 4585 851 4654 cumulent,
867 4586 936 4642 defi·
989 4604 1076 4660 quam
1087 4587 1195 4643 diluere
1206 4587 1375 4661 nequiverat
1383 4587 1474 4659 ipsius
1484 4602 1641 4660 praecessor
1655 4588 1836 4657 Fortunatus,

88 4668 187 4726 ciendo
201 4672 245 4728 vel
261 4672 291 4727 in
306 4673 516 4746 suspicionibus
531 4674 620 4743 falsis,
634 4675 679 4731 vel
692 4674 722 4730 in
736 4675 936 4748 peccatiselie·
987 4678 1029 4733 illi
1051 4676 1197 4750 proponit,
1213 4677 1386 4733 denuntians
1410 4681 1442 4732 ut
1460 4678 1504 4732 vel
1519 4692 1582 4731 eam
1597 4678 1699 4746 solvat,
1715 4678 1759 4733 vel
1773 4676 1837 4733 inde

87 4759 146 4829 uis;
162 4759 218 4833 ipsi
227 4760 367 4831 videlicet,
381 4764 432 4837 qui
441 4779 523 4837 spem
532 4763 659 4836 aliquam
668 4763 775 4819 habent
785 4764 821 4820 ad
832 4765 933 4833 ileum,
988 4765 1129 4822 abscedat.
1156 4765 1185 4821 si
1208 4765 1326 4836 quidem
1349 4765 1496 4837 presbyter
1508 4765 1556 4820 ille
1573 4765 1750 4821 hebioneus
1762 4765 1836 4822 idem

86 4849 716 4924 proquibusipsecontinuispericuliscaput
729 4851 935 4925 objicitzquod
988 4855 1034 4924 sit,
1054 4853 1105 4925 qui
1128 4857 1157 4908 et
1179 4854 1270 4922 Felix;
1300 4854 1362 4909 haec
1388 4853 1430 4908 illi
1453 4853 1606 4926 contigisse
1634 4855 1836 4927 comperimus.

86 4937 165 4994 enim
179 4938 215 4995 ad
229 4937 421 4996 schismaticos
436 4941 548 5011 attinet,
563 4941 614 5013 qni
626 4940 757 5012 nequitia
774 4941 859 5012 plane
874 4940 935 4997 dia·
988 4944 1086 5001 Oblata
1100 4945 1167 4997 sunt
1183 4941 1209 4997 ci
1222 4956 1274 4997 sua
1287 4943 1402 5014 scripte,
1419 4942 1474 4997 hoc
1488 4947 1540 5008 est,
1557 4958 1623 5014 quas
1637 4959 1736 4999 secum
1752 4943 1837 4999 habs·

86 5027 179 5085 bolica
192 5026 331 5100 gaudium
345 5043 361 5084 e
375 5031 433 5083 tam
449 5028 585 5085 luctuosis
599 5028 709 5085 casibus
724 5027 933 5101 percipiebaut;
987 5030 1037 5087 bat
1060 5030 1222 5087 Hauichoeea
1244 5031 1383 5086 doctrina
1407 5015 1553 5086 volumine
1568 5046 1693 5087 numero
1720 5031 1838 5087 forum

87 5123 173 5191 atque
193 5117 224 5173 in
247 5116 377 5172 Ecclesiae
400 5117 619 5173 membrisvitia
634 5117 934 5190 qucedauuiuvestiga·
987 5120 1126 5193 quinque,
1149 5135 1261 5175 necnon
1287 5119 1340 5174 sub
1368 5118 1482 5190 publico
1506 5118 1599 5190 sigillo
1621 5119 1768 5175 custodita
1793 5117 1839 5190 (ne

85 5205 165 5276 baut,
180 5206 258 5262 unde
280 5206 333 5260 toti
352 5204 429 5260 illius
443 5205 558 5277 corpori
571 5205 735 5275 illuderent,
750 5204 804 5278 ipsi
818 5205 935 5278 quidem
987 5211 1135 5266 Actiacum
1147 5209 1243 5273 Felice,
1255 5209 1302 5263 lib.
1316 5212 1341 5273 1,
1357 5224 1417 5279 cup.
1434 5208 1471 5278 1).
1489 5208 1592 5264 Octavo
1602 5207 1667 5263 idus
1680 5205 1839 5264 decembris

87 5295 245 5368 expeditius
272 5294 432 5361 videbatur,
457 5310 506 5348 cos
524 5297 717 5357 contemnere,
740 5297 768 5349 et
789 5309 935 5361 canum,a
989 5298 1058 5354 adiit
1071 5299 1236 5354 Curatorem
1252 5312 1302 5351 seu
1316 5298 1451 5367 Majorem
1472 5296 1561 5364 urbis,
1577 5296 1662 5368 eique
1677 5295 1839 5369 supplicem

86 5384 191 5455 quibus
209 5386 329 5442 vulnera
343 5384 440 5441 Lazari
455 5382 649 5454 tingebantur,
663 5383 726 5439 loco
740 5383 855 5440 habere.
877 5384 934 5439 llo-
987 5385 1118 5440 libeltum
1128 5384 1241 5453 obtulit,
1253 5384 1366 5456 publice
1376 5384 1537 5451 clamitans,
1548 5400 1613 5439 cum
1623 5385 1773 5441 codicibus
1782 5384 1839 5440 suis

86 5477 136 5529 net
158 5475 365 5548 Hipponenses,
389 5477 479 5532 Ecum
502 5471 628 5530 fortassis
646 5472 710 5529 ideo
731 5473 856 5530 uoluisse
879 5474 934 5530 hoe
990 5491 1019 5529 se
1033 5476 1165 5547 paratum
1178 5490 1240 5532 esse
1259 5472 1382 5538 incendi.
1402 5475 1426 5530 si
1440 5473 1549 5547 aliquid
1560 5473 1630 5530 mali
1644 5480 1796 5547 repertum
1809 5473 1840 5530 in
