3884 6112
84 209 131 262 'dil
704 199 783 252 VITA
802 198 829 252 S.
849 196 1037 252 AUGUSTlNl
1059 193 1230 251 EPISCOPI·
1784 195 1830 246 'ste
1883 267 1885 273 Ι

82 345 99 383 a
123 343 181 400 quo
199 327 309 382 litteras
328 325 422 380 nullae
444 329 599 395 acceperat,
616 323 755 392 scribero;
771 328 833 377 tum
854 320 932 392 quod
989 319 1097 391 aliquid
1112 316 1226 391 gravius
1238 314 1441 387 suspicaretur,
1456 311 1607 368 certiorem
1616 312 1725 369 iaceret
1740 329 1748 369 ε
1763 314 1838 387 quod

83 415 145 488 ipse
169 413 280 470 tardius
313 411 460 478 Quintiani
496 410 647 482 epistolam
677 411 842 482 accepisset,
872 413 935 463 tum
989 413 1018 464 et
1030 407 1085 480 ipsi
1100 404 1295 462 misericordia
1309 403 1434 476 quadam
1448 400 1585 457 concessit
1604 401 1795 473 Augustinus,
1812 408 1840 458 ut

84 503 162 577 quod
176 502 264 574 plebi,
280 517 344 572 qua
359 498 565 572 dispensationi
584 514 643 553 sum
658 499 809 553 commissa
823 512 881 551 nou
894 510 937 550 es·
989 514 1007 553 a
1026 495 1195 570 presbyterii
1215 508 1336 549 munere
1359 497 1499 561 remotus,
1513 489 1555 546 ihi
1576 506 1643 546 cum
1667 490 1840 563 diligentiori

86 598 137 659 set,
152 593 228 647 ultro
243 590 366 646 scrihere
380 605 432 644 nec
451 588 579 655 auderet,
592 604 645 643 nec
668 604 720 642 sua
739 586 858 659 quidem
871 602 936 640 sen·
990 583 1208 642 existimationis
1223 597 1282 637 sua
1295 597 1376 650 eura,
1391 582 1451 648 aut,
1467 578 1717 653 quemadmodum
1731 578 1773 634 ait
1784 595 1843 634 aaa

85 680 175 737 tentia
200 684 275 734 reete
302 682 412 750 posset;
433 693 514 731 suam
540 691 607 730 rero
631 675 721 747 ipsius
746 675 782 731 ad
804 689 870 730 eum
897 689 936 729 re
991 679 1053 729 ctus
1067 673 1184 739 Praesul,
1200 670 1355 726 correctior
1366 668 1483 724 vireret.
1500 669 1531 724 lu
1551 668 1646 724 iudice
1660 665 1843 741 epistolarum

86 767 269 837 sponsionem
288 765 423 820 omuibus
442 763 525 819 facile
549 763 767 818 satisfacturam.
789 762 938 834 Significat
991 760 1153 833 Augustini,
1166 774 1255 815 unam
1270 758 1307 814 ad
1322 757 1463 812 Victorem
1477 756 1680 828 presbyterum
1693 754 1731 811 de
1745 769 1843 826 campo

55 857 180 918 ’illum
199 870 265 909 cum
278 852 402 916 libuerit,
426 852 462 907 ad
477 869 507 906 se
529 851 627 906 venire
645 868 740 923 possa,
764 866 936 906 neeonero·
994 851 1119 907 Bullensi
1147 852 1278 904 recenset
1308 846 1451 903 Possidius
1484 845 1526 917 (br
1551 845 1688 912 lumerto,
1719 858 1780 914 cup.
1803 843 1840 913 Ἰ).

88 944 227 1000 sumsere
242 942 395 997 adrentum
410 942 486 1012 ejus,
502 957 559 995 non
580 945 676 996 tamen
693 940 777 996 licere
803 940 857 995 sibi
871 954 938 993 eum
992 937 1208 995 Abundantium
1222 936 1307 991 simul
1323 934 1474 990 admonuit
1487 933 1677 1004 Augustinus,
1689 931 1714 986 si
1728 932 1842 987 velletr

88 1032 238 1087 admittere
253 1030 288 1084 ad
309 1045 392 1084 suam
410 1029 654 1096 communionem,
671 1028 803 1100 quicum
823 1027 938 1084 Aurelio
994 1027 1134 1082 sententia
1150 1026 1180 1081 in
1194 1041 1223 1080 se
1239 1026 1294 1080 tata
1307 1039 1472 1096 provocare,
1487 1021 1515 1077 id
1530 1020 1587 1092 ipsi
1604 1019 1770 1077 intremui
1782 1035 1843 1090 spe·

88 1137 146 1175 nou
159 1119 391 1174 communicaret.
405 1119 438 1173 lu
457 1118 510 1172 bac
525 1133 639 1189 quoque
654 1117 785 1189 epistola,
801 1117 869 1189 quid
884 1131 938 1170 nu·
993 1115 1066 1170 tium
1079 1130 1113 1169 ex
1129 1113 1231 1168 ultimo
1245 1111 1366 1167 concilio
1378 1110 1503 1165 liberum
1513 1125 1574 1164 esse
1585 1107 1698 1180 (Codice
1712 1107 1844 1165 Caucasus

88 1222 170 1276 para
189 1206 310 1260 concilio
337 1207 372 1261 de
395 1206 542 1261 monachis
563 1206 728 1266 monasterii
750 1205 940 1260 desertoribus
993 1204 1097 1270 Afric,
1118 1218 1178 1257 con.
1200 1205 1258 1268 79);
1275 1216 1331 1273 quo
1350 1203 1480 1271 tempore
1502 1199 1609 1270 elapso,
1625 1196 1689 1267 jam
1705 1194 1744 1251 ed
1764 1210 1845 1268 agen

90 1299 226 1350 statutum
250 1295 295 1362 sit,
318 1295 469 1349 observat:
494 1294 572 1348 unda
594 1293 774 1360 adducimur,
789 1298 822 1348 ut
844 1292 941 1348 creda·
995 1291 1064 1346 dum
1079 1289 1248 1361 neutiquam
1268 1288 1477 1344 admitteretur.
1491 1285 1634 1357 xantippo
1655 1298 1774 1356 quoque
1788 1287 1844 1338 tan-

90 1399 155 1437 mus
182 1399 256 1449 eam,
288 1387 352 1454 post
378 1385 506 1453 acceptas
534 1381 647 1437 circiter
672 1382 787 1436 Domini
812 1382 941 1436 Natalem
995 1395 1083 1451 quam
1103 1377 1259 1449 provincias
1281 1376 1399 1449 primati
1422 1374 1544 1447 scripsit,
1558 1372 1626 1429 facti
1646 1372 1692 1428 sui
1707 1371 1845 1428 rationem

91 1471 238 1537 Quintiani
253 1472 370 1538 litteras,
387 1473 440 1526 hoc
455 1474 581 1525 vertente
596 1486 671 1525 anno
690 1470 823 1542 scriptam
841 1470 941 1536 fuisse;
997 1466 1167 1523 redditurus.
1198 1470 1327 1538 Cumque
1355 1465 1454 1520 liceret
1480 1460 1666 1518 Abundantio
1692 1460 1844 1532 postulare,

92 1576 158 1614 cum
171 1576 228 1614 nun
249 1559 327 1614 aliud
343 1577 358 1614 e
373 1559 491 1614 concilio
505 1559 640 1630 proferat,
656 1575 742 1631 quana
756 1560 832 1630 quod
850 1558 944 1613 luerat
998 1560 1029 1611 ut
1051 1572 1097 1610 sex
1119 1555 1247 1626 episcopi
1271 1554 1306 1609 de
1327 1570 1412 1609 causa
1437 1552 1499 1624 ejus
1513 1559 1641 1607 extremo
1657 1550 1771 1622 judicio
1785 1565 1846 1621 pro·

94 1649 121 1702 iu
138 1648 354 1720 Carthaginensi
366 1648 458 1703 idibus
474 1647 643 1719 septembris
657 1647 852 1702 coustitutum.
998 1643 1177 1709 nuntiarent;
1192 1642 1346 1713 prolitetur
1359 1640 1548 1713 Augustinus,
1564 1640 1588 1694 si
1601 1639 1658 1694 hoe
1671 1640 1705 1694 ia
1719 1636 1846 1693 examine

131 1739 157 1791 6.
174 1737 205 1791 ld
221 1736 312 1791 ferme
337 1735 475 1807 temporis
493 1736 670 1807 Augustinus
688 1736 723 1790 de
743 1751 827 1789 causa
846 1734 944 1789 Abun·
999 1732 1103 1803 dignus
1116 1730 1295 1802 depositione
1309 1727 1334 1783 is
1347 1745 1406 1784 nou
1421 1727 1507 1783 tuerit
1518 1731 1846 1799 repertus,posseqaem

94 1824 184 1878 dantii
212 1824 383 1879 sententiam
403 1823 477 1887 tulit,
498 1829 624 1890 cantum,
639 1828 673 1878 ut
700 1823 760 1896 ipse
781 1823 943 1895 profitetur,
999 1820 1126 1890 libuerit,
1141 1819 1167 1874 ei
1181 1819 1332 1875 Ecclesiam
1348 1835 1406 1874 sara
1423 1817 1632 1890 Jurisdictionis
1656 1816 1847 1884 committere,

96 1911 196 1966 diebus
224 1917 289 1966 aute
318 1911 497 1967 Dominicum
527 1912 640 1966 Paschae.
661 1914 763 1982 (Epist.
788 1914 833 1982 65,
856 1928 884 1967 ra.
905 1912 944 1982 2),
999 1910 1053 1965 sihi
1067 1926 1133 1965 vero
1144 1909 1173 1966 id
1184 1910 1262 1964 nullo
1277 1908 1363 1964 modo
1378 1908 1604 1979 esseintegrum,
1616 1922 1653 1960 ne
1667 1921 1736 1978 quar
1749 1905 1848 1961 damae

95 2000 145 2070 qui
159 2004 258 2055 octaro
268 1999 332 2055 idus
346 1999 446 2071 aprilis
460 1999 572 2055 iuturus
587 2005 656 2055 erat.
668 2000 826 2056 Primatum
840 2000 870 2055 in
886 2001 945 2055 Nu·
999 1997 1066 2051 hinc
1088 1998 1162 2053 iorte
1186 1997 1339 2061 orirentur,
1364 1997 1394 2052 in
1416 2013 1446 2052 se
1459 1997 1554 2068 ipsum
1578 1994 1754 2050 reciderent.
1778 1995 1849 2050 lianc

96 2086 185 2141 midia
208 2092 276 2141 tunc
298 2087 446 2143 obtinebat
464 2088 621 2160 xantippus
641 2088 721 2157 (ibid.
742 2090 866 2158 titulo):
887 2105 945 2161 quo
1000 2085 1150 2156 epistolam
1173 2102 1317 2141 summum
1331 2084 1449 2141 ineunte
1468 2101 1542 2139 anuo
1563 2082 1848 2156 quadringentesimo

96 2191 165 2229 sane
180 2179 308 2245 tempore
324 2176 431 2231 Pascha
445 2175 475 2230 iu
490 2181 620 2231 octamm
638 2175 704 2231 idus
718 2176 817 2249 aprilis
831 2176 946 2232 nonnisi
1000 2175 1133 2242 secundo,
1165 2179 1193 2230 et
1222 2174 1309 2230 dubio
1342 2173 1442 2246 procul
1474 2177 1541 2229 ante
1572 2172 1692 2240 Pascha,
1720 2171 1852 2244 scriptam

97 2278 172 2317 auno
194 2263 477 2336 quadringentesimo
495 2264 619 2319 secundo
638 2263 771 2319 incidisse
792 2264 944 2335 reperitur.
1000 2262 1087 2318 fuisse
1107 2267 1230 2334 oportet.

98 2352 154 2406 llac
168 2366 236 2422 ergo
247 2352 282 2406 de
296 2368 326 2406 re
339 2355 416 2407 sexto
426 2352 562 2406 kalendas
572 2351 719 2423 januarias
730 2351 797 2406 anni
812 2352 947 2424 quadrin-
1035 2355 1062 2405 7.
1089 2351 1264 2407 Referendus
1288 2348 1402 2405 videtur
1423 2348 1460 2404 ad
1483 2348 1551 2404 anni
1573 2346 1848 2422 quadringentesimi

97 2439 248 2510 gentesimi
262 2440 348 2511 primi
357 2440 505 2510 judicavit.
523 2441 588 2494 Erat
599 2438 797 2494 Abundantius
815 2440 880 2509 loci,
896 2439 947 2512 qui
1001 2438 1088 2511 primi
1103 2439 1210 2495 exitum
1223 2439 1333 2494 tristior
1346 2438 1395 2493 ille
1414 2453 1504 2499 casus.
1517 2453 1606 2510 quem
1619 2436 1706 2493 initio
1720 2436 1850 2510 quadrin

99 2527 345 2583 Strabonianensis
381 2528 539 2595 dicebatur,
566 2527 596 2582 in
629 2528 743 2583 diaecesi
770 2529 947 2602 hipponensi
1001 2527 1154 2598 gentesimi
1176 2527 1292 2583 secundi
1312 2530 1456 2582 recentem
1472 2527 1567 2581 adhuc
1584 2525 1704 2597 lugebat
1717 2524 1848 2596 Augusti·

98 2616 254 2687 presbyter.
271 2616 390 2671 lbicam
406 2617 556 2671 Ecclesiam
569 2616 752 2687 gubernaret,
767 2617 874 2672 lamam
889 2635 945 2673 non
1002 2631 1066 2671 nus.
1082 2616 1229 2689 Crispinus
1250 2615 1424 2672 Culamensis
1446 2630 1462 2669 e
1481 2613 1582 2671 Donati
1601 2618 1684 2686 parte
1705 2613 1849 2685 episcopus

98 2705 202 2758 bonam
219 2704 325 2760 habere
343 2704 450 2776 eoepit:
472 2719 529 2775 qua
552 2704 724 2760 conterritus
744 2705 812 2760 licet
834 2711 947 2761 sanctus
1002 2720 1067 2759 cum
1080 2705 1303 2776 haudquaquam
1319 2720 1353 2759 eo
1364 2703 1528 2758 diuitiarum
1542 2707 1731 2774 metu,quem
1745 2701 1849 2758 Petilia

97 2791 232 2860 Antiates,
248 2792 321 2847 nihil
339 2797 435 2847 tumen
454 2797 561 2847 temere
584 2792 714 2848 credidit.
732 2795 837 2848 Verum
858 2794 948 2850 lactus
1002 2809 1056 2849 nas
1083 2809 1143 2848 sura
1167 2798 1250 2848 secta
1277 2792 1443 2848 hominihus
1474 2792 1567 2846 inesse
1593 2791 1784 2863 praedicabat,
1807 2789 1850 2847 sai

97 2879 163 2933 inde
178 2880 335 2946 sollicitior,
351 2895 469 2951 operam
484 2880 572 2947 dedit,
588 2880 612 2934 si
627 2897 684 2953 quo
704 2882 788 2937 modo
803 2886 899 2953 posset
913 2881 946 2936 ad
1002 2897 1100 2936 amore
1116 2887 1215 2937 eontra
1229 2896 1328 2935 earam
1343 2884 1490 2935 teneretur
1504 2879 1615 2950 (Contra
1629 2879 1753 2933 Litterae
1766 2877 1848 2946 Petri,

97 2966 193 3038 aliqua
207 2968 367 3038 depravatae
388 2967 465 3022 illias
485 2968 550 3023 rita
565 2975 641 3024 certa
659 2969 766 3024 indicia
784 2970 946 3040 pervenire.
1002 2971 1050 3026 tib.
1071 2974 1098 3038 2,
1114 2988 1136 3027 c.
1153 2974 1197 3039 ee,
1213 2986 1240 3025 u.
1261 2971 1341 3040 Ἠὼς
1362 2973 1460 3023 coacta
1481 2967 1613 3038 pecunia
1636 2982 1697 3021 non
1719 2963 1848 3022 mediocri

99 3054 226 3109 Primum
244 3056 496 3126 igiturcomperit,
512 3057 594 3111 illum
614 3057 650 3112 de
671 3058 866 3129 pecuniesuae
881 3058 947 3114 fidei
1002 3075 1114 3114 summa
1141 3059 1281 3131 praedium
1310 3057 1379 3113 emit
1406 3056 1607 3128 ldappaliense,
1628 3070 1689 3110 non
1713 3054 1800 3127 longe
1819 3053 1847 3109 ab

97 3142 239 3196 arirstico
260 3143 368 3198 credita
391 3145 501 3199 nullam
522 3161 604 3217 posse
626 3145 804 3216 prohabilem
829 3147 947 3202 reddere
1003 3146 1131 3218 llippoue
1152 3146 1241 3200 situm
1266 3144 1371 3216 (Epist.
1399 3146 1442 3208 66,
1458 3160 1487 3198 rr.
1511 3143 1548 3214 l),
1564 3143 1646 3213 cujus
1671 3143 1792 3198 miseros
1810 3141 1846 3197 iu·

98 3229 236 3283 rationem
251 3245 258 3285 :
274 3234 360 3302 atque
378 3230 449 3286 adeo
468 3232 542 3286 hanc
562 3232 657 3304 ipsum
676 3232 707 3288 iu
729 3249 798 3288 usas
815 3235 948 3306 proprios
1002 3235 1077 3290 colas
1095 3239 1155 3290 tanr
1175 3233 1314 3289 violenter
1338 3230 1481 3304 oppressit
1503 3237 1589 3303 atque
1612 3231 1805 3298 conturbavit,
1820 3235 1846 3286 at

97 3317 278 3372 convertisse.
296 3319 601 3375 1sdeiudaconrictus
623 3320 687 3388 fuit,
703 3322 781 3394 quod
791 3322 897 3393 jejunii
911 3323 947 3378 ob
1002 3339 1060 3376 uno
1076 3321 1192 3377 terroris
1206 3321 1317 3390 impetu
1334 3319 1479 3390 octoginta
1497 3319 1587 3374 ferme
1606 3317 1720 3373 animas
1740 3319 1844 3374 miserr-

99 3404 227 3460 Natalem
241 3406 422 3463 Dominicum
435 3408 560 3463 instituti
572 3407 818 3482 dieaGippitauo
829 3409 948 3482 presby·
1001 3410 1053 3466 hili
1072 3409 1180 3482 gemitu
1203 3408 1384 3463 mussitantes
1406 3424 1464 3463 nou
1488 3406 1626 3462 dubitarit
1648 3405 1841 3479 rebaptizando

97 3497 168 3561 tero,
185 3496 267 3566 quasi
280 3499 313 3552 ut
325 3497 442 3553 domum
456 3502 610 3569 repeteret,
626 3498 696 3554 hora
710 3497 822 3554 circum
835 3499 944 3571 quinta,
1002 3499 1185 3570 submergere
1202 3497 1286 3568 (cont.
1302 3498 1420 3552 Litteras
1431 3496 1522 3562 Petet,
1535 3496 1622 3561 libi,
1636 3511 1661 3551 c.
1677 3497 1725 3564 83,
1740 3511 1769 3552 rr.
1783 3492 1840 3565 tet).
1885 3532 1887 3539 ·

96 3583 151 3637 hoc
160 3588 213 3650 est,
225 3590 321 3643 nostro
332 3585 468 3659 loquendi
481 3601 571 3656 more,
580 3586 742 3655 undecima,
754 3587 902 3643 discedens
912 3587 947 3642 ad
1001 3587 1178 3659 Augustinus
1192 3585 1313 3641 luctuosi
1328 3586 1445 3656 hujusce
1462 3583 1529 3639 lacti
1542 3584 1639 3639 dolore
1653 3600 1780 3656 pressus,
1793 3580 1841 3640 Cri·
1885 3638 1887 3661 Ι

97 3673 224 3743 ejusdem
238 3675 293 3730 loci
306 3675 467 3742 mulierem,
481 3691 546 3747 quae
560 3675 635 3731 mals
651 3675 795 3746 audiebat,
809 3677 889 3732 nullo
903 3693 947 3732 eo·
1002 3677 1084 3748 spino
1109 3691 1162 3748 per
1187 3674 1298 3730 litteras
1326 3673 1507 3745 significarit,
1531 3688 1561 3727 se
1591 3673 1714 3745 quidem
1741 3671 1841 3729 amau·
1885 3668 1887 3707 ³

96 3761 216 3816 mitante
238 3763 341 3818 elerico
364 3763 540 3830 divertisset3
557 3769 585 3819 et
605 3765 734 3836 quamvis
751 3764 894 3835 jejunium
917 3764 947 3819 in
1001 3781 1094 3836 posse,
1110 3769 1144 3819 ut
1166 3763 1264 3819 decem
1282 3763 1346 3818 auri
1366 3761 1472 3833 pondo,
1488 3761 1593 3833 quibus
1611 3761 1732 3816 clericos
1744 3758 1841 3818 beno

97 3847 249 3917 Gippitana
263 3849 385 3904 Ecclesia
399 3858 560 3906 servaretur
572 3867 632 3906 nou
647 3868 729 3906 secus
742 3869 774 3906 ee
793 3852 823 3907 in
837 3852 947 3908 crateris
1001 3869 1048 3908 cos
1061 3852 1236 3909 Theodosius
1250 3853 1411 3917 mulctaret,
1428 3851 1567 3917 solveret3
1580 3848 1668 3904 maile
1677 3853 1777 3906 tamea
1787 3862 1841 3906 eum

98 3934 238 4002 Ecclesiis,
253 3939 349 3990 tamen
366 3937 443 4007 apud
459 3939 589 3993 camdem
608 3939 805 3994 mulierculam
819 3940 948 4012 prandis·
1002 3942 1167 4004 admonera,
1183 3945 1216 3996 ut
1235 3940 1305 4013 quid
1326 3940 1383 3994 Deo
1409 3938 1464 4009 ipsi
1484 3953 1676 4009 responsurus
1695 3938 1744 4007 eit,
1763 3935 1841 4010 prori-

97 4031 149 4088 set,
171 4026 315 4086 coenasset,
340 4027 379 4090 et,
400 4024 477 4096 quod
501 4026 723 4097 reprehensione
750 4027 865 4098 dignius
891 4032 944 4094 est,
1000 4031 1087 4086 deat:
1118 4030 1194 4102 quod
1222 4029 1246 4084 si
1274 4028 1398 4083 affirmet
1427 4027 1540 4082 colonos
1566 4027 1776 4098 Mappalienses
1800 4039 1842 4081 sue

96 4115 296 4182 pernoctasset.
315 4112 393 4167 Tunc
407 4127 473 4168 raro
496 4113 634 4184 temporis
656 4114 845 4186 Hipponensis
863 4115 945 4170 cleri·
1001 4125 1101 4190 sponte
1124 4119 1186 4190 ejus
1205 4117 1360 4188 suscepisse
1382 4114 1625 4184 communionem,
1645 4120 1747 4187 petere
1763 4132 1801 4183 se,
1815 4116 1843 4169 ut

97 4216 156 4268 cus,
172 4200 274 4255 eodem
293 4205 424 4272 receptus
443 4200 568 4272 hospitio
588 4201 673 4260 tunde
689 4202 837 4274 publicum
857 4203 946 4258 diver·
1000 4206 1070 4277 ipsis
1087 4205 1278 4278 praesentibus
1301 4204 1442 4259 habeatur
1465 4203 1628 4275 Crispinum
1651 4203 1730 4259 inter
1752 4209 1780 4260 et
1797 4206 1842 4260 Aa·

97 4289 205 4345 soriam
227 4289 314 4344 luisse
337 4288 418 4344 facile
442 4288 610 4358 credideris)
630 4290 737 4346 aderat.
759 4290 820 4355 Quo
839 4291 946 4347 factum
1001 4294 1149 4366 guatinum
1164 4295 1199 4350 de
1215 4293 1344 4348 Ecclesia
1357 4308 1442 4349 causa
1454 4292 1620 4363 disputatio,
1631 4297 1662 4347 et
1675 4309 1742 4365 quae
1756 4292 1843 4348 utrim

97 4380 149 4443 est,
164 4382 198 4432 ut
215 4382 362 4449 quaerente
380 4378 539 4449 Augustino
562 4378 598 4433 de
617 4395 701 4434 eausa
722 4379 947 4448 Abundantii,is
1000 4400 1056 4456 que
1070 4382 1209 4449 dicentur,
1226 4381 1330 4453 scripta
1347 4385 1432 4453 atque
1446 4381 1594 4452 obsignata
1613 4380 1719 4437 iisdem
1740 4377 1843 4438 rusticis

97 4470 183 4536 eaput
194 4465 248 4520 hoc
259 4483 365 4539 negare
379 4467 602 4538 haudquaquam
616 4468 752 4539 potuerit.
769 4468 868 4540 ltaque
883 4486 946 4525 sau·
1000 4472 1103 4544 punica
1122 4471 1222 4543 lingua
1237 4474 1434 4542 exponantur;
1451 4469 1557 4542 quihus
1570 4470 1707 4541 peractis,
1724 4469 1781 4526 illis
1799 4481 1857 4541 ptr·

97 4557 158 4607 ctus
179 4554 295 4622 Praesul,
310 4557 368 4610 lleo
382 4555 505 4610 dimissis
519 4571 584 4627 qua
604 4556 653 4611 ille
672 4555 862 4625 inficiabatur,
877 4574 945 4612 cou-
1000 4559 1161 4632 Crispinum
1173 4564 1296 4631 potestas
1311 4559 1372 4629 liat,
1386 4564 1482 4614 utram
1502 4557 1600 4625 velint,
1614 4558 1843 4615 communionem

97 4639 246 4696 sessionem
267 4643 341 4698 hanc
359 4645 489 4700 sufficere
509 4643 689 4711 existimavit,
710 4649 742 4699 ut
759 4660 827 4700 eum
844 4646 879 4701 ah
899 4647 946 4701 Ec·
1000 4648 1133 4721 eligendi.
1145 4648 1231 4704 Addit
1242 4652 1392 4719 praeterea,
1403 4647 1426 4702 si
1444 4662 1515 4719 quas
1529 4646 1615 4702 etiam
1629 4647 1731 4718 plebes
1742 4645 1842 4719 Crispi-

97 4727 200 4794 elesioe,
217 4745 303 4800 quam
323 4731 448 4805 undique
461 4733 682 4788 circumstabant
700 4732 837 4804 haretici,
853 4734 944 4788 adrni-
999 4755 1053 4793 nus
1065 4743 1147 4809 putet
1161 4742 1239 4793 metu
1261 4737 1444 4792 dominorum
1466 4740 1608 4790 coactasa
1629 4735 1788 4792 nonaustt·
1800 4732 1845 4791 da·

97 4816 264 4872 nistratione
287 4825 454 4888 removeret,
478 4827 526 4877 aut
550 4821 635 4877 etiam
659 4827 779 4893 propter
800 4822 943 4879 sinistram
999 4826 1122 4892 scivisse,
1150 4842 1179 4881 se
1206 4826 1374 4898 neutiquam
1400 4840 1541 4891 recusare,
1570 4823 1642 4895 quin
1670 4824 1726 4879 hoc
1755 4823 1844 4895 ipsun

95 4907 202 4962 famam
225 4907 260 4962 de
283 4908 453 4979 presbyterii
471 4912 560 4982 gradu
586 4911 751 4984 depelleret.
777 4913 833 4966 tloc
857 4912 945 4983 igitur
998 4925 1027 4970 et
1045 4914 1084 4969 ihi
1108 4915 1167 4982 liat,
1190 4914 1267 4986 ipsos
1290 4914 1395 4969 scilicet
1417 4912 1516 4967 ambos
1540 4911 1669 4977 audiant,
1684 4911 1780 4985 iisque
1799 4926 1845 4966 aa·

96 4999 175 5051 sexto
190 4995 326 5050 kalendas
338 4996 486 5066 januarias
500 5005 614 5055 centum
633 5000 734 5056 diebus
758 5005 824 5055 ante
839 4999 945 5056 Pascha
998 5003 1065 5059 ditis
1090 5003 1198 5075 eligant
1223 5002 1297 5075 quod
1322 5000 1471 5074 placuerit.
1494 5000 1602 5065 Quibus
1624 5005 1657 5054 ut
1679 5000 1858 5072 respondeat·

96 5086 201 5140 lactum
217 5088 267 5139 est.
284 5084 388 5140 Statuit
402 5085 600 5142 Abundantius
617 5089 654 5144 ed
673 5089 871 5160 presbyterum
890 5092 942 5143 Ar·
998 5091 1155 5164 Crispinus,
1176 5108 1242 5147 eum
1267 5107 1320 5163 per
1343 5090 1498 5146 Dominum
1521 5089 1667 5145 Christum
1693 5089 1848 5145 obtestatur

95 5189 319 5242 memaneusem,
341 5173 371 5227 in
394 5174 519 5228 Bullensi
537 5192 646 5248 campo,
669 5178 743 5233 unde
768 5181 892 5246 venerat,
912 5194 942 5232 se
998 5179 1096 5250 (Epist.
1124 5183 1167 5249 66,
1192 5196 1239 5234 ran.
1267 5184 1276 5234 l
1304 5182 1342 5250 i).
1377 5177 1545 5250 Quanquam
1570 5177 1623 5233 hoc
1650 5192 1711 5232 non
1736 5178 1848 5249 potent

95 5261 403 5332 recipere.Estautem
419 5259 563 5314 Bnllascu
579 5262 942 5336 Bulla-liegiainProcon·
997 5268 1143 5339 Crispinus
1166 5268 1312 5339 defugere,
1339 5266 1410 5339 quin
1446 5266 1532 5322 simul
1559 5281 1590 5319 se
1622 5264 1701 5320 haud
1729 5265 1847 5323 aerim

96 5351 183 5405 sulari
198 5352 263 5406 sita.
281 5351 664 5423 QuapropterAugustinum
678 5353 799 5425 rogarit,
815 5354 858 5408 uti
873 5353 941 5408 scri·
997 5356 1049 5411 niti
1070 5356 1248 5411 declararet:
1274 5355 1332 5410 reri
1355 5361 1452 5409 tamen
1483 5354 1576 5409 simile
1598 5359 1651 5420 est,
1667 5352 1756 5409 illum
1780 5351 1846 5415 coit·

96 5437 178 5493 heret
194 5440 229 5495 ad
254 5441 452 5513 presbyterum
467 5438 559 5508 illum,
576 5455 608 5493 ac
631 5440 672 5494 rei
695 5441 793 5508 totilas,
816 5458 852 5497 ne
867 5442 941 5498 sorte
997 5442 1137 5499 ditionem
1171 5442 1290 5498 minime
1329 5459 1430 5498 ausum
1463 5442 1600 5523 accipere,
1629 5457 1665 5496 ue
1697 5441 1849 5498 mannase
