3884 6112
91 240 169 292 llll‘

88 364 191 416 cuneta
213 360 387 432 referuntur,
403 364 483 435 enjus
496 380 581 421 caiisa
600 368 674 423 liunt
695 369 808 443 reliqua
821 373 934 428 omnia:

88 448 106 487 a
120 432 223 487 Graecis
236 430 306 487 etto<
318 433 431 490 dicitur.
459 436 540 500 Quod
554 438 641 493 etiam
656 439 686 494 iii
700 441 937 515 philosophorum

88 518 163 628 pene
175 503 309 558 omnibus
324 504 566 577 disputationibus
581 511 729 581 quaeritur,
742 513 807 584 quis
822 514 857 569 sit
871 515 938 569 finis

108 590 161 628 ene
177 574 309 642 videndi;
327 576 428 643 virtus,
444 580 649 650 enioluptas?
665 582 762 637 Finem
778 583 866 655 igitur
895 602 939 640 ro-

87 645 186 716 prium
199 647 322 700 oratoris
335 646 422 702 officii
444 649 517 703 alius
541 651 629 706 alium
644 654 845 723 probaverunt.
865 603 939 721 diii-

88 715 210 770 busdam
224 717 302 771 enim
323 717 414 774 visum
436 725 489 786 est,
502 737 643 777 summam
664 725 783 779 oratoris
802 727 889 781 oilicii
908 727 939 781 iii

88 785 163 842 bene
174 787 293 842 dicando
310 804 381 852 esse,
398 790 572 860 quibasdam
585 794 616 848 in
635 802 711 849 recte
726 796 856 862 dicendo,
872 798 940 869 qui·

89 857 209 913 busdam
221 859 252 912 in
265 860 464 929 persuadendo
474 863 637 919 consistere.
656 865 818 930 Quinetiam
830 868 872 922 illi
889 868 942 939 qui

89 927 163 984 bene
177 933 226 983 aut
238 945 303 984 iere
318 930 412 986 dicere
424 933 511 987 linem
522 935 642 990 oratoris
656 937 743 991 olticii
756 943 938 1008 putaverunt,

89 1015 148 1054 nou
164 1000 293 1054 abnuunt
307 1005 404 1055 tamen
418 1003 523 1057 horum
538 1005 669 1076 ipsorum
683 1008 772 1062 linem
783 1025 856 1075 esse,
874 1027 938 1081 per-

90 1070 227 1124 suadere:
243 1076 274 1125 ut
287 1072 323 1126 sit
337 1073 403 1126 linis
417 1075 537 1129 oratoris
551 1076 648 1142 oflicii,
662 1079 734 1133 bene
750 1080 844 1134 dicere
856 1097 863 1147 ;
874 1081 940 1136 linis

89 1140 299 1210 benedicendi,
316 1144 495 1214 persuadere.
513 1146 585 1216 Ergo
606 1149 687 1219 quasi
713 1166 851 1205 consensu
877 1167 939 1206 om-

90 1211 180 1266 nium'
192 1212 307 1266 tinisest
323 1215 444 1268 oratoris
469 1216 567 1284 cilicii,
591 1221 774 1287 persuadere.
789 1222 846 1277 lloe
871 1223 940 1293 quia

89 1282 120 1337 in
135 1283 308 1337 calumniam
336 1285 484 1340 ridebatur
510 1304 593 1358 posse
618 1291 749 1346 recedere
779 1291 940 1362 (nonenim

90 1369 205 1423 semper
218 1355 369 1424 persuadet
382 1363 477 1411 orator
489 1371 496 1425 ;
510 1375 562 1412 uec
572 1359 757 1431 sialiqnsndo
767 1363 940 1443 persuadere

90 1440 149 1478 non
182 1425 261 1490 assit,
279 1425 443 1482 facultatem
474 1433 502 1483 et
537 1446 643 1484 nomen
668 1438 789 1487 oratoris
813 1434 939 1502 amittit),

90 1441 199 1550 addiiiit
214 1497 411 1567 Hermagoras,
427 1515 484 1570 quo
498 1500 671 1556 calumniam
687 1503 835 1575 effugeret,
852 1504 940 1558 linem

92 1581 152 1620 esse
167 1567 287 1621 oratorie
314 1569 412 1638 oflicii,
435 1570 619 1640 persuadere,
648 1580 791 1644 quatenus
814 1575 940 1629 conditio

91 1652 188 1691 rerum
203 1654 447 1710 personarumque
455 1642 572 1711 patitur.
588 1643 650 1698 alia
660 1644 779 1700 subinde
790 1661 824 1700 ex
838 1646 941 1699 eodem

91 1708 176 1762 verbo
192 1709 382 1779 persuadendi
396 1712 540 1767 calumnia
553 1713 690 1780 nascitur,
706 1717 820 1769 inventii
842 1732 909 1770 saue
925 1733 941 1769 a

90 1778 220 1843 Platone,
244 1783 363 1834 tractata
400 1783 524 1836 multum
552 1783 583 1837 in
608 1785 729 1854 Gorgie;
758 1786 808 1840 sed
830 1791 895 1856 post
909 1802 941 1840 ac

91 1850 183 1903 multo
201 1848 394 1919 impudentius
407 1853 606 1922 aquibnsdam
622 1855 759 1909 technicis
778 1856 940 1911 obtrectan-

91 1920 169 1973 tibus
183 1920 366 1991 Hermagoria
388 1921 570 1992 frequentata
584 1925 603 1979 ¹.
625 1926 736 1996 Negent
753 1927 859 1999 quippe
874 1943 941 1998 pro·

90 1989 189 2060 prium
218 2006 278 2044 esse
311 1990 398 2045 linem
425 1993 546 2047 oratoris
570 1994 655 2050 cilicii
685 1997 869 2067 persuadere,
890 1998 941 2052 sed

92 2076 277 2114 communem
291 2077 364 2130 pene
380 2078 445 2116 enni
461 2064 617 2121 universis:
635 2083 702 2121 nam
729 2072 757 2122 et
781 2069 940 2123 methema·

91 2131 164 2184 ticos
190 2130 224 2185 de
253 2131 298 2198 iis,
324 2149 389 2203 quai
405 2132 436 2187 in
460 2136 591 2191 notitiem
609 2138 738 2208 ipsorum
765 2139 939 2205 ceciderunt,

92 2202 283 2273 persuadere,
298 2208 326 2256 et
339 2204 463 2258 medicos
479 2205 514 2260 de
529 2206 574 2271 iis,
589 2224 654 2280 quie
678 2209 710 2264 iii
738 2214 798 2264 arte
813 2210 941 2281 ipsorum

92 2273 305 2339 contineantur,
319 2275 489 2344 persuadere
501 2293 507 2342 ;
524 2277 641 2349 opifices
666 2281 752 2335 etiam
768 2285 795 2335 et
809 2282 941 2336 taberna·

92 2343 160 2408 rios,
176 2342 282 2411 fabros,
306 2350 335 2398 et
361 2346 384 2399 si
406 2345 457 2416 qui
472 2348 638 2418 hujusmodi
654 2355 730 2416 sniit,
747 2367 830 2422 posse
845 2353 880 2408 de
895 2368 941 2419 eo,

93 2413 171 2485 quod
194 2418 289 2483 agent,
321 2416 410 2470 cuivis
438 2418 624 2488 probabiliter
649 2422 830 2491 persuadere,
860 2423 942 2494 quasi

92 2485 203 2538 ratione
218 2484 342 2539 iaciant:
372 2502 440 2558 ergo
455 2505 512 2543 non
532 2506 592 2545 esse
609 2491 755 2563 integrum
770 2492 868 2557 tinem,
892 2492 942 2564 qui

93 2556 183 2609 solani
198 2556 432 2612 communitatem
443 2559 554 2622 haheat,
571 2568 665 2616 careat
676 2579 728 2634 pro
751 2564 865 2619 rietate:
881 2579 942 2618 esse

94 2626 189 2681 ectum
203 2627 394 2697 persuadendi
409 2645 592 2685 communem
600 2649 665 2687 cum
679 2580 785 2700 mniiis,
798 2633 942 2690 etidcirco

93 2712 152 2751 non
166 2712 225 2750 essa
239 2700 410 2767 persuadere
424 2702 574 2772 proprium
599 2703 687 2759 finem
703 2705 824 2760 oratoris
843 2705 940 2760 oiiieii.

93 2767 440 2838 lluiequoqiiecalumniai
448 2773 635 2843 Hermagoras
643 2776 844 2845 percommode
855 2775 943 2830 obsis—

92 2838 136 2892 tit.
154 2838 310 2894 lliciteuim
323 2856 383 2894 esse
400 2842 520 2896 oratoris
529 2837 666 2912 oilicium,
680 2846 863 2916 persuadere,
875 2862 943 2916 qua-

92 2914 175 2964 tenus
188 2925 283 2964 rerum
299 2916 327 2964 et
337 2927 525 2981 personarum
537 2917 662 2970 conditio
673 2918 792 2987 petitur,
804 2916 943 2971 duntaxat

91 2979 123 3034 in
135 2980 265 3035 civilibus
279 2982 484 3051 quaestionibus
497 3000 578 3040 :nam
589 2987 766 3043 medicorum
777 2992 805 3042 et
815 2987 942 3058 philoso-

112 3051 216 3106 horum
234 3058 262 3106 et
274 3059 383 3106 caetere
398 3054 564 3124 hujusmodi
578 3058 752 3128 questiones
763 3063 842 3113 extra
856 3074 941 3129 regu-

90 3067 149 3176 iam
164 3123 287 3189 civilem,
301 3139 387 3193 quam
394 3123 522 3184 ailisisti
531 3128 621 3183 Graeci
631 3135 743 3197 vocant,
755 3129 940 3184 collocantur.

92 3193 205 3249 CAPUT
219 3194 266 3248 lll.
277 3223 312 3234 -
329 3195 369 3248 De
380 3197 506 3252 civilibus
528 3201 730 3268 quaestionibus,
746 3206 771 3257 et
786 3200 943 3269 differentia

324 3268 492 3332 personalium
501 3274 527 3323 et
539 3273 709 3339 specialium.

127 3335 200 3391 Sunt
211 3339 307 3389 autem
321 3337 416 3391 civiles
436 3342 620 3417 questiones,
637 3358 760 3414 quarum
782 3341 943 3414 perspectio

92 3405 122 3460 in
149 3421 332 3460 communem
362 3408 451 3463 animi
475 3413 693 3483 conceptionem
716 3418 810 3485 potest
831 3413 942 3480 cadere,

93 3493 180 3549 quam
195 3477 283 3532 Graeei
299 3477 394 3525 ἔννοιαν
406 3486 515 3537 vocant.
534 3484 638 3538 Verum
654 3489 685 3538 ut
700 3484 811 3539 facilins
836 3483 942 3538 intelli·

873 246 1067 305 erinitum.

1775 250 1844 305 itti

992 371 1103 427 ὑποθεσις
1118 376 1234 427 iocatur
1246 386 1263 425 a
1277 370 1392 426 Graecis.
1409 371 1465 425 Nos
1479 370 1568 441 priori
1581 387 1689 426 nomen
1702 372 1757 427 nisi
1771 388 1841 445 gre

992 460 1058 498 cnm
1074 445 1140 499 dare
1151 458 1208 496 non
1221 458 1384 513 possumus,
1396 457 1432 495 ne
1447 440 1598 510 posteriori
1609 442 1738 513 quidem,
1752 458 1843 515 quani

991 515 1068 586 quod
1082 514 1231 568 videamur
1245 512 1375 567 dedisse:
1390 511 1521 566 dedimus
1538 512 1663 583 quippe;
1678 521 1843 569 controver-

992 587 1064 640 siam
1075 585 1197 639 dicimus
1208 584 1255 654 (a),
1269 584 1346 655 quod
1356 598 1460 637 nomen
1471 587 1530 636 tam
1540 584 1623 642 ins-ip
1635 581 1709 644 tiso,
1719 585 1844 655 qnamiu

990 658 1037 714 τῆν
1049 653 1161 703 baetica
1175 659 1270 725 potest
1283 654 1383 709 cadere
1394 671 1402 708 ε
1414 654 1443 707 iii
1458 657 1581 724 utroque
1609 654 1687 709 enim
1712 656 1843 726 quaestio,

991 725 1047 780 boc
1068 730 1108 779 est
1136 725 1327 780 controversia
1353 730 1407 780 est.
1427 725 1516 778 Porro
1530 739 1573 781 sn<
1588 723 1723 780 ὑποθέσεως
1736 725 1846 796 signifi·

993 795 1077 865 estio,
1090 800 1119 850 et
1128 798 1289 851 declaratur
1301 813 1336 850 eir
1350 799 1412 867 ipso
1425 793 1584 919 composito
1607 796 1735 876 nomine,
1759 802 1788 852 et
1802 803 1846 852 est

992 867 1099 938 aliquid
1116 867 1191 936 quod
1208 873 1252 921 est
1264 865 1310 914 ὑπό
1322 870 1368 926 τὴν
1383 866 1456 926 ateis,
1471 864 1481 919 i
1521 869 1564 918 est
1577 866 1630 919 sub
1658 867 1708 920 illo
1739 882 1846 938 genere

993 937 1075 1009 qnasi
1089 938 1207 1007 speeies.
1223 930 1321 992 Thesis
1336 935 1379 984 osi
1393 946 1437 984 res
1452 951 1516 1006 quae
1533 935 1659 990 admittit
1673 936 1845 993 rationalem

993 1008 1261 1072 considerationem,
1272 1001 1507 1060 sinedeiinitione
1517 1022 1658 1077 personae.
1673 1007 1845 1078 Hypothesis

994 1085 1036 1133 ssi
1059 1094 1110 1132 seu
1132 1073 1335 1138 controversia,
1352 1079 1383 1128 ut
1407 1075 1566 1148 improprio
1581 1077 1699 1132 nomine
1714 1083 1843 1147 utemur,

993 1164 1039 1204 res
1052 1165 1116 1220 quia
1127 1150 1257 1204 admittat
1271 1145 1441 1199 rationalem
1455 1147 1671 1202 contentionem
1696 1164 1761 1204 cum
1774 1150 1845 1205 deii-

994 1218 1103 1274 nitione
1129 1236 1267 1290 personia.
1297 1214 1395 1270 uerius
1419 1223 1516 1272 antem
1544 1217 1763 1275 declarabuntur
1791 1220 1846 1276 sub

994 1291 1141 1361 exemplo:
1156 1291 1245 1345 thesis
1259 1292 1302 1343 est
1316 1287 1436 1357 quaestio
1460 1290 1636 1358 hujusmodi,
1653 1306 1688 1344 an
1705 1289 1844 1360 navigen-

994 1361 1075 1425 dum,
1090 1377 1126 1414 aii
1140 1358 1403 1431 philosophandum
1413 1374 1420 1423 ;
1430 1358 1596 1429 hypothesis
1606 1366 1649 1413 est
1658 1361 1780 1431 quaestio
1790 1362 1846 1416 hu·

991 1431 1129 1502 jusmodi,
1144 1447 1181 1484 an
1196 1428 1408 1485 decernendum
1421 1428 1509 1483 duelli
1523 1431 1665 1499 praelium.
1675 1432 1731 1486 Nec
1742 1431 1847 1488 desunt

1015 1502 1045 1556 ui
1060 1502 1220 1556 bincetiam
1238 1503 1440 1569 Hermagoram
1456 1499 1663 1554 criminentur:
1680 1506 1707 1555 et
1731 1502 1846 1571 Apollo-

994 1518 1081 1627 dorus
1095 1571 1125 1626 in
1139 1571 1249 1643 primis,
1265 1571 1315 1642 qui
1335 1574 1419 1639 negat
1439 1570 1596 1641 quidquam
1618 1571 1771 1626 aliudesse
1791 1572 1843 1642 by·

994 1643 1137 1713 potbesin,
1154 1658 1241 1713 quani
1256 1640 1361 1701 thesin,
1382 1646 1411 1692 et
1425 1642 1532 1694 nullius
1547 1642 1688 1695 momenti
1703 1658 1764 1696 esse
1785 1642 1844 1697 dis·

995 1713 1103 1767 crimen
1124 1727 1322 1782 personarum,
1338 1725 1502 1780 quenquam
1517 1717 1671 1792 utrumque
1686 1711 1738 1766 boe
1752 1728 1845 1784 genus

995 1784 1161 1854 quaestionis
1199 1783 1389 1851 Hermagorae
1419 1780 1579 1836 distinxisse
1606 1781 1752 1837 videatur:
1784 1799 1845 1837 non

995 1855 1091 1909 minus
1103 1853 1181 1907 enim
1196 1852 1338 1907 infinitam
1354 1855 1382 1904 et
1394 1850 1608 1906 interminatam
1628 1868 1687 1906 esse
1701 1853 1843 1923 hypothe-

994 1940 1056 1978 seos
1071 1939 1158 1994 quem
1173 1925 1285 1978 theseos
1305 1922 1502 1994 questionem.
1518 1923 1590 1977 Nam
1605 1939 1670 1977 cum
1685 1929 1841 1994 quaretur,

994 1995 1032 2050 sit
1056 2010 1144 2050 necne
1171 1991 1458 2048 animadvertendum
1485 1994 1517 2047 in
1545 1993 1684 2056 Orestem.
1704 2010 1762 2049 non
1778 2010 1845 2065 per-

995 2082 1095 2121 sonam
1111 2080 1182 2130 esse,
1198 2081 1264 2136 quae
1277 2063 1362 2119 iaciat
1387 2063 1586 2133 questionem,
1613 2064 1663 2119 sed
1679 2064 1804 2131 luctum3
1818 2070 1848 2121 et

994 2136 1067 2192 nibil
1082 2137 1219 2191 interesse
1233 2152 1270 2190 en
1282 2135 1321 2190 ita
1338 2139 1494 2206 quaeratur,
1508 2134 1545 2189 sit
1559 2150 1648 2189 necne
1665 2135 1846 2190 animadver-

995 2207 1153 2262 tendnmin
1169 2205 1363 2271 matricidam3
1379 2205 1490 2276 quodsi
1503 2205 1604 2271 itaest,
1621 2205 1695 2260 nihil
1710 2206 1786 2261 inter
1796 2205 1845 2277 hy-

995 2278 1138 2349 pothesin,
1154 2277 1306 2348 thesinque
1319 2276 1447 2331 distaret.
1475 2275 1518 2330 Ad
1540 2277 1602 2330 haec
1626 2276 1725 2340 nostri,
1751 2276 1846 2347 primo

996 2349 1126 2403 omnium
1162 2348 1307 2402 natitatem
1332 2361 1520 2417 personarum
1543 2346 1752 2418 qnaestienibue
1766 2347 1847 2403 dilie-

995 2420 1150 2473 rentiama
1172 2434 1245 2478 erre.
1267 2416 1394 2488 ipsisque
1421 2416 1508 2471 etiam
1527 2416 1744 2487 hypothesibus,
1759 2417 1846 2472 idest

996 2489 1183 2544 controversis
1198 2504 1273 2559 saepe
1286 2488 1411 2553 evenire,
1427 2491 1460 2541 ut
1473 2488 1575 2558 punita
1590 2491 1619 2542 et
1631 2487 1783 2559 impunita,
1798 2487 1848 2544 ho·

995 2565 1096 2615 norata
1104 2565 1132 2615 et
1140 2559 1322 2625 inhonorata,
1334 2558 1466 2628 quasdam
1477 2557 1666 2628 relinquenda
1685 2559 1848 2626 videantur,

995 2647 1055 2687 non
1081 2636 1140 2685 tam
1169 2647 1202 2685 eii
1228 2645 1326 2684 rerum
1362 2628 1488 2692 ualitntc,
1513 2644 1599 2698 quam
1619 2628 1756 2698 qualitate
1778 2645 1847 2700 per·
1912 2662 1930 2681 .-

996 2719 1083 2756 souae.
1100 2701 1209 2756 Deinde
1223 2701 1310 2754 etiam
1324 2646 1373 2753 iiio
1387 2699 1492 2753 distare
1507 2699 1568 2777 haec
1582 2699 1760 2780 duolgeneija
1772 2716 1849 2781 quae·

997 2773 1132 2837 alionum,
1142 2770 1256 2843 qnodin
1269 2770 1343 2824 thesi
1349 2768 1509 2839 perspectio
1525 2769 1687 2837 sitalicnyus
1699 2784 1742 2823 rei
1755 2771 1849 2840 qualis

996 2845 1042 2911 sit,
1058 2843 1088 2896 in
1099 2840 1251 2914 hypothesi
1260 2839 1404 2895 contentio
1418 2854 1425 2904 ;
1441 2843 1470 2893 et
1482 2844 1624 2910 quantum
1637 2839 1758 2894 interest
1771 2841 1848 2896 inter

996 2914 1226 2985 perspectionem
1240 2916 1268 2967 et
1282 2909 1507 2973 contentionem,
1522 2914 1634 2964 tantum
1658 2909 1734 2964 inter
1752 2911 1848 2966 thesin

997 2986 1056 3040 eth
1076 2983 1210 3055 pothesin
1225 2998 1285 3037 esse
1301 2979 1482 3037 discriminis.
1496 2979 1604 3034 Deinde
1616 2980 1648 3061 iu
1658 2980 1731 3061 thesi
1743 2980 1848 3053 quaeri,

997 3002 1074 3125 quiri
1081 3071 1181 3109 ornnes
1192 3057 1322 3124 oporteat
1336 3052 1427 3106 lacere
1439 3067 1446 3116 ;
1459 3050 1489 3106 in
1498 3050 1660 3122 hypothesi,
1675 3052 1745 3123 qnid
1755 3067 1847 3107 unum

995 3131 1046 3181 eut
1060 3127 1184 3180 alterum
1197 3130 1247 3179 aut
1261 3123 1346 3194 paulo
1362 3123 1469 3192 plnres,
1494 3128 1570 3176 certe
1584 3120 1736 3177 delinitum
1749 3122 1846 3177 homi·

997 3213 1068 3252 num
1083 3197 1213 3252 modum.
1235 3197 1269 3249 Et
1282 3195 1368 3248 etiam
1387 3192 1437 3247 illa
1452 3192 1614 3248 differentia
1627 3193 1737 3258 accidit,
1766 3193 1846 3264 qnod

997 3268 1027 3322 in
1042 3267 1126 3328 thesi,
1164 3266 1224 3320 iiasi
1235 3265 1399 3336 ignorantes
1414 3265 1571 3335 querimus
1582 3262 1847 3335 quidsitoptimum

997 3339 1087 3405 fnetn;
1102 3284 1308 3409 iniiypotliesi,
1328 3334 1411 3461 quasi
1429 3335 1550 3390 seientes
1565 3334 1754 3416 defendimus.
1772 3336 1846 3391 Tum

998 3410 1074 3481 quod
1100 3409 1194 3464 omnis
1214 3407 1302 3463 thesis
1348 3405 1473 3460 efuturo
1496 3410 1553 3471 est;
1579 3406 1745 3476 hypothesis
1770 3420 1845 3472 raro,

997 3480 1142 3553 quinimo
1164 3494 1313 3549 nunquam
1337 3477 1391 3531 nisi
1417 3477 1453 3531 de
1478 3476 1635 3547 preterito,
1652 3482 1702 3530 aut
1717 3491 1751 3531 eo
1766 3478 1844 3547 quod
1929 3494 1932 3507 ·

92 3563 152 3619 ges,
168 3564 232 3619 quae
246 3547 282 3602 sit
298 3551 357 3602 haec
380 3549 443 3630 ipsa
457 3553 581 3608 conditio
606 3571 694 3626 quam
717 3555 943 3610 demonstratam
992 3552 1057 3632 jani
1066 3555 1179 3620 agatur,
1195 3548 1477 3631 facitquaestionem:
1494 3546 1663 3628 nemoeniin
1677 3561 1846 3617 nequereus

92 3619 305 3686 essevolumus,
318 3634 415 3674 omnia
430 3638 620 3695 quaecumque
635 3625 800 3696 th'usmodi
815 3628 892 3693 sunt,
912 3629 944 3679 ut
997 3622 1060 3676 lieri
1079 3626 1184 3692 potest,
1213 3635 1269 3675 mei
1294 3618 1393 3672 iecerit
1417 3622 1468 3671 aut
1490 3616 1588 3671 iecisse
1612 3616 1732 3683 dicatur,
1752 3633 1848 3688 neque

92 3706 126 3744 ea
140 3690 248 3744 nescire
269 3689 388 3761 pudoris
402 3691 449 3762 sit,
474 3699 502 3747 et
538 3712 581 3750 nae
609 3697 652 3750 vel
668 3697 844 3768 ignorantes,
860 3695 943 3766 quasi

93 3760 216 3814 sciamus
229 3765 328 3814 tamen
355 3777 420 3816 cum
448 3711 631 3822 simuiatione
647 3783 707 3838 pree
721 3766 942 3834 nobisierimns,

93 3831 329 3903 quotiescumque
343 3831 374 3885 in
403 3834 611 3892 dubitationem
639 3849 787 3904 iocantur,
814 3837 944 3893 efficiunt

92 3903 206 3957 civilem
220 3901 419 3973 qiiaestionem.
447 3906 529 3970 Quod
544 3911 607 3964 dico
621 3909 785 3982 hujusmodi
799 3914 853 3978 est,
869 3909 893 3963 si
908 3910 944 3964 de

92 3973 217 4045 pondere
232 3973 352 4044 alicujus
366 3974 408 4030 rei
435 3984 590 4048 quaretur,
613 3981 638 4034 si
653 3997 711 4036 non
733 3980 854 4036 videaris
872 3980 943 4034 scire

93 4051 163 4116 quot
179 4043 316 4100 librarum
331 4043 378 4111 sit,
394 4062 454 4101 non
469 4053 510 4103 est
525 4052 767 4118 erubescendum
790 4051 814 4106 si
826 4051 861 4106 de
879 4052 942 4106 lon·

93 4115 222 4185 gitudine
237 4131 296 4169 noii
312 4115 414 4169 videris
429 4118 501 4172 seire
514 4125 584 4200 quot
607 4122 712 4193 pedum
740 4121 787 4186 sit,
813 4137 873 4175 non
902 4124 945 4175 est

92 4187 339 4251 erubescendum
355 4186 379 4239 si
391 4187 550 4244 deciateris
570 4191 735 4260 hujusmodi
763 4191 848 4246 rebus
872 4207 943 4261 ques

91 4258 226 4330 persequi
243 4258 360 4327 longum
375 4262 439 4311 est:
455 4260 555 4315 etideo
570 4265 806 4333 quotiescumque
816 4261 846 4315 in
859 4260 942 4315 dubi·

91 4329 230 4383 tationem
244 4327 383 4389 venerint,
406 4329 472 4384 licet
487 4330 592 4387 faciant
619 4332 818 4404 questionem,
847 4335 944 4387 tamen

91 4398 205 4454 civilem
220 4399 311 4453 iacere
334 4413 394 4452 non
417 4407 547 4480 possunt.
571 4404 670 4459 Atubi
694 4403 844 4475 quaeritur,
871 4402 943 4456 sitne

92 4469 326 4541 aliqnidjnstum
351 4484 387 4522 an
414 4473 567 4541 iniustum,
592 4475 746 4529 honestum
761 4490 797 4528 an
822 4472 943 4554 inhone-

93 4541 944 4618 stum,laudandumenreprehendendumpramioallicien-

93 4610 162 4666 dum
177 4628 215 4666 an
225 4611 375 4683 supplicio,
392 4613 463 4669 utile
477 4632 515 4670 an
530 4617 642 4685 inutile,
667 4623 696 4672 et
716 4617 741 4671 si
765 4633 823 4688 qua
842 4615 943 4685 hujus-

94 4681 172 4736 modi
189 4689 274 4749 snnt;
291 4698 376 4737 nemo
394 4699 453 4739 non
467 4687 554 4743 etiam
577 4694 654 4744 extra
667 4704 782 4743 omnem
810 4690 901 4740 artem
915 4690 946 4740 et

94 4751 244 4808 seientiam
258 4754 413 4808 collocatas
428 4759 585 4827 erubesces,
602 4760 626 4815 si
647 4761 709 4815 boec
722 4757 832 4814 nescire
846 4756 943 4812 videa-

46 4870 52 4882 ,
94 4824 150 4877 tur.
180 4825 249 4879 lnde
270 4829 314 4879 est
337 4824 415 4895 quod
438 4844 523 4884 omne
546 4846 714 4903 persuasum
736 4829 869 4891 habeant,
895 4831 945 4909 aut

94 4897 170 4947 certe
184 4894 247 4949 eliis
261 4895 434 4966 persuadere
457 4916 516 4956 non
531 4902 672 4964 dubitent.
741 4916 785 4955 sse
807 4915 837 4954 se
850 4914 944 4954 conci·

93 4979 162 5034 pere
177 4965 274 5020 animo
288 4965 441 5022 discrimen
452 4971 525 5041 justi
539 4977 567 5027 at
582 4972 690 5043 iiijusti,
702 4917 816 5026 ignem
827 4969 944 5025 etinbo·

94 5035 177 5102 nesti,
193 5042 420 5106 caeterorumque
434 5057 500 5110 quie
515 5059 601 5114 supra
625 5043 771 5110 diximus3
796 5046 824 5096 et
840 5040 944 5096 idcireo

94 5121 160 5177 qnia
174 5106 367 5185 dubitationes
383 5107 414 5165 in
427 5110 594 5182 hujusmodi
604 5114 838 5188 rebnsoriuntur,
849 5111 945 5166 civiles

95 5182 233 5233 iocantur
245 5180 429 5256 questiones,
446 5184 528 5253 qnasi
548 5201 607 5239 non
621 5185 746 5256 propria
774 5198 944 5256 paucorum,

94 5248 320 5304 sedeommunes
336 5262 547 5327 universorum.
572 5256 719 5320 Quacum
743 5256 784 5311 ila
802 5254 869 5320 sint,
885 5270 944 5309 me·

93 5320 207 5392 riteque
223 5333 369 5375 communi
385 5325 572 5394 conceptione
586 5326 675 5381 enimi
688 5325 809 5398 perspici
824 5324 944 5396 possint,

94 5391 267 5462 quaestiones
295 5404 361 5462 quae
390 5393 429 5442 aa
439 5394 586 5455 τῆςὶννοῖας
614 5397 790 5469 deprehendi
815 5401 944 5468 possunt,

93 5462 191 5517 civiles
205 5468 343 5519 iocentur
356 5472 386 5523 et
400 5472 476 5533 sunt,
490 5467 520 5522 in
535 5468 639 5540 quibus
659 5469 764 5524 versari
777 5473 807 5523 et
818 5471 945 5548 perstare

94 5533 209 5590 debebit
223 5541 329 5590 orator.
344 5539 406 5594 Duo
420 5543 488 5593 sunt
500 5539 588 5608 primi
609 5544 636 5594 et
649 5540 732 5612 quasi
745 5539 894 5611 generales
906 5555 945 5593 ci·

94 5602 195 5660 vilium
213 5606 293 5662 modi
317 5609 524 5679 questionum,
545 5626 671 5684 qnorum
693 5611 765 5666 alter
783 5609 853 5670 ttae,
873 5609 946 5664 alter

126 5674 134 5709 ¹
146 5675 254 5748 Addunt
261 5679 426 5733 benedictini
436 5681 555 5744 verbum,
566 5682 640 5741 aaut,
655 5680 727 5746 quod
739 5679 835 5734 nullibi
843 5679 945 5732 inEdd.

94 5748 268 5800 reperimnne.
332 5744 367 5795 ll.

996 3693 1148 3765 premium
1171 3695 1223 3745 aut
1245 3689 1355 3760 aliquid
1380 3688 1548 3759 hujusmodi
1573 3692 1680 3759 petere;
1708 3687 1764 3769 nisi
1786 3690 1848 3759 jam

996 3764 1116 3818 meritus
1131 3761 1178 3828 sit,
1191 3765 1242 3817 ant
1257 3760 1389 3814 meritum
1403 3775 1463 3813 esse
1478 3775 1508 3812 se
1521 3758 1683 3813 contendat.
1698 3759 1770 3814 llnic
1782 3760 1845 3815 loco

997 3830 1313 3906 opponunttyrranidis
1333 3835 1361 3885 et
1379 3829 1550 3901 proditionis
1574 3845 1649 3896 reos,
1667 3834 1696 3911 et
1717 3829 1849 3912 veneficii

996 3903 1140 3976 imperati,
1148 3910 1177 3958 et
1187 3903 1275 3974 siqua
1285 3902 1314 3956 iii
1327 3901 1460 3956 eumdem
1471 3901 1848 3982 medumeiieogitataripqs·

997 3981 1080 4032 sunt:
1096 3975 1127 4030 in
1146 3990 1203 4047 quo
1218 3974 1312 4029 studio
1324 3973 1497 4027 criminandi
1511 3973 1659 4027 falluntur.
1677 3973 1749 4027 Nam
1765 3978 1794 4027 et
1817 3989 1849 4028 iu

997 4046 1121 4119 eoquod
1135 4044 1306 4117 proditionis
1320 4059 1386 4098 reiis
1399 4048 1452 4123 est,
1468 4058 1526 4097 non
1541 4045 1576 4097 de
1590 4042 1687 4097 lutura
1705 4057 1737 4096 re
1766 4057 1847 4113 qnie-

997 4119 1081 4184 ritur,
1093 4117 1123 4171 id
1137 4120 1187 4170 est.
1200 4116 1234 4170 de
1249 4115 1310 4185 ipsa
1325 4113 1499 4193 proditione,
1514 4113 1563 4168 sed
1579 4113 1614 4192 de
1642 4128 1676 4166 eo
1691 4128 1728 4165 an
1755 4128 1849 4193 susce-

996 4189 1070 4259 perit
1085 4186 1236 4265 eonsilium
1250 4183 1432 4254 proditionis,
1460 4181 1536 4263 quod
1562 4186 1847 4306 utiquetpraecessiu

997 4263 1026 4313 et
1041 4257 1076 4311 de
1090 4254 1241 4325 tyrannide
1255 4269 1347 4325 aeque,
1363 4270 1400 4308 an
1415 4258 1546 4324 cogitarit
1560 4257 1674 4322 tyranni
1698 4267 1744 4332 em
1756 4293 1763 4319 ,
1775 4252 1849 4308 etde

995 4325 1161 4399 parricidio,
1189 4340 1260 4379 num
1284 4328 1465 4395 perpetrat03
1494 4321 1575 4377 etde
1597 4322 1745 4403 variellcio.
1776 4324 1848 4404 Ergo

997 4413 1111 4479 semper
1125 4401 1175 4450 aut
1189 4395 1459 4495 denpqaeterito,·aut
1472 4392 1506 4447 de
1514 4398 1685 4463 praesentim
1697 4392 1849 4520 hypothqq

996 4466 1786 4621 qilqitsquqqrqqlqeaeqqiqaipuqtppqiatqpnltffiupqiuqqqqqquqffl
1804 4541 1849 4591 est

998 4612 1166 4739 gligii'iiii.
1187 4710 1221 4722 -
1241 4679 1307 4746 Qua
1327 4679 1384 4733 sirit
1405 4676 1620 4762 circumstantia
1639 4679 1849 4734 controuersiam

1034 4825 1116 4880 Nune
1129 4820 1266 4894 quoniam
1276 4750 1615 4901 quinidiiitiiiiiareniia
1620 4818 1809 4890 generalium,
1820 4823 1850 4876 et

997 4895 1165 5022 specialium
1178 4890 1372 4973 questionum
1388 4894 1456 4972 scitis
1470 4889 1578 4970 dictum
1592 4894 1644 4958 est,
1660 4895 1848 4992 sapei-amque

997 4960 1850 5114 aestuemusisitiusiiassisa

998 5108 1102 5190 thesip,
1117 5107 1148 5163 id
1158 5101 1849 5244 estcoiitroiers1⁵quan“stipitiquarqilaltgqt)ngtqioreqqchliliqe

998 5184 1468 5334 {ditiiiieiiiiiiiiilnffisersia
1495 5260 1556 5326 non
1579 5247 1673 5315 potest
1686 5218 1849 5370 miii&

998 5317 1849 5472 lilith.lttltltilttlltetlltultis?tl:

1000 5460 1226 5527 eumstantiae,id
1243 5464 1285 5514 est
1298 5459 1469 5523 περιστάσεως,
1483 5461 1603 5527 septem,
1613 5471 1685 5527 ques
1696 5456 1849 5528 Hermago-

1002 5551 1048 5590 ras
1063 5533 1136 5599 μόρια
1143 5531 1315 5596 περιστάσεως,
1335 5534 1424 5595 vocat,
1439 5527 1604 5584 Theodorus
1617 5527 1726 5592 ποιχιῖα
1736 5527 1849 5609 npcyud·

999 5604 1100 5667 souin
1113 5607 1157 5659 est
1180 5601 1341 5658 elementa:
1361 5598 1439 5672 quod
1463 5614 1497 5653 ex
1519 5613 1620 5653 eorum
1647 5598 1849 5669 conjunctione

1032 5676 1070 5740 (a)
1083 5673 1172 5725 cicero
1194 5672 1281 5724 thesin
1295 5670 1460 5736 propositum
1480 5671 1527 5743 siit
1537 5667 1760 5721 consulationem
1771 5670 1851 5721 vocat

1000 5736 1160 5805 hypothesin
1172 5748 1279 5787 causam
1293 5736 1339 5786 aut
1348 5735 1562 5786 conuoiernam.
