3884 6112
54 254 123 304 1153
783 242 889 300 LIBER
909 241 1072 309 QUINTUS.
1738 251 1805 305 1154

51 373 90 425 Μ.
105 365 331 433 Quaero‚nibilne
341 380 420 418 caves
430 364 503 434 pede
513 365 718 434 plenoversum
729 363 904 418 terminare?
959 366 996 419 D.
1018 365 1079 420 Sex.
1098 367 1136 420 Μ.
1154 365 1227 419 Num
1241 380 1289 419 sex
1304 369 1332 419 et
1346 366 1401 420 tria
1420 367 1538 422 totidem
1561 372 1646 423 sunt?
1659 371 1697 425 D.
1721 369 1804 425 Nullo

50 461 85 512 D.
102 457 206 510 Verum
222 451 302 520 dicis,
316 457 344 506 et
359 451 409 506 ubi
422 450 527 506 fuerim
545 451 652 507 nescio.
669 452 736 517 Quis
753 451 830 507 enim
845 467 903 506 non
959 453 1054 508 modo.
1068 453 1105 506 Μ.
1124 453 1204 506 Nunc
1216 451 1270 506 tria
1285 457 1385 523 quater
1397 454 1483 509 ducas
1496 455 1591 521 velim,
1603 472 1803 528 summamque

51 539 408 601 videretsicutinbcroico
425 540 630 594 exordiendum
643 539 904 611 esseasemipede‘l
959 540 1139 611 respondeas.
1166 541 1202 596 Ι).
1226 541 1391 596 Duodecim.
1406 544 1443 598 Μ.
1460 543 1543 598 Vides
1566 544 1634 599 item
1657 544 1805 601 duodecim

24 660 27 664 ·
52 633 132 706 quod
143 626 905 699 cuminbocgenerefit,nonjamiambis,sedtrocba›is
960 628 1055 696 plures
1070 644 1130 682 esse
1146 644 1233 700 quam
1245 634 1378 699 quatuor.
1392 631 1430 684 D.
1448 632 1480 685 Et
1495 633 1580 702 longe
1594 649 1671 687 sane.
1688 636 1726 689 Μ.
1743 634 1805 689 lam

53 736 168 777 versum
191 718 394 784 metimur,¹ut
418 732 483 770 eum
502 716 629 787 legitime
644 716 767 786 semipes
781 715 903 770 claudat.
959 732 995 769 ue
1020 716 1157 771 immorer
1181 718 1200 783 ¹,
1224 716 1337 787 figenda
1365 719 1465 789 regula
1489 724 1532 772 est
1555 736 1562 774 ε
1585 723 1608 775 Α
1630 721 1753 789 duobus,
1777 726 1807 777 et

94 811 134 864 m.
160 808 196 862 Μ.
214 808 255 861 lta
270 810 313 859 est
327 808 359 858 ut
373 803 443 859 diois
469 817 475 859 :
494 803 542 858 sed
555 803 619 857 vide
635 802 704 874 quid
725 803 777 857 tibi
797 803 831 857 de
851 802 906 856 hoc
959 801 1093 871 deinceps
1108 803 1248 874 quoslibet
1271 821 1407 859 numeros
1422 805 1493 860 duos
1508 808 1696 872 constitueris,
1713 808 1807 864 minor

55 892 289 969 respondendum
317 897 409 962 putes,
435 907 522 963 quem
550 891 768 963 asclepiadaeum
795 894 905 960 vocant,
959 906 1012 960 per
1042 892 1181 962 majorem
1211 892 1426 964 multiplicatus,
1456 912 1522 950 eum
1549 898 1666 952 excedat
1693 914 1806 952 necesse

54 988 184 1041 memus
199 984 288 1037 atonis
307 981 377 1035 edite
395 981 506 1047 regibus
522 982 629 1048 (Horat.
646 981 691 1034 tib.
709 984 718 1034 t
738 981 904 1045 carminum,
960 982 1011 1032 est.
1025 982 1057 1034 D.
1073 979 1141 1043 Quis
1153 981 1206 1035 boc
1226 981 1417 1036 dubitaverit?
1431 982 1504 1046 Quid
1518 985 1596 1039 enim
1611 992 1670 1040 tam
1685 1001 1821 1055 parvum,-

54 1075 99 1130 od.
119 1072 153 1144 l).
167 1072 238 1126 Nam
248 1086 314 1140 pars
328 1068 466 1123 orationis
476 1069 506 1123 in
517 1073 594 1122 sexta
604 1068 712 1139 syllaba
723 1067 905 1133 terminatur,

55 1178 150 1233 neque
164 1161 368 1224 inconstanter,
387 1157 482 1212 sedin
500 1157 633 1211 omnibus
647 1157 705 1211 fere
720 1157 806 1226 bujus
820 1171 906 1226 gene-

56 1245 95 1300 ris
108 1243 247 1298 uersibus.
264 1242 364 1311 Itaque
379 1241 440 1311 ejus
455 1239 580 1310 primum
596 1244 639 1294 est
652 1239 825 1303 membrum,
842 1239 906 1292 He·

55 1348 135 1389 certos
150 1334 240 1386 atavis
259 1346 266 1384 :
283 1328 452 1393 secundum,
468 1328 669 1395 aduersarius,
686 1325 765 1397 quod
782 1341 906 1396 quanam

57 1420 168 1475 ratione
190 1420 240 1474 liat
255 1416 379 1473 dubitari
401 1421 504 1487 potest.
528 1416 557 1471 si
574 1415 651 1470 enim
667 1413 794 1469 metiaris
807 1413 839 1467 in
853 1413 909 1467 hoc

58 1509 146 1581 pedes
171 1511 378 1579 quaternorum
406 1510 581 1575 temporum,
615 1507 700 1557 erunt
727 1501 855 1573 quinque
877 1499 908 1555 in

57 1597 166 1669 priore,
182 1595 213 1651 in
226 1594 384 1666 posteriore
399 1597 496 1647 autern
510 1591 640 1646 membro
653 1593 776 1662 quatuor
787 1588 908 1658 semipe-

57 1687 109 1742 des
121 1702 128 1740 :
139 1684 185 1740 lex
195 1689 292 1739 autem
302 1687 378 1737 vetat
387 1681 550 1736 membrum
562 1679 703 1751 posterius
713 1678 776 1749 pari
787 1692 908 1732 numero

55 1777 190 1830 constare
205 1770 393 1843 semipedum,
416 1785 453 1824 no
471 1771 556 1840 pleno
571 1768 643 1839 pede
657 1782 756 1820 versus
769 1764 908 1820 termine·

55 1867 117 1919 tur.
144 1863 243 1917 Restat
264 1865 297 1914 ut
311 1858 396 1930 pedes
416 1858 628 1912 consideremus
651 1870 783 1909 senorum
798 1859 909 1924 tempo-

57 1967 138 2020 rum,
148 1966 181 2004 ex
192 1965 248 2021 quo
263 1948 296 2002 tit
306 1951 339 2002 ut
348 1946 511 2001 membrum
522 1950 680 2013 utrumque
691 1940 780 1995 ternis
790 1939 910 2008 semipe-

57 2039 145 2094 dibus
159 2041 281 2092 constet.
302 2037 372 2090 Nam
388 2039 421 2088 nt
434 2033 546 2104 integro
559 2031 631 2103 pede
646 2028 809 2101 praecedens
819 2042 910 2082 mem·

57 2124 305 2191 brumiiniatur,a
315 2121 524 2193 duabuslongis
534 2117 730 2190 incipiendum
737 2121 780 2171 est
790 2133 797 2171 ε
808 2115 911 2171 deinde

58 2219 139 2270 totus
153 2211 335 2268 choriambus
358 2225 473 2264 versum
494 2207 604 2274 dividit,
630 2211 662 2260 ut
676 2208 812 2276 sequente
826 2203 912 2258 etiam

58 2302 119 2358 alio
132 2299 298 2356 choriambo
323 2298 486 2352 membrum
498 2295 639 2367 posterius
652 2294 813 2358 inchoetur,
834 2293 911 2347 clau·

59 2392 148 2447 dente
163 2403 277 2444 versum
292 2386 436 2458 semipede
450 2386 481 2440 in
502 2384 613 2439 duabus
628 2381 761 2437 brevibus
774 2381 910 2452 syllabis:

60 2483 108 2535 tot
121 2477 199 2533 enim
213 2481 344 2548 tempora
365 2491 430 2529 cum
442 2472 566 2543 spondeo
584 2471 615 2525 in
631 2471 722 2540 capite
741 2470 843 2537 locato,
857 2468 912 2522 im·

56 2569 141 2640 pient
155 2582 203 2620 sax
217 2568 381 2635 temporum
398 2562 510 2633 pedem.
530 2559 588 2614 Nisi
603 2558 670 2630 quid
686 2558 774 2612 habes
793 2557 828 2611 ad
841 2558 910 2611 herc.

55 2657 98 2710 D.
122 2653 198 2709 Nihil
220 2669 348 2724 prorsus.
366 2653 403 2707 H.
420 2652 513 2705 Placet
527 2664 606 2719 ergo,
623 2647 742 2702 totidem
757 2645 912 2715 semipedi-

54 2745 116 2799 bus
134 2746 266 2797 constare
288 2745 444 2810 utrumque
463 2737 636 2793 membrum.
653 2736 690 2792 D.
709 2734 765 2789 Cur
779 2750 838 2788 non
850 2733 914 2803 pla-

55 2830 147 2887 ceat‘l
161 2831 259 2902 Neque
279 2827 356 2883 enim
383 2825 537 2882 metuenda
560 2829 603 2879 est
620 2823 667 2877 hic
684 2821 735 2876 illa
755 2820 911 2886 conversio,

59 2923 134 2998 quia
156 2924 248 2994 posito
273 2919 430 2995 posteriore
450 2917 579 2974 membro
593 2916 623 2970 in
639 2912 825 2986 precedentis
839 2913 912 2978 loeo,

959 1066 989 1120 in
1004 1068 1108 1137 plurali
1123 1084 1242 1123 numero
1256 1087 1343 1140 quam
1356 1070 1529 1142 duciquem
1542 1078 1638 1127 tamen
1653 1089 1805 1128 numerum

960 1156 983 1208 si
999 1155 1101 1211 millies
1116 1157 1234 1223 duxero,
1259 1156 1300 1211 ita
1323 1159 1438 1212 excedet
1462 1160 1550 1224 mille,
1566 1164 1599 1215 ut
1611 1161 1731 1230 duplum
1747 1161 1807 1216 ilat.
1878 1184 1882 1191 ·

960 1244 997 1297 Μ.
1014 1243 1119 1296 Verum
1142 1243 1210 1297 dicis
1236 1259 1242 1297 :
1266 1243 1315 1298 sed
1335 1245 1476 1299 constitue
1492 1262 1592 1312 unum,
1609 1251 1638 1301 et
1652 1247 1810 1318 quemlibet

961 1329 1065 1385 deinde
1075 1331 1216 1401 majorem
1229 1347 1393 1398 numerum,
1408 1337 1436 1386 et
1449 1334 1692 1402 quemadmodum
1707 1334 1738 1388 in
1753 1334 1810 1390 illis

961 1417 1144 1487 faciebamus,
1162 1418 1304 1473 minorem
1322 1434 1374 1488 per
1397 1420 1536 1490 majorem
1556 1421 1725 1491 multiplica,
1740 1438 1823 1478 num.

962 1504 1064 1560 eodem
1086 1505 1169 1560 modo
1187 1507 1278 1577 major
1297 1506 1498 1577 superabitur?
1521 1509 1558 1562 D.
1575 1509 1636 1562 Non
1651 1510 1746 1580 plane,
1763 1509 1812 1564 sed

962 1593 1065 1664 majori
1076 1594 1173 1649 minor
1183 1594 1354 1666 aequabitur.
1366 1597 1436 1650 Nam
1446 1595 1672 1665 unumbis,duo;
1683 1602 1711 1652 et
1722 1613 1812 1651 uuum

964 1682 1187 1749 decies,decem;
1198 1689 1324 1738 otunum
1331 1683 1445 1750 millies,
1457 1683 1535 1738 mille
1544 1689 1586 1751 ,et
1594 1702 1646 1755 per
1656 1685 1814 1757 quemlibet

963 1770 1813 1845 aliumnumerummultiplicavero,rmumnecesseestaeque

963 1864 1019 1914 tur.
1045 1862 1082 1916 Μ.
1100 1859 1191 1914 Habet
1214 1875 1282 1930 ergo
1308 1875 1400 1914 unum
1423 1861 1611 1915 cumcaeteris
1626 1860 1754 1916 numeris
1764 1862 1813 1932 jus

964 1947 1108 2019 quoddam
1122 1947 1307 2019 aequalitaiis;
1327 1964 1386 2002 non
1401 1947 1488 2003 modo
1513 1948 1591 2020 quod
1613 1949 1787 2020 quicumque
1803 1953 1814 1985 ¹

964 2051 1101 2091 numerus
1112 2039 1164 2102 est,
1177 2035 1226 2089 sed
1236 2035 1321 2089 etiam
1332 2035 1407 2107 quod
1422 2035 1506 2091 toties
1521 2037 1623 2091 ductus
1635 2037 1814 2093 tantumdem

965 2124 1041 2179 iacit.
1056 2124 1095 2178 D.
1111 2123 1373 2179 llamlestissimum
1387 2129 1439 2180 est.

1003 2214 1044 2266 li.
1066 2214 1105 2268 H.
1133 2212 1193 2283 Age
1216 2228 1303 2279 nunc,
1328 2212 1403 2267 reler
1423 2212 1553 2268 animum
1577 2213 1613 2270 ad
1635 2214 1815 2286 semipedum

966 2316 1112 2369 numeros,
1127 2298 1230 2371 quibus
1245 2299 1277 2354 in
1290 2316 1374 2354 versu
1387 2301 1460 2355 liunt
1473 2300 1602 2356 membra
1610 2302 1774 2374 inaequalia,
1788 2308 1817 2358 et

966 2389 1070 2444 miram
1085 2389 1240 2460 quamdam
1256 2389 1451 2458 aequalitatem
1462 2388 1517 2444 ista
1531 2405 1618 2461 quam
1634 2390 1816 2445 tractavimus
1884 2452 1889 2463 ,

966 2474 1076 2530 ratione
1099 2474 1237 2545 reperies.
1266 2475 1348 2542 Nam,
1371 2481 1404 2530 ut
1427 2477 1540 2547 opinor,
1563 2494 1659 2532 versus
1679 2477 1816 2533 minimus
1885 2470 1889 2479 '

966 2562 1103 2634 inaequali
1115 2562 1295 2632 semipedum
1307 2579 1427 2617 numero
1443 2564 1473 2619 in
1487 2564 1623 2619 membris
1634 2569 1677 2619 est
1691 2566 1815 2631 duobus,

967 2653 1076 2708 babens
1097 2652 1256 2723 semipedes
1280 2657 1402 2724 quatuor
1417 2658 1446 2707 et
1460 2658 1527 2721 tres,
1545 2659 1577 2708 ut
1592 2654 1621 2709 in
1636 2655 1700 2721 hoc,
1715 2658 1816 2726 Hospes

967 2741 1013 2794 itte
1032 2756 1110 2808 quem
1129 2739 1220 2802 uidem
1245 2739 1325 2810 cujus
1346 2740 1474 2812 primum
1493 2742 1656 2796 membrum
1673 2742 1750 2812 quod
1764 2746 1817 2804 est,

968 2830 1067 2896 Hospes
1090 2827 1145 2892 ilie,
1172 2826 1261 2881 secari
1287 2827 1438 2898 aequaliter
1460 2833 1556 2899 potest
1576 2829 1606 2883 in
1627 2829 1698 2883 duas
1724 2833 1819 2900 partes

968 2914 1101 2970 binorum
1131 2913 1312 2985 semipedum
1336 2931 1344 2968 ε
1367 2916 1524 2971 secundum
1547 2921 1642 2971 autem
1666 2917 1742 2988 quod
1766 2922 1817 2986 est,

58 3014 103 3069 ita
117 3018 149 3067 ut
161 3011 239 3084 quod
254 3009 444 3080 estprimum,
455 3005 612 3061 secundum
622 3005 682 3069 liat,
694 3017 750 3056 non
761 3001 860 3056 eadem
869 3001 914 3054 lex
969 3019 1047 3071 quem
1056 3001 1142 3065 uides,
1158 3003 1198 3057 ita
1212 3001 1359 3070 dividitur,
1372 3008 1406 3058 ut
1419 3018 1555 3074 unapars
1568 3004 1640 3059 duos
1659 3004 1819 3075 semipedes

61 3099 193 3156 manebit
206 3098 324 3169 pedum.
338 3096 518 3165 Quapropter
528 3091 607 3145 nulla
619 3105 702 3144 causa
712 3092 765 3152 est,
776 3102 826 3141 cur
838 3086 915 3140 idem
969 3092 1083 3158 babeat,
1098 3091 1188 3145 altera
1203 3106 1312 3157 unum,·
1335 3091 1411 3162 quod
1426 3090 1465 3146 ita
1485 3096 1538 3162 ast,
1553 3092 1636 3164 quasi
1650 3093 1707 3148 duo
1721 3097 1749 3149 et
1762 3093 1819 3149 duo

61 3187 244 3259 semipedum
253 3199 390 3240 numerus
401 3183 432 3237 in
443 3182 497 3235 boc
511 3195 616 3252 genere
626 3175 763 3232 membris
773 3180 915 3246 negetur,
969 3180 1035 3242 sint,
1048 3180 1113 3251 jure
1136 3179 1185 3234 illo
1206 3180 1388 3251 equalitatis,
1404 3180 1439 3235 de
1453 3197 1510 3252 quo
1526 3180 1593 3236 satis
1606 3181 1729 3252 egimus,
1743 3181 1822 3253 quod

61 3291 132 3332 cum
153 3274 215 3329 sine
240 3274 300 3327 ullo
321 3269 514 3326 conversionis
530 3266 599 3322 vilio
614 3265 742 3338 parilitas
757 3264 812 3318 ista
825 3261 917 3333 possit
970 3268 1056 3322 habet
1071 3284 1162 3322 unum
1174 3283 1240 3322 cum
1254 3267 1388 3323 omuibus
1401 3268 1538 3324 numeris.
1555 3270 1590 3323 Er
1607 3286 1664 3340 quo
1679 3270 1711 3324 iit
1724 3275 1755 3324 ut
1768 3269 1822 3324 ista

59 3363 167 3429 teneri,
178 3361 244 3417 finis
253 3360 340 3416 etiam
351 3356 518 3429 insignioris
530 3356 593 3426 lege
608 3357 727 3418 serrata,
743 3367 807 3407 cum
818 3365 916 3405 versus
971 3355 1108 3411 divisione
1119 3360 1230 3411 tantum
1243 3356 1279 3412 sit
1289 3358 1500 3428 quodammodo
1516 3358 1647 3429 superius
1660 3358 1823 3413 membrum

60 3468 124 3510 non
137 3453 224 3522 pleno
239 3447 312 3520 pede
327 3447 510 3513 terminatur,
525 3444 603 3517 quod
617 3440 844 3497 constantissime
859 3453 917 3493 ser·
972 3449 1114 3515 quantum
1123 3445 1274 3515 posterius.
1287 3447 1385 3517 ltaque
1396 3446 1444 3500 ubi
1455 3445 1562 3499 luerint
1570 3450 1692 3516 quatuor
1704 3449 1732 3499 et
1741 3446 1823 3517 quin-

63 3541 193 3597 vandum
208 3535 286 3593 est¹.
972 3538 1028 3604 que
1054 3533 1225 3603 semipedes,
1259 3534 1332 3589 sicut
1354 3535 1408 3589 hoc
1431 3538 1483 3602 est,
1512 3536 1606 3602 Homo,
1632 3537 1725 3600 Roma,
1747 3549 1824 3588 cerere

62 3628 179 3685 CAPUT
190 3626 249 3681 Vli-
265 3654 299 3665 -
312 3621 449 3690 Quomodo
460 3619 626 3691 aamiuaaam
641 3618 810 3688 imparilitas
820 3614 849 3667 ia
862 3627 917 3666 iar·
972 3626 1077 3691 querito
1102 3623 1153 3688 sit;
1179 3637 1236 3676 non
1258 3621 1298 3676 ita
1322 3621 1470 3693 probatur,
1488 3626 1517 3675 et
1530 3626 1684 3692 propterea
1697 3626 1823 3676 metmm

100 3732 181 3772 tuum
195 3715 320 3771 menime
335 3714 372 3768 aa
390 3713 559 3783 parilitatem
571 3711 715 3775 reserata?-
732 3705 920 3763 Gaaaiiiaaiaa
973 3710 1028 3765 erit
1049 3710 1146 3781 potius
1167 3726 1254 3780 quam
1274 3726 1381 3778 versus,
1405 3711 1472 3782 quia
1493 3710 1533 3766 ita
1555 3716 1622 3765 sunt
1636 3712 1765 3767 membra
1778 3710 1824 3765 in-

100 3804 221 3860 membru
243 3801 408 3872 semipedum
425 3805 543 3869 quatuor
556 3802 582 3853 et
599 3799 690 3852 trium.
703 3793 823 3851 Membra
837 3792 920 3847 semi·
974 3796 1096 3869 aequulia
1108 3801 1138 3851 ut
1148 3796 1302 3852 adnullam
1311 3798 1481 3869 equalitatis
1490 3799 1584 3869 legem
1595 3799 1718 3854 sectione
1728 3799 1826 3871 aliqua

98 3893 201 3963 pedum
216 3893 334 3962 quinque
349 3891 483 3943 citrium.
974 3885 1084 3956 possint
1107 3885 1219 3941 referri.
1246 3885 1344 3940 Cernis
1360 3886 1477 3958 quippe,
1493 3891 1525 3941 ut
1539 3887 1652 3958 opinor,
1669 3887 1826 3959 superioris

105 3983 149 4037 13.
164 3983 201 4037 Μ.
219 3981 289 4035 Rem
302 3978 394 4049 ipsam
409 3974 528 4030 omnino
541 3970 636 4027 vidisti
651 3987 658 4026 :
674 3985 764 4041 quare
776 3969 836 4039 jam
850 3983 921 4039 quo·
975 3973 1098 4028 membri
1121 3978 1246 4045 quatuor
1269 3974 1439 4046 semipedes,
1462 3979 1555 4040 Roma,
1578 3979 1673 4044 Homo,
1697 3976 1728 4031 iu
1741 3976 1825 4031 binos

64 4068 149 4126 niam
160 4067 299 4140 comperit
312 4066 385 4120 ratio
397 4078 533 4118 versuum
550 4075 611 4114 esse
626 4058 682 4112 duo
698 4073 814 4128 genera,
830 4071 921 4110 uuum
974 4077 1058 4132 posse
1082 4061 1225 4116 discedere
1241 4064 1252 4097 ⁸
1267 4077 1274 4115 ε
1290 4062 1418 4133 quinque
1440 4066 1535 4115 autem
1550 4063 1730 4133 posteriores,
1750 4077 1826 4116 cerne

65 4159 100 4213 in
110 4173 169 4228 quo
179 4157 256 4212 idem
270 4169 405 4210 numerus
416 4148 605 4220 semipedum,
618 4145 694 4199 uliud
709 4144 738 4198 iu
754 4160 811 4215 qua
825 4143 922 4213 disput·
975 4155 1080 4218 quauta
1090 4151 1136 4216 sit,
1152 4149 1182 4203 in
1197 4150 1267 4204 duos
1282 4155 1311 4204 et
1324 4155 1381 4204 tres
1392 4150 1552 4221 semipedes
1567 4149 1668 4214 dividi;
1686 4148 1735 4202 ubi
1745 4149 1824 4203 nullo

66 4247 101 4301 in
126 4243 263 4300 membris
278 4243 328 4310 sit;
352 4241 504 4311 diligenter
528 4234 751 4299 consideremus,
775 4232 797 4285 si
816 4232 921 4302 placet,
972 4239 1038 4308 jure
1061 4241 1180 4306 apparet
1195 4237 1354 4308 aequalitas.
1372 4237 1470 4308 Neque
1485 4238 1563 4293 enim
1584 4241 1704 4308 possunt
1727 4236 1824 4307 aliquo

68 4349 197 4407 quonam
214 4332 299 4386 modo
321 4331 375 4385 ista
390 4325 560 4399 imparilitas
575 4321 751 4392 semipedum
766 4319 802 4374 ad
817 4335 922 4389 quam·
937 4366 945 4375 .
976 4323 1061 4377 modo
1071 4327 1184 4377 tantum
1199 4324 1292 4378 valere
1306 4324 1435 4396 quinque
1450 4325 1609 4396 semipedes
1624 4329 1741 4395 propter
1754 4324 1826 4379 duos

69 4423 139 4479 dam
153 4421 328 4492 parilitatem
338 4419 486 4482 referatur,
501 4411 664 4468 obscuriore
680 4406 923 4480 aliquantum,sed
976 4415 1004 4464 et
1024 4415 1090 4478 tres,
1113 4415 1252 4481 quantum
1274 4418 1398 4484 quatuor
1420 4414 1529 4480 valent3
1552 4412 1697 4483 quomodo
1712 4411 1826 4466 inveni-

69 4525 141 4566 sene
155 4512 166 4545 ¹
180 4507 367 4564 subtilissima
383 4505 494 4560 ratione
510 4513 711 4555 numerorum.
737 4497 809 4551 Num
824 4509 922 4566 quaero
977 4500 1040 4553 nius
1055 4498 1186 4569 superius
1199 4499 1231 4554 in
1241 4500 1370 4556 breviore
1382 4518 1466 4556 versu
1479 4505 1591 4555 tantum
1607 4501 1701 4555 valere
1715 4505 1772 4556 tres
1786 4517 1827 4555 se-

69 4617 106 4657 ex
120 4605 159 4665 te,
176 4614 241 4653 cum
256 4599 313 4653 duo
334 4603 362 4651 ei
384 4595 440 4651 tria
461 4593 564 4658 dicam,
585 4594 656 4661 quot
669 4602 804 4642 numeros
819 4585 922 4640 dicam.
976 4587 1104 4659 mipedes
1119 4592 1237 4659 propter
1254 4605 1343 4644 onom
1359 4593 1387 4644 et
1401 4590 1469 4656 duo,
1490 4593 1630 4659 quantum
1645 4594 1768 4660 quatuor
1781 4578 1845 4644 ra?

71 4691 110 4745 D.
138 4689 215 4744 Duos
238 4686 353 4742 scilicet.
370 4689 405 4741 H.
422 4685 494 4754 Ergo
509 4686 537 4736 et
556 4680 613 4736 duo
636 4694 721 4744 unus,
738 4680 766 4731 et
780 4673 835 4730 tria
848 4688 924 4728 unus
977 4676 1047 4731 lent.
1068 4679 1112 4731 An
1134 4677 1245 4749 aliquid
1267 4694 1325 4733 non
1349 4694 1378 4732 es
1402 4682 1556 4741 assecutus,
1573 4681 1692 4733 autnon
1712 4678 1827 4749 placet?

71 4782 116 4833 est
129 4792 282 4840 numerus;
308 4779 336 4828 et
360 4772 518 4845 quemlibet
533 4768 623 4823 alium
638 4765 803 4820 dixerimus.
826 4766 859 4818 D.
882 4763 924 4815 lta
978 4765 1015 4819 D.
1030 4765 1091 4818 lmo
1105 4781 1172 4820 vero
1185 4770 1213 4821 et
1230 4765 1380 4820 manifesta
1395 4765 1492 4821 omnia
1504 4771 1535 4841 'et
1548 4770 1608 4820 reta
1623 4771 1702 4820 sunt.

71 4868 125 4922 est.
142 4867 179 4920 Μ.
197 4865 297 4919 Nonne
311 4862 364 4916 tibi
376 4878 409 4916 ex
422 4860 474 4915 boo
487 4858 598 4913 videtur
612 4871 703 4909 unum
718 4868 784 4907 cum
796 4849 926 4923 quolibet
1016 4855 1058 4908 15.
1083 4855 1121 4909 Μ.
1136 4854 1207 4925 Ago,
1223 4870 1300 4908 nunc
1322 4852 1450 4925 quinquo
1464 4859 1494 4909 et
1507 4858 1564 4908 tres
1583 4854 1744 4926 semipedes
1759 4870 1826 4909 con·

71 4969 196 5009 numero
210 4968 268 5007 non
284 4951 404 5005 absurde
420 4964 502 5020 posse
515 4941 658 5000 conferri?
673 4941 819 5012 Siquidem
833 4953 925 4992 unum
979 4938 1149 5008 sideramus,
1177 4940 1269 5012 qualis
1296 4945 1338 4994 est
1360 4939 1408 4995 ille
1432 4939 1599 5009 versiculus,
1624 4942 1754 4998 Pbosetus
1782 4942 1828 4997 itte

72 5042 131 5098 duo
159 5056 302 5095 essenon
326 5053 476 5111 possemus
500 5034 610 5098 dicere;
636 5030 692 5084 duo
718 5032 816 5083 autem
835 5041 926 5080 unum
980 5044 1057 5098 quem
1077 5029 1152 5083 eides
1176 5043 1182 5082 :
1207 5032 1236 5083 et
1257 5027 1405 5083 videamus
1420 5030 1566 5101 quomodo
1582 5031 1635 5085 ista
1648 5029 1828 5101 inaequalitas

72 5145 135 5185 esse
151 5127 365 5201 quodammodo
390 5143 396 5180 :
415 5128 443 5179 et
467 5124 537 5177 item
557 5123 612 5174 tria
635 5122 663 5172 et
686 5120 810 5187 quatuor
835 5129 927 5169 unum
980 5117 1076 5188 aliquo
1091 5116 1261 5187 aequalitatis
1271 5117 1337 5187 jure
1351 5122 1503 5173 teneatur:
1520 5135 1587 5174 nam
1601 5119 1654 5173 boc
1666 5134 1757 5189 genus
1768 5133 1828 5172 non

72 5218 144 5285 esse,
168 5234 226 5272 non
246 5218 317 5272 falso
332 5215 387 5269 diei
402 5215 504 5283 potest.
521 5210 558 5265 D.
574 5205 730 5262 Assentior.
748 5206 786 5259 Μ.
802 5201 925 5258 Attonde
980 5205 1072 5259 solum
1099 5207 1234 5270 metrum,
1259 5203 1409 5259 sedetiam
1424 5221 1537 5260 versum
1556 5222 1626 5272 esse,
1643 5220 1744 5259 omnes
1757 5220 1830 5259 con·

72 5307 152 5364 aliud
165 5323 172 5360 z
186 5305 322 5367 dicmibi,
335 5289 927 5368 duoterdueta,quidiaciuntinsummal
1013 5293 1020 5326 ¹
1042 5292 1140 5341 Locum
1163 5290 1235 5340 huuc
1256 5291 1419 5342 restituimus
1440 5307 1472 5343 ex
1493 5294 1540 5342 Mu·
1562 5293 1592 5342 A·
1611 5293 1697 5342 sicin
1716 5292 1745 5342 Β·
1767 5306 1772 5339 ²
1794 5292 1829 5346 Ei

982 5353 1066 5415 torpe.
1086 5355 1119 5401 Μ.
1135 5354 1212 5413 Saue,
1226 5367 1259 5402 ne
1266 5355 1330 5415 jam
1345 5358 1481 5407 immorer.
1530 5356 1564 5404 bt.

107 5433 115 5467 ¹
132 5420 691 5501 serrandumesseperptocet,1'u1taomnes
700 5416 764 5467 Cdd.
771 5416 850 5466 etita.
858 5415 926 5466 uli.
1012 5418 1022 5450 ι
1039 5416 1246 5477 cujuscumque,
1255 5416 1334 5479 justa
1349 5417 1431 5467 vatic.
1480 5417 1514 5466 Μ.

106 5488 435 5554 spamamjuxtalutic.
483 5485 518 5533 Μ.
1012 5475 1290 5541 aDisctaderc,juxia
1301 5478 1385 5529 Vatic.
1433 5479 1467 5529 Μ.
