3884 6112
139 311 175 364 79
740 307 826 364 Vtra
853 307 881 364 S.
902 306 1095 365 auuusrtltt
1124 308 1294 365 EPlSCOPl.
1860 314 1893 365 80

138 431 293 487 indocilem
303 431 515 487 illumlaciebat
526 430 697 504 arrogantia,
709 447 766 504 qus
776 430 890 487 lraeresis
901 431 988 502 hujus
1040 430 1138 499 sidius,
1154 433 1183 485 in
1200 432 1264 487 Vita
1277 431 1395 499 August.
1412 445 1436 486 c.
1453 431 1486 501 l).
1501 432 1536 485 At
1546 430 1742 503 cumipsemet
1754 432 1892 505 Augusti-

134 522 247 588 ,novitas
260 538 327 577 eum
341 521 468 578 inflabat.
491 520 561 577 llinc
575 525 689 577 sanctus
704 521 822 593 quidam
839 521 987 592 episcopus
1042 534 1095 572 nus
1111 535 1141 572 sc
1160 518 1190 573 in
1209 517 1266 573 illis
1284 519 1367 574 aunis
1385 518 1558 575 rhetoricam
1572 520 1732 591 professum
1745 537 1807 577 esse
1829 538 1889 577 me·

139 610 174 667 ab
195 627 229 665 ea
251 616 364 682 mgatus
377 614 410 665 ut
428 625 494 665 cum
519 609 579 665 lilio
597 609 816 680 collequeretur,
836 609 987 676 recusarit,
1041 610 1135 661 morat
1157 607 1271 678 (Censes.
1288 609 1336 662 lib.
1356 609 1384 675 l,
1404 623 1464 678 cap.
1484 611 1512 675 2,
1527 624 1555 663 n.
1572 610 1613 681 2),
1628 608 1650 664 si
1671 610 1845 666 hocdictum
1860 627 1893 666 cx

138 716 263 772 eumque
288 697 420 771 perlectis
441 697 664 755 blanichaeomm
686 696 767 752 libris
787 713 852 751 suos
870 697 987 751 tandmn
1041 694 1114 749 serie
1126 696 1298 751 narrationis
1310 696 1517 767 interpreteris,
1530 696 1673 752 videbitur
1685 713 1749 752 eam
1763 699 1891 771 Tagasbae

138 805 248 844 errores
261 788 507 860 deprehensarum
517 785 678 842 afllrmavit.
693 786 822 857 Cumque
832 784 881 838 illa
895 785 987 856 magis
1040 781 1179 838 docuisse.
1196 784 1259 839 Non
1270 784 1374 840 desunt
1388 790 1485 839 tamen
1497 784 1730 856 gravissimarum
1745 786 1891 842 rationum

138 893 170 932 ac
184 878 276 949 magis
294 878 422 944 instaret,
441 876 516 933 Vade
529 874 632 946 inquil,
648 891 666 928 a
683 889 742 941 me;
758 876 799 929 ita
812 875 906 929 siuas:
926 876 988 943 ficri
1041 873 1352 944 momenta,quseidde
1363 873 1533 945 Carthagine
1543 872 1765 945 intelligendum
1779 890 1893 946 persua-

137 968 208 1020 enim
222 981 275 1020 non
292 969 389 1035 potest,
409 968 440 1018 ut
454 965 531 1033 filius
546 965 663 1018 istarum
679 963 863 1034 laerymarum
875 967 982 1034 pereat.
1041 959 1137 1021 deaut,
1161 965 1194 1015 ut
1222 960 1342 1016 inferius
1366 962 1557 1017 ostendemus.
1577 962 1702 1034 Tempus
1725 967 1813 1031 certe,
1834 979 1891 1034 quo

137 1053 217 1118 Quod
227 1053 277 1108 illa
283 1067 452 1124 responsum
462 1051 551 1106 divini
561 1051 767 1106 instarorsculi
777 1051 886 1123 accepit
893 1051 985 1119 (loru,
1040 1049 1255 1121 grammaticam
1268 1049 1396 1118 docebat,
1410 1065 1470 1105 non
1483 1050 1726 1118 obscureindical‚
1738 1051 1809 1106 dum
1823 1052 1891 1107 scri·

136 1158 197 1211 cap.
215 1144 257 1208 12,
282 1157 310 1195 n.
331 1140 387 1211 21).
410 1141 477 1195 Eam
502 1140 594 1195 adhuc
618 1156 704 1210 snper
726 1139 779 1194 filii
797 1140 887 1195 salute
912 1141 986 1196 Deus
1040 1138 1082 1193 bit
1101 1155 1141 1206 se,
1158 1139 1247 1194 instar
1266 1139 1451 1194 adolescentis
1470 1138 1595 1211 prodigi,
1611 1139 1758 1195 exclusum
1774 1141 1892 1196 luisses

135 1246 202 1285 cum
214 1228 278 1284 aliis
290 1228 420 1301 pluribus
435 1228 538 1296 modis,
551 1232 613 1283 lum
627 1228 751 1283 maxime
765 1229 986 1284 somniacenso·
1040 1227 1153 1300 siliquis
1169 1243 1333 1298 porcorum,
1355 1243 1427 1300 quos
1450 1230 1486 1283 de
1504 1228 1616 1300 siliquis
1642 1228 1778 1300 pascebat
1806 1228 1888 1298 (ibid.

134 1319 209 1375 latus
222 1323 274 1374 est.
291 1321 362 1376 Cum
378 1318 543 1374 animasset
560 1334 681 1374 maerore
696 1318 834 1386 conlecta,
850 1318 986 1390 juvenem
1040 1316 1089 1371 lib.
1102 1318 1128 1383 3,
1144 1331 1204 1386 cap.
1221 1319 1248 1380 6,
1263 1332 1292 1372 n.
1307 1319 1361 1387 ll).
1381 1316 1433 1372 Ubi
1446 1332 1513 1373 mox
1532 1317 1568 1373 de
1588 1317 1843 1389 grammaticorum
1862 1322 1891 1372 et

135 1407 331 1479 splendidum,
346 1407 479 1470 hilarem,
495 1410 524 1461 et
537 1405 678 1462 renidenti
690 1405 770 1461 vultu
780 1405 857 1461 adse
869 1405 984 1460 venien·
1016 1423 1019 1428 ¹
1039 1407 1188 1474 poetarum
1206 1405 1308 1460 fabulis
1327 1404 1561 1477 loquitur:'quas
1583 1405 1668 1460 etiam
1695 1406 1887 1478 Hieronymus

135 1502 195 1552 tem
209 1496 290 1565 sidit,
305 1496 435 1567 quicum
449 1495 485 1551 ab
500 1495 687 1567 eajmoestitlre
704 1511 802 1551 causas
817 1494 983 1567 quaesiisset.

132 1584 219 1655 jussit
235 1585 315 1641 illam
330 1601 429 1641 securo
445 1602 505 1639 esse
522 1584 629 1651 auimo,
645 1584 788 1656 simulque
803 1583 926 1651 monuit,
940 1583 984 1639 ri·

128 1674 217 1743 ⁸deret
236 1679 265 1729 et
289 1674 458 1741 attenderet,
475 1690 571 1728 serum
590 1672 683 1728 filium
707 1674 809 1729 codem
836 1671 892 1728 loci
920 1688 986 1726 aon·

134 1763 242 1818 sistere.
255 1762 336 1828 Quod
348 1778 414 1818 eum
427 1762 476 1817 illa
489 1762 548 1817 lilio
564 1766 716 1830 narrasset,
727 1762 827 1834 etipse
838 1760 984 1816 somnium

134 1851 168 1906 ad
190 1867 219 1905 se
240 1852 353 1906 trahere
368 1855 529 1918 conaretur,
547 1851 710 1923 diceretque
725 1852 780 1906 hoc
796 1851 856 1905 riso
875 1850 985 1923 signill-

134 1941 192 1994 ceri
207 1944 328 1995 matrem
341 1939 373 1994 in
389 1955 469 1994 susm
494 1939 649 2011 aliquando
669 1943 792 1994 tractum
813 1939 849 1994 iri
872 1944 985 1995 senten·

132 2031 218 2097 tiam;
239 2030 288 2084 illa
302 2028 437 2084 continuo
458 2029 529 2083 citra
542 2028 769 2096 haesitationem,
783 2030 852 2091 Non,
866 2027 982 2100 iuquit;

135 2133 189 2172 nou
204 2118 274 2171 mim
288 2115 357 2170 milri
375 2115 539 2183 dictumest,
566 2115 617 2170 Ubi
631 2116 685 2184 tlte,
705 2116 745 2170 ibi
759 2120 785 2169 et
800 2119 845 2182 tu,
861 2115 918 2182 sed,
934 2115 985 2171 Ubi

135 2211 165 2261 tu
178 2206 218 2260 ibi
236 2210 261 2259 et
274 2205 320 2260 ille
334 2202 429 2275 libid,
446 2219 506 2275 cap.
530 2207 573 2274 ll,
592 2219 620 2258 n.
643 2205 701 2274 20).
719 2205 776 2259 lloc
795 2203 984 2275 extemporali

134 2293 233 2349 matris
257 2308 402 2364 responso,
423 2307 488 2362 quae
503 2292 630 2363 speciosa
644 2292 733 2363 ipsius
747 2293 983 2364 interpretatione

134 2383 250 2439 turbata
268 2398 325 2437 non
342 2382 447 2448 luerat,
467 2381 664 2436 vehementius
678 2397 766 2452 quam
780 2381 910 2451 ejusdem
925 2380 983 2435 riso

133 2475 281 2544 permotus
292 2474 342 2526 est.
357 2469 485 2541 Contigit
493 2469 568 2525 istud
584 2486 685 2525 norem
694 2471 905 2541 propemodum
918 2474 983 2525 ante

134 2561 227 2629 annis,
242 2575 329 2632 quam
343 2559 520 2630 Augustinus
533 2574 567 2614 ex
582 2559 649 2613 limo
664 2559 798 2631 prolundi
813 2575 845 2614 sc
858 2559 984 2615 tenebris

134 2649 264 2705 falsitatis
281 2648 312 2703 in
334 2648 436 2720 quibus
447 2648 569 2719 jacebat,
585 2653 753 2720 emergeret.
768 2648 849 2720 Saepe
863 2648 983 2704 tentavit

134 2753 299 2809 easurgere,
322 2737 371 2792 sed
396 2737 481 2792 altius
505 2752 619 2809 semper
638 2737 873 2809 immergebatur.
901 2737 981 2792 Haud

134 2826 239 2881 scimus
267 2842 303 2880 aa
327 2824 358 2879 hi
380 2841 483 2880 norem
506 2824 585 2893 anni,
607 2829 641 2880 ut
664 2824 711 2879 alii
740 2841 837 2897 supra,
859 2825 981 2880 adventu

135 2915 228 2971 Fausti
251 2913 453 2981 terminentur,
474 2918 539 2969 ante
561 2914 643 2985 cujus
666 2929 821 2976 accessum,
846 2912 924 2967 illius
948 2913 983 2968 ad

133 3004 338 3075 emergentium
352 3007 470 3075 conatus
491 3018 550 3056 non
571 3003 711 3073 legimus:
727 3019 765 3057 an
778 3019 844 3057 vero
860 3019 894 3057 en
909 3006 982 3057 tem-

132 3109 214 3165 pore,
234 3107 328 3163 quoa
356 3090 516 3146 manichaeis
539 3090 666 3145 discessit
684 3107 760 3146 anno
784 3090 983 3146 trecentesimo

133 3180 307 3252 octogesimo
322 3178 444 3252 q'uiato3
461 3187 501 3234 an
519 3180 643 3251 denique
655 3180 715 3248 illo,
730 3197 788 3253 qno
807 3182 931 3252 perlecta
948 3185 984 3240 sd

134 3270 224 3325 Deum
238 3284 390 3324 conversus
402 3273 453 3336 est,
464 3283 541 3322 anno
552 3267 680 3323 videlicet
695 3269 896 3327 trecentesimo
907 3277 984 3327 octo-

134 3359 243 3432 gesimo
258 3365 348 3416 sexto.

464 3474 576 3530 caput
596 3474 652 3529 t'll.

138 3586 148 3638 l
168 3586 291 3652 Tagastae
299 3583 505 3652 grammaticam
519 3581 594 3636 docet
603 3582 650 3636 ubi
664 3581 814 3638 auditorem
829 3583 907 3638 babel
918 3586 984 3656 Alg-

168 3675 255 3744 pium.
271 3674 288 3726 2
306 3673 399 3727 Amici
413 3674 496 3725 morte
511 3669 608 3724 incidit
622 3673 651 3725 in
670 3674 820 3727 mocianum
833 3674 943 3740 luctum,
959 3680 984 3729 et

173 3765 292 3830 Tagasts
306 3760 396 3815 dolore
406 3764 542 3830 premente
555 3758 668 3814 accedit.
686 3763 701 3814 3
713 3763 858 3830 Regressus
871 3764 984 3819 Curtlra·

172 3853 270 3918 ginem,
283 3849 324 3903 ibi
339 3849 501 3903 rhetoricam
510 3845 666 3918 profitetur.
740 3878 752 3892 r

174 3978 197 4029 l.
215 3975 286 4029 Tum
305 3971 480 4045 Augustinus
498 3973 648 4044 Tagastam
669 3973 741 4029 forte
759 3975 894 4044 redierat,
917 3994 982 4033 cum

136 4064 281 4120 somnium
312 4079 399 4134 supra
416 4067 608 4118 memoratum
628 4067 720 4119 mater
739 4064 866 4120 habuit:
896 4083 984 4139 quam

136 4153 233 4209 scribit
246 4154 300 4209 hoc
313 4154 372 4207 viso
386 4152 457 4206 adeo
476 4151 563 4206 luisse
583 4157 749 4216 recreatam,
769 4157 802 4209 ut
821 4153 916 4225 ip=um
930 4155 983 4210 sub

136 4245 237 4299 eodem
250 4248 321 4298 lecto
337 4242 451 4313 degere,
463 4244 490 4295 et
505 4241 598 4303 eidem
611 4258 717 4297 measse
731 4243 899 4299 accumbere
914 4244 985 4299 sire·

136 4333 174 4387 rit
183 4352 192 4399 3
203 4331 281 4404 quod
292 4330 408 4403 quidem
424 4329 551 4384 donnica
566 4331 641 4385 nolle
655 4331 803 4402 aliquanto
818 4336 883 4387 ante
898 4348 984 4403 coepc

136 4427 190 4486 rat,
200 4418 533 4475 tantamitlamuaresim
544 4418 883 4489 exhorresceballconses.
892 4419 940 4475 tib.
956 4425 983 4488 3,

136 4526 195 4580 cap.
215 4512 256 4576 ll,
272 4524 300 4563 n.
316 4510 355 4578 9).
369 4509 412 4563 Ad
426 4508 475 4563 illa
489 4507 586 4579 itaque
599 4509 730 4578 tempora
741 4508 929 4563 revocandum
944 4509 983 4563 vi·

137 4595 229 4664 detur,
250 4596 325 4667 quod
341 4597 400 4668 ipse
416 4596 515 4666 refert,
537 4612 567 4650 se
585 4595 616 4650 in
641 4596 767 4666 patriam
789 4612 946 4664 reversum,
967 4614 984 4652 a

137 4685 314 4741 Romaniano
329 4690 493 4758 susceptum
508 4685 595 4741 luisse
614 4684 749 4755 hospitio,
764 4690 793 4740 et
807 4700 898 4757 usque
913 4686 983 4741 adeo

136 4775 198 4847 ejus
215 4774 340 4829 amicitia
354 4778 382 4829 et
403 4774 538 4830 familiari
557 4773 764 4830 consuetudine
786 4775 982 4846 honestatum,

136 4867 168 4918 ut
189 4862 267 4917 illius
280 4862 395 4918 honoris
414 4869 443 4918 el
455 4863 601 4936 diguitatis
629 4864 729 4919 eadem
748 4864 777 4918 in
797 4864 867 4919 urbe
890 4866 983 4937 Taga-

136 4952 225 5009 stensi
235 4951 328 5007 socius
337 4969 369 5007 sc
378 4951 520 5024 particeps
532 4970 592 5008 csse
606 4953 751 5009 videretur
760 4954 871 5023 (Contra
879 4954 984 5010 Acade·

136 5045 228 5110 micas,
244 5040 291 5095 lib.
313 5043 338 5103 2,
357 5056 385 5096 n.
414 5042 449 5112 t).
472 5041 595 5098 Suorum
618 5042 799 5098 hauddubie
822 5042 983 5099 studiorum

137 5129 986 5203 melemattigerat,dumCsrlhaginediscessit,spectabant-

137 5238 192 5293 que
207 5219 299 5276 studis
311 5218 360 5275 illa
374 5217 468 5274 lorum
481 5217 648 5289 litigiosum.
666 5220 737 5275 Eum
750 5224 847 5276 tamen
856 5224 906 5276 aut
917 5236 983 5276 cau·

137 5325 181 5364 sas
193 5309 295 5383 egisse,
311 5312 362 5364 aut
375 5311 466 5362 artem
480 5322 562 5361 suam
576 5305 607 5361 in
622 5306 733 5376 aliare,
749 5325 835 5382 qoam
854 5309 883 5363 ia
898 5308 983 5364 disci-

1039 1509 1191 1564 porcorum
1206 1510 1257 1548 seu
1274 1495 1440 1550 daemonum
1455 1494 1550 1550 cibum
1570 1499 1718 1567 nuncupat
1734 1495 1837 1566 (Epist.
1855 1495 1892 1550 ad

1038 1584 1117 1638 bam.
1133 1582 1166 1636 de
1179 1583 1247 1637 liiiio
1268 1583 1405 1654 prodigo).
1424 1583 1529 1639 Eodem
1547 1584 1682 1655 pertinet,
1697 1582 1754 1638 nisi
1773 1600 1825 1639 nos
1840 1583 1891 1639 lal-

1039 1670 1137 1738 limur,
1161 1671 1237 1742 quod
1256 1671 1317 1743 ipse
1340 1671 1517 1744 Augustinus
1538 1672 1628 1728 dicit:
1648 1672 1848 1729 seducebamur
1866 1679 1890 1728 et

1039 1759 1238 1828 seducebamus,
1248 1761 1318 1828 salsi
1324 1756 1405 1833 atque
1413 1763 1539 1829 {attentes
1547 1763 1669 1817 incuriis
1676 1761 1888 1832 cupiditatibus3

1038 1853 1063 1904 et
1072 1849 1164 1919 patum
1169 1865 1221 1919 per
1231 1849 1380 1919 doctrinas,
1395 1865 1463 1919 quas
1473 1850 1597 1906 liberales
1609 1855 1715 1917 uocant,
1732 1852 1833 1907 ocnrlte
1843 1867 1888 1905 au

1039 1942 1091 1993 tem
1100 1939 1172 2006 salso
1181 1940 1286 1994 nomine
1296 1940 1500 2008 religionisllic
1509 1939 1629 2009 superbi,
1641 1941 1682 1994 ibi
1690 1942 1885 2010 superstitiosi,

1038 2026 1136 2096 ubique
1150 2030 1225 2083 uani.
1241 2029 1299 2084 Huc
1306 2029 1451 2100 popularis
1465 2029 1559 2096 gloriae
1574 2033 1704 2085 sectantes
1718 2031 1891 2093 inanitatem,

1037 2115 1172 2183 usquead
1186 2116 1330 2172 tlreotricos
1347 2119 1471 2187 plausus,
1490 2122 1516 2173 et
1530 2120 1693 2173 contentiosa
1712 2119 1848 2184 carmina,
1864 2122 1889 2172 et

1038 2219 1149 2272 agonem
1171 2220 1330 2260 coronarum
1348 2207 1500 2275 fenearum,
1513 2211 1538 2261 et
1560 2208 1775 2277 spectaculorum
1790 2220 1888 2274 nugas,

1037 2295 1063 2345 et
1077 2294 1313 2363 intemperantiam
1327 2295 1491 2350 libidinum:
1512 2296 1576 2351 illac
1598 2300 1688 2351 autem
1709 2296 1829 2366 purgari
1841 2310 1887 2351 nos

1038 2380 1072 2434 ab
1087 2382 1147 2436 istis
1167 2382 1293 2437 sordibus
1314 2388 1465 2454 expetentes
1479 2400 1539 2439 cum
1559 2386 1597 2440 eis
1617 2387 1666 2455 qui
1683 2386 1889 2455 appellarentur

1037 2467 1123 2524 Eteoti
1136 2474 1161 2525 el
1173 2471 1276 2537 Sancti,
1292 2471 1450 2540 afferemus
1464 2487 1547 2542 escas,
1563 2472 1704 2542 dequibus
1716 2473 1795 2528 nabis
1804 2475 1835 2528 in
1850 2475 1888 2541 os·

1036 2559 1118 2626 steina
1129 2559 1281 2628 aqualiculi
1289 2562 1334 2615 sui
1345 2561 1515 2628 fabricarent
1525 2563 1633 2629 angelos
1642 2566 1669 2617 et
1678 2561 1749 2630 deos,
1760 2577 1810 2632 per
1820 2576 1887 2633 quos

1038 2645 1214 2702 liberaremur
1224 2665 1231 2715 ;
1243 2654 1268 2704 et
1280 2649 1404 2703 sectabar
1413 2652 1467 2705 ista
1479 2655 1559 2720 atque
1568 2651 1703 2717 sociabam
1717 2666 1778 2705 cum
1791 2653 1886 2705 amieis

1036 2733 1114 2799 mma,
1127 2747 1178 2802 per
1186 2747 1227 2786 me
1241 2748 1272 2787 ac
1285 2748 1386 2787 mecum
1396 2733 1512 2804 deceptis
1528 2732 1651 2805 (Censes.
1670 2735 1716 2788 lib.
1733 2736 1762 2804 4,
1778 2750 1841 2806 cap.
1861 2738 1886 2802 l,

1036 2835 1065 2873 n.
1085 2821 1122 2890 l).
1140 2820 1212 2874 Dum
1226 2820 1353 2892 Tagastae
1370 2820 1495 2890 doceret,
1520 2822 1680 2877 auditorem
1700 2822 1803 2877 habuit
1821 2823 1891 2894 Aly-

1036 2908 1129 2980 pium,
1144 2910 1289 2979 praeclarse
1299 2908 1403 2964 indolis
1418 2914 1446 2965 ct
1458 2909 1574 2981 optimae
1587 2910 1647 2982 spei
1659 2910 1886 2979 adolescentem,

1038 3012 1070 3052 cx
1092 2995 1264 3068 primatibus
1291 2998 1418 3069 Tagastae
1451 2998 1672 3071 municipalibus
1698 2999 1855 3058 oriundum
1879 3016 1887 3054 τ

1038 3101 1125 3158 quem
1139 3091 1171 3142 ut
1184 3085 1244 3158 ipse
1257 3086 1363 3142 eximia
1377 3086 1514 3143 charitate
1532 3087 1786 3160 complectebatur,
1802 3089 1840 3144 ob
1854 3104 1887 3143 ea

1038 3176 1175 3230 virtutum
1185 3175 1352 3247 specimina,
1366 3192 1431 3248 qaae
1439 3177 1501 3248 jem
1511 3177 1611 3247 tnmjn
1624 3177 1835 3245 seducebant,
1846 3177 1884 3232 sic

1037 3263 1073 3318 ab
1088 3263 1136 3319 illo
1147 3264 1271 3319 vicissim
1283 3265 1408 3319 maltum
1420 3265 1556 3321 dilectum
1567 3282 1597 3321 se
1612 3265 1690 3334 dicit,
1706 3266 1830 3339 eoquod
1843 3266 1883 3321 illi

1038 3353 1131 3408 bonus
1150 3358 1179 3408 et
1192 3352 1291 3408 doctus
1304 3354 1456 3409 rideretur.

1072 3447 1098 3498 2.
1113 3444 1223 3499 llorluo
1237 3459 1290 3515 per
1309 3443 1339 3500 id
1354 3449 1468 3515 tempus
1482 3443 1584 3510 amico,
1601 3444 1682 3516 cujus
1698 3460 1804 3500 nomen
1819 3444 1886 3499 reti·

1037 3536 1091 3594 cet,
1113 3533 1197 3604 louge
1212 3532 1387 3599 charissimo,
1404 3535 1425 3589 T
1427 3539 1525 3604 agusto
1536 3533 1660 3605 migrare
1684 3533 1883 3604 Carthaginem

1038 3622 1137 3677 dolore
1152 3620 1332 3693 opprimente
1346 3622 1571 3692 compulsuscst.
1587 3624 1619 3676 ln
1633 3622 1700 3693 illis,
1712 3621 1818 3693 inquit,
1840 3637 1887 3676 an·

1037 3714 1091 3779 nis,
1112 3726 1164 3781 quo
1175 3712 1295 3780 primum
1314 3716 1430 3780 tempore
1446 3713 1474 3764 in
1489 3713 1703 3781 municipiaque
1718 3715 1884 3778 natussum,

1036 3799 1129 3855 docere
1142 3815 1282 3870 ceperam,
1304 3814 1524 3869 comparaueram
1544 3801 1671 3868 amicum,
1685 3801 1812 3855 societate
1828 3804 1888 3855 stu-

1036 3888 1144 3942 diorum
1157 3889 1239 3942 nimis
1250 3887 1372 3956 ebanem,
1382 3902 1500 3943 eoaurtm
1514 3888 1583 3942 milri
1597 3892 1621 3942 et
1632 3891 1886 3957 corrltorentemltore

1037 3977 1229 4032 adolescentis.
1246 3979 1348 4032 Mecum
1360 3992 1429 4046 puer
1448 3981 1578 4047 creuerat,
1600 3982 1625 4031 et
1639 3980 1745 4047 pariter
1766 3980 1797 4032 in
1815 3977 1890 4032 scito·

1038 4065 1092 4121 lam
1106 4067 1233 4133 ieramus,
1252 4068 1413 4136 pariterque
1427 4066 1585 4121 luseramus.
1613 4066 1666 4122 Sed
1685 4065 1807 4121 nondum
1829 4071 1887 4121 erat

1037 4157 1076 4210 sic
1099 4156 1211 4220 omnus,
1230 4169 1387 4224 quanquam
1400 4169 1433 4208 ne
1456 4158 1519 4209 tunc
1535 4155 1654 4224 quidem,
1669 4157 1752 4210 sicuti
1771 4160 1811 4210 est
1824 4171 1886 4210 nera

1038 4244 1178 4309 amicitia,
1192 4244 1257 4311 quia
1270 4257 1324 4296 raon
1335 4246 1374 4296 est
1387 4257 1462 4310 nera,
1477 4244 1533 4297 nisi
1545 4259 1605 4298 cum
1617 4259 1675 4298 eam
1690 4249 1718 4298 tu
1729 4246 1886 4312 agglutinas

1038 4334 1109 4387 inter
1118 4332 1275 4387 irtbaerentes
1285 4332 1336 4386 tibi
1345 4333 1479 4387 claritate
1491 4332 1595 4401 diffusa
1605 4335 1634 4387 in
1647 4333 1774 4388 cordibus
1786 4335 1886 4390 nostris

1034 4437 1085 4491 per
1102 4421 1235 4490 Spiritum
1249 4425 1382 4487 sanctum,
1399 4423 1447 4489 qui
1470 4420 1551 4475 datus
1565 4426 1605 4475 est
1623 4419 1708 4476 nobis.
1731 4421 1785 4477 Sed
1798 4427 1886 4477 tamen

1038 4508 1125 4563 dulcis
1139 4513 1198 4563 erat
1211 4510 1303 4577 nimis,
1328 4513 1420 4563 coacta
1440 4511 1548 4575 [mucre
1569 4511 1702 4580 parilium
1721 4510 1888 4565 studiorum.

1038 4599 1108 4655 Nam
1120 4602 1170 4652 ela
1180 4597 1233 4667 tide
1244 4612 1317 4665 veru,
1333 4613 1415 4666 quam
1425 4613 1479 4652 non
1488 4600 1654 4667 germanitus
1667 4603 1693 4653 et
1703 4602 1815 4669 penitus
1826 4600 1887 4654 ado-

1038 4687 1136 4741 lescms
1146 4687 1259 4751 tenebat,
1275 4686 1438 4755 &dianam
1451 4703 1566 4756 sgoeum
1580 4690 1610 4741 in
1623 4690 1830 4758 superstitiosas
1844 4690 1888 4756 sa-

1039 4775 1120 4830 bellus
1135 4783 1160 4831 et
1171 4777 1347 4845 perniciosas,
1360 4781 1473 4847 propter
1486 4792 1553 4845 qurrs
1568 4776 1714 4846 plangebat
1729 4793 1770 4832 me
1784 4783 1883 4833 mater.

1037 4866 1139 4920 Mecum
1150 4866 1209 4934 iam
1227 4865 1379 4921 errabatis
1399 4867 1488 4920 animo
1503 4866 1579 4919 bomo
1598 4865 1652 4932 itte,
1675 4870 1701 4920 et
1717 4881 1770 4920 non
1782 4870 1888 4936 poterat

1038 4956 1131 5009 anima
1145 4969 1204 5008 mea
1213 4957 1271 5009 sine
1284 4956 1340 5010 illo.
1353 4957 1388 5010 lit
1403 4969 1458 5009 ecce
1471 4959 1500 5008 tu
1510 4956 1650 5008 imminens
1666 4954 1746 5009 dorso
1755 4955 1888 5022 fugitiuo-

1037 5060 1099 5098 rum
1114 5048 1229 5111 tuornm,
1246 5046 1314 5099 Dein
1329 5042 1462 5098 ultionum
1475 5047 1500 5096 et
1512 5044 1574 5110 sons
1589 5042 1842 5098 misericordiarum
1855 5044 1889 5097 si·

1039 5134 1104 5200 mul,
1118 5136 1167 5202 qui
1176 5135 1308 5188 cnsuertis
1321 5146 1369 5187 nos
1384 5131 1421 5186 ad
1430 5135 1455 5186 tc
1469 5134 1546 5186 miris
1560 5132 1665 5200 modis3
1683 5147 1740 5186 ecce
1752 5130 1890 5186 abstulisti

1039 5222 1171 5277 bominem
1185 5222 1218 5276 de
1228 5223 1277 5277 trac
1291 5225 1358 5289 sita,
1370 5236 1429 5276 aum
1442 5222 1491 5275 vta
1501 5220 1661 5291 explevisset
1673 5236 1776 5274 annum
1784 5222 1814 5274 in
1824 5222 1890 5275 ami·

1038 5312 1104 5365 cilia
1117 5326 1185 5377 mea,
1197 5312 1277 5365 suavi
1291 5311 1360 5365 milri
1374 5324 1457 5379 super
1469 5325 1558 5365 omnes
1573 5311 1722 5365 suavitates
1736 5310 1813 5364 itlius
1828 5312 1890 5364 uite

136 5398 212 5469 pulis
248 5396 423 5462 erudiendis,
450 5397 602 5452 collocasse
629 5411 689 5451 non
716 5397 849 5469 legimus.
893 5398 985 5470 Coepit
1037 5415 1110 5455 meae.
1127 5400 1193 5466 Quis
1203 5399 1297 5455 laudes
1307 5404 1369 5455 luas
1381 5405 1519 5455 enumerat
1533 5415 1604 5455 unus
1618 5401 1648 5454 in
1657 5415 1684 5454 se
1695 5415 1749 5454 uno
1763 5414 1833 5468 quas
1846 5415 1890 5452 es·

136 5487 233 5558 itaque
244 5488 345 5545 docere
359 5487 390 5543 in
404 5485 496 5559 patria
516 5486 630 5559 (Censes.
651 5485 696 5542 lib.
718 5487 745 5554 4,
766 5503 826 5559 cap.
848 5491 876 5556 4,
891 5505 920 5544 n.
935 5490 981 5559 ll:
1036 5494 1129 5561 pertus
1144 5492 1207 5546 est?
1221 5489 1292 5558 Quid
1306 5493 1368 5544 tunc
1383 5490 1484 5556 iecisti,
1500 5491 1568 5544 Deus
1584 5504 1666 5551 murs.
1684 5493 1709 5544 et
1721 5504 1805 5560 guam
1816 5490 1888 5544 inoe-

136 5575 236 5662 scribit
249 5576 394 5634 Possidius
406 5593 473 5633 eam
487 5575 528 5632 ibi
542 5575 671 5632 docuisse
681 5576 897 5648 grammaticam
912 5577 984 5650 (Pm-
1037 5579 1174 5647 stigabilis
1182 5579 1296 5649 abgarus
1301 5577 1470 5650 judiciorum
1478 5576 1605 5633 tuorum?
1614 5579 1680 5635 cum
1695 5580 1766 5633 enim
1781 5577 1888 5633 labora-
