3884 6112
11 256 17 266 ’
83 281 151 332 roas

81 413 146 452 mus
160 396 289 453 obtinere
308 395 517 452 immutabilem
543 414 603 453 esse
626 403 716 455 artem
743 404 828 473 atque
845 402 932 457 ratio-

80 503 158 552 nern,
172 488 195 539 si
211 487 357 541 mutabilis
370 486 483 541 animus
493 487 523 541 in
536 504 593 559 quo
607 489 730 544 illasnnt
739 506 800 546 esse
813 491 930 545 convin-

79 576 177 630 citur‘l
192 576 260 638 Quae
275 581 370 628 autern
386 578 571 647 majorquam
586 577 616 630 in
627 579 768 633 contraria
783 580 855 633 solet
870 595 930 634 esse

80 663 226 717 mutatio‘l
241 667 269 717 et
285 663 349 734 quis
365 667 449 734 negat
465 664 587 731 animus,
603 670 635 719 ut
657 666 789 721 omittam
815 673 929 729 cratera,

80 753 201 806 stultum
217 753 296 819 alias,
313 753 382 806 alias
396 768 462 806 vero
480 768 540 807 esse
560 753 742 825 sapientem?
756 754 837 809 Prius
862 770 930 826 ergo

79 843 151 911 quot
170 839 262 894 modis
277 839 441 911 accipiatur,
459 855 523 911 quae
551 841 655 896 dicitur
669 842 773 897 animae
797 844 930 913 mutatio,

79 929 246 995 videamns3
272 929 332 999 qui,
360 932 392 983 ut
415 929 526 999 opinor,
559 930 766 985 manifestiores
795 931 932 986 duntaxat

78 1017 270 1089 clarioresque
284 1017 366 1071 nobis
378 1017 434 1072 duo
446 1022 512 1071 sunt
526 1033 641 1088 genere,
657 1020 750 1090 specie
770 1035 820 1074 ros
836 1021 931 1092 plures

79 1105 275 1159 inveniuntur.
295 1106 422 1176 Namque
438 1110 487 1160 aut
506 1107 663 1162 secundum
678 1109 806 1179 corporis
821 1108 929 1180 passin-

79 1208 142 1257 nes,
159 1197 208 1247 aut
222 1193 378 1247 secundum
393 1210 468 1259 suas,
485 1195 582 1249 anima
596 1196 701 1250 dicitur
710 1196 866 1251 immutari.
882 1196 931 1250 Sa·

80 1281 208 1336 cundum
223 1280 358 1351 corporis,
374 1286 406 1335 ut
420 1298 471 1352 per
486 1287 594 1348 aetates,
609 1299 661 1354 per
675 1284 799 1351 morbos,
815 1299 867 1354 por
879 1283 931 1337 do·

80 1371 166 1436 iores,
177 1371 301 1436 labores,
314 1369 496 1435 offensiones,
515 1387 566 1442 per
581 1373 752 1442 voluptates.
769 1371 932 1426 Secundum

81 1474 148 1512 suas
162 1462 267 1525 autem,
283 1462 315 1512 ut
328 1458 479 1528 cupiendo,
493 1459 629 1526 laetando,
652 1459 817 1531 metuendo,
841 1474 932 1531 regre-

81 1547 183 1612 rendo,
201 1546 350 1612 studendo,
371 1546 518 1603 discendo.

118 1639 144 1692 8.
161 1638 209 1691 llae
225 1653 324 1692 omnes
352 1638 537 1705 mutationes,
553 1637 650 1692 sinon
665 1637 826 1693 necessario
843 1653 931 1708 argu·

82 1729 180 1779 mento
194 1730 262 1780 sunt
288 1726 363 1780 mori
376 1725 513 1794 animam,
534 1726 607 1780 nihii
630 1726 746 1797 quidem
770 1727 932 1781 metuendae

82 1818 150 1868 sunt
162 1829 215 1884 per
239 1831 268 1869 se
282 1815 352 1885 ipsae
378 1815 532 1886 separatim
549 1831 555 1869 :
583 1815 632 1869 sed
647 1831 683 1870 ne
698 1815 801 1870 rationi
827 1819 933 1869 nostrae

82 1902 279 1971 adversentur,
295 1920 351 1974 qua
368 1903 473 1958 dictum
490 1908 540 1970 est,
563 1908 674 1958 mumto
694 1903 823 1975 subjecto
847 1918 932 1958 omne

83 1990 346 2062 quodinsnbjecto
376 1997 419 2046 est
441 1993 601 2046 necessario
630 1992 747 2059 mutari,
776 1991 933 2047 videndum

83 2083 135 2134 est.
151 2079 205 2133 Sed
221 2095 279 2134 non
295 2080 489 2135 adversantur.
509 2081 580 2135 Nam
594 2081 666 2135 illud
680 2081 838 2135 seeundum
859 2080 934 2134 banc

84 2167 273 2222 mutationem
285 2169 406 2239 subjecti
415 2169 528 2236 dicitur,
545 2161 813 2239 perquamomnino
822 2173 933 2223 mutare

83 2255 194 2325 cogitur
205 2272 321 2310 nomeu.
340 2257 410 2311 Nam
426 2257 448 2310 si
466 2272 498 2311 ex
514 2257 577 2311 albo
590 2272 655 2311 cera
674 2258 790 2328 nigrum
806 2256 934 2311 colorem

87 2344 171 2399 ducat
184 2343 323 2411 alicunde,
341 2360 398 2398 non
408 2343 578 2398 minuscera
594 2349 655 2411 est;
670 2348 696 2398 et
711 2344 733 2398 si
747 2360 781 2398 ex
794 2343 935 2416 quadrata

83 2432 239 2487 rotundam
254 2432 376 2487 formam
396 2438 501 2499 sumat,
526 2436 554 2487 et
578 2448 611 2487 ex
627 2432 707 2488 molli
727 2432 867 2499 durescat,
883 2431 934 2486 fri·

84 2526 235 2592 gescatque
251 2537 283 2576 ex
299 2521 410 2576 calida:
428 2524 456 2576 at
471 2521 526 2575 ista
540 2521 571 2575 in
585 2522 713 2593 subjecto
733 2526 809 2589 sunt,
824 2526 851 2575 et
870 2536 935 2575 cera

84 2609 245 2681 subjeetum
282 2611 375 2666 Manet
397 2614 493 2664 autern
517 2625 582 2663 cera
604 2626 663 2664 non
688 2610 778 2680 magis
806 2610 935 2664 minusve

84 2714 159 2765 cera,
175 2714 240 2752 rum
254 2698 303 2752 illa
319 2703 479 2754 mutentur.
494 2700 590 2754 Potest
604 2698 693 2770 igitur
706 2699 803 2770 aliqua
815 2697 935 2753 mutatio

81 2786 256 2844 iierieornm
271 2803 336 2858 quae
351 2787 381 2841 in
397 2788 522 2858 subjecto
540 2791 618 2855 sunt,
631 2803 696 2841 cum
719 2786 815 2858 ipsum
838 2792 936 2841 tamen

79 2876 161 2945 juxta
176 2875 206 2929 id
221 2877 296 2947 quod
311 2875 364 2930 boc
392 2880 434 2929 est
449 2892 481 2929 ac
495 2875 607 2942 dicitur,
623 2890 683 2930 non
698 2879 834 2930 mutetur.
850 2878 886 2929 nt
912 2874 936 2928 si

83 2980 185 3019 eorum
202 2980 265 3036 quae
276 2964 306 3018 in
321 2964 449 3035 subjecto
463 2969 540 3029 sunt,
554 2969 633 3019 tanta
643 2963 831 3018 commutatio
842 2962 935 3033 fieret,

83 3052 199 3109 utillud
215 3052 294 3124 quod
304 3053 420 3107 subesse
435 3053 589 3114 dicebatur,
607 3051 662 3106 dici
674 3053 734 3122 jam
752 3051 935 3106 omninonon

83 3146 198 3213 possat;
215 3141 303 3196 veluti
320 3156 385 3196 curn
398 3142 493 3196 calore
509 3140 585 3212 ignis
598 3156 664 3195 cera
674 3141 796 3194 inauras
806 3139 936 3209 discedit,

84 3246 207 3301 eamque
221 3230 411 3285 mutationem
431 3230 539 3300 patitur
554 3235 586 3284 nt
600 3234 676 3284 recte
688 3228 864 3300 intelligatur
875 3242 937 3282 mu-

83 3319 421 3389 tatumessesubjectum,
435 3318 510 3389 quod
523 3334 587 3372 cera
602 3322 672 3387 erat,
693 3322 791 3372 etcera
800 3317 860 3388 jam
877 3331 937 3370 nun

84 3411 129 3461 est
140 3407 235 3460 :nullo
249 3406 334 3460 modo
350 3407 445 3476 aliqua
456 3405 734 3477 rationequidquam
749 3419 937 3476 eorumquae

83 3494 117 3548 iu
131 3495 179 3548 illo
194 3495 321 3565 subjecto
335 3494 399 3548 ideo
420 3498 503 3548 erant
528 3493 595 3564 quia
610 3493 664 3547 boc
687 3497 757 3556 erat,
784 3508 936 3548 remanere

85 3587 250 3654 putaretur.
542 3648 545 3654 ι

123 3675 150 3726 9.
162 3670 352 3737 Quamobrem
366 3671 389 3727 si
403 3672 500 3727 anima
524 3671 686 3742 subjectum
710 3673 762 3739 est,
792 3674 824 3726 nt
851 3685 937 3743 supra

85 3760 219 3829 diximus,
239 3761 269 3815 in
283 3777 340 3832 quo
354 3761 427 3815 ratio
448 3760 688 3832 inseparabiliter,
714 3776 747 3814 ea
770 3761 937 3815 necessitate

86 3865 203 3921 quoque
218 3850 320 3922 quain
346 3851 472 3921 subjecto
497 3865 557 3903 asse
581 3853 759 3904 monstratur
778 3847 795 3914 ¹,
813 3866 865 3903 neo
880 3849 945 3924 nisi

85 3938 151 3992 vira
164 3937 261 3992 anima
274 3941 366 4007 potest
379 3953 439 3991 esse
464 3937 570 4005 anima,
586 3953 639 3992 nec
665 3937 696 3990 in
709 3953 742 3991 ea
758 3936 829 3991 ratio
844 3941 939 4007 potest

85 4041 148 4080 a-se
163 4025 224 4080 sine
239 4025 307 4092 vita,
327 4030 356 4079 et
379 4025 549 4080 immortalis
576 4029 618 4079 est
644 4025 737 4092 ratio;
766 4024 938 4080 immortalis

86 4117 129 4168 est
143 4114 249 4169 anima.
265 4115 383 4169 Prorsus
398 4114 475 4168 enim
495 4115 572 4168 nullo
599 4118 684 4185 pacto
715 4129 774 4168 non
798 4113 938 4168 existente

85 4203 213 4273 subjecto
243 4219 295 4257 sno
321 4202 510 4258 immutabilis
537 4202 609 4257 ratio
640 4204 832 4273 permaneret.
858 4201 938 4265 Quod

86 4292 222 4361 eveniret,
238 4292 261 4345 si
284 4296 364 4346 tanta
387 4291 527 4346 accideret
553 4291 656 4344 animae
672 4289 803 4357 mutatio,
821 4293 854 4344 ut
874 4306 938 4344 eam

85 4396 144 4435 non
160 4380 286 4434 animam
301 4380 413 4444 iaceret,
429 4380 459 4434 id
472 4383 514 4433 est
529 4378 602 4433 mori
617 4382 739 4451 cogeret.
752 4379 939 4433 Nullaantem

86 4469 203 4524 illarum
218 4470 419 4537 mutationum,
435 4484 500 4540 qnae
515 4468 572 4522 sive
599 4484 652 4539 per
679 4482 794 4538 corpus,
815 4466 872 4521 sive
886 4482 940 4537 per

86 4558 180 4630 ipsam
194 4557 321 4612 animam
336 4557 556 4630 liunttquamris
566 4563 663 4612 utrum
674 4557 778 4628 aliquae
788 4556 939 4628 peripsam

87 4646 169 4717 flant,
185 4647 215 4702 id
231 4651 273 4701 est
288 4661 410 4718 quarum
437 4646 500 4717 ipsa
525 4645 561 4701 sit
584 4662 679 4712 causa,
701 4662 760 4700 non
788 4661 875 4717 parva
903 4645 939 4700 sit

86 4735 230 4807 quaestio),
247 4734 277 4789 id
291 4734 351 4806 agit
364 4738 396 4789 ut
411 4734 538 4788 anianum
553 4750 609 4788 non
620 4733 747 4788 animam
761 4733 858 4788 iaciat.
876 4734 939 4788 lam

86 4823 177 4896 igitur
192 4840 249 4877 non
264 4823 357 4877 solum
371 4838 423 4894 per
435 4839 474 4891 se,
492 4821 765 4877 verumuecuostris
779 4821 940 4877 rationibus

86 4911 279 4967 formidandae
292 4916 368 4967 sunt.

84 5001 199 5057 CAPUT
217 5001 260 5057 l'l.
275 5030 310 5041 -
326 5001 405 5056 ltotto
420 5015 480 5068 qua
498 4998 726 5055 incommutabilis
759 5002 809 5067 est,
829 4999 885 5053 siue
910 5000 940 5053 in

121 5092 213 5146 animo
223 5092 280 5144 siue
294 5105 354 5143 cnm
366 5091 459 5142 animo
473 5089 520 5154 sil,
531 5089 587 5142 siue
601 5088 708 5141 animos
723 5088 751 5140 in
766 5101 809 5156 co,
823 5086 858 5140 nb
880 5086 940 5155 ipso

122 5177 212 5233 eodem
227 5180 318 5232 animo
335 5179 461 5246 separari
474 5178 576 5245 nequit.

66 5325 78 5348 ι
125 5270 167 5322 10.
183 5267 255 5337 Ergo
271 5266 495 5321 incumbendum
519 5263 655 5319 omnibus
668 5260 857 5316 ratiocinandi
871 5259 938 5316 viri·

86 5356 139 5412 bns
154 5354 247 5425 video,
262 5360 295 5410 ut
309 5355 384 5410 ratio
400 5352 470 5424 quid
489 5351 536 5421 sit,
551 5357 580 5406 et
594 5350 705 5424 quoties
718 5348 834 5405 definiri
848 5349 940 5421 possit

119 5481 126 5514 ¹
146 5477 266 5537 Quatuor
282 5478 356 5538 tiss..
370 5491 403 5528 eo
411 5474 562 5528 morantate
580 5487 635 5538 qao
648 5486 760 5539 quaque
773 5475 801 5526 tn
815 5471 937 5535 subjecto

86 5544 281 5592 monstrantur.

843 280 949 337 LIBER
969 278 1073 337 UNUS.

1768 293 1835 347 l028

985 401 1100 473 sciatur,
1116 407 1147 458 ut
1161 404 1317 459 secundum
1332 421 1432 460 omnes
1448 407 1547 461 modos
1562 411 1590 462 et
1610 408 1644 463 de
1661 411 1764 465 animae
1779 413 1834 467 irn-

986 493 1158 548 mortalitate
1172 499 1291 549 constet.
1310 495 1390 549 liatio
1405 500 1447 551 est
1461 503 1590 568 aspectus
1605 500 1706 570 animi,
1716 517 1772 572 quo
1782 519 1834 573 per

985 582 1122 651 seipsum,
1137 598 1193 636 non
1213 598 1264 653 per
1290 599 1393 653 eorpus
1418 601 1517 639 verum
1543 587 1691 643 intuetur:
1709 595 1758 644 aut
1774 591 1834 661 ipsa

985 670 1045 724 veri
1058 672 1269 741 contemplatio,
1285 687 1341 725 non
1357 688 1538 744 percorpus,
1555 680 1603 728 aut
1618 676 1715 745 ipsum
1734 694 1834 733 verum

985 757 1060 828 quod
1076 758 1295 829 contemplatur.
1313 759 1441 813 Primum
1454 761 1559 816 illudiu
1568 762 1664 817 animo
1675 781 1735 819 esse
1746 781 1831 820 nemo

986 846 1129 917 ambigit:
1147 846 1182 901 de
1198 847 1321 901 secundo
1337 852 1365 901 et
1381 848 1464 902 tertio
1479 850 1569 919 quaeri
1586 855 1680 919 potest
1698 872 1706 918 ;
1729 853 1780 907 sad
1806 856 1834 909 et

984 935 1142 989 secundum
1166 935 1227 990 sine
1252 936 1349 989 animo
1372 952 1433 991 esse
1462 953 1520 991 non
1548 943 1651 1008 potest.
1679 941 1718 994 lle
1747 942 1832 996 tertio

985 1036 1090 1092 magna
1105 1022 1225 1092 quaestio
1241 1028 1284 1077 ast
1299 1028 1395 1076 utrum
1410 1039 1509 1078 verum
1524 1024 1592 1079 illud
1607 1026 1684 1097 quod
1698 1027 1760 1082 sine
1788 1027 1834 1082 in·

986 1113 1143 1163 strumento
1159 1110 1287 1180 corporis
1298 1111 1410 1165 animus
1423 1111 1552 1166 intuetur
1566 1113 1603 1166 sit
1617 1130 1669 1184 per
1694 1116 1833 1186 seipsum,

986 1202 1014 1251 et
1028 1213 1086 1252 non
1100 1199 1136 1251 sit
1151 1197 1300 1264 inanimo,
1316 1203 1365 1252 aut
1380 1200 1469 1270 possit
1484 1216 1543 1254 esse
1560 1200 1620 1256 siue
1635 1202 1743 1258 animo.
1762 1204 1833 1269 Quo·
1923 1214 1932 1225 “

986 1284 1206 1354 quolibetmodo
1220 1291 1315 1341 autern
1329 1286 1476 1354 sebabeat,
1493 1303 1550 1342 non
1565 1289 1593 1343 id
1607 1296 1702 1360 posset
1711 1296 1834 1347 contem·

986 1373 1060 1444 plari
1075 1373 1187 1427 animus
1205 1390 1258 1445 per
1278 1374 1413 1445 seipsum,
1441 1375 1495 1428 nisi
1517 1376 1613 1447 aliqua
1636 1379 1837 1449 conjunctione

986 1477 1052 1515 curn
1066 1477 1109 1515 eo,
1127 1462 1197 1516 Nam
1214 1477 1299 1516 omne
1315 1461 1393 1533 quod
1408 1464 1649 1534 contemplamur,
1665 1466 1838 1538 sivecogita·

985 1549 1066 1604 tione
1080 1550 1220 1621 capimus,
1235 1554 1283 1604 aut
1299 1565 1386 1604 sensu
1399 1555 1447 1604 aut
1462 1550 1607 1606 intellectu
1620 1553 1761 1625 rapimus.
1783 1555 1837 1611 Sed

986 1651 1019 1688 ea
1037 1651 1100 1709 quae
1114 1651 1199 1690 sensu
1213 1636 1374 1705 capiuntur,
1385 1642 1465 1691 extra
1480 1639 1566 1693 etiam
1578 1655 1696 1694 nosessa
1712 1640 1838 1696 sentiun-

986 1727 1042 1789 tur,
1057 1729 1085 1778 et
1100 1724 1169 1779 locis
1192 1725 1387 1795 continentur,
1411 1727 1488 1781 unda
1511 1742 1563 1781 nec
1589 1728 1698 1799 percipi
1719 1730 1836 1800 quidem

987 1828 1071 1882 posse
1094 1812 1275 1869 alirmantur.
1306 1814 1344 1867 Ea
1366 1828 1433 1866 vero
1454 1829 1517 1885 qrrae
1542 1814 1755 1886 intelliguntur,
1779 1833 1837 1873 non

988 1900 1069 1971 quasi
1083 1899 1152 1954 alibi
1165 1901 1257 1972 posita
1272 1900 1481 1971 intelliguntur,
1494 1917 1580 1972 quarn
1596 1902 1656 1973 ipse
1672 1904 1721 1974 qui
1732 1905 1837 1961 intelli-

988 1987 1030 2059 git
1044 1989 1157 2043 animus
1173 2005 1179 2044 :
1194 1987 1279 2043 simul
1290 1990 1368 2043 enirn
1381 1990 1467 2055 etiam
1480 1990 1682 2063 intelliguntur
1697 2009 1755 2048 non
1769 2010 1838 2049 con·

987 2077 1160 2132 tineriloco.

1027 2169 1068 2224 ll.
1084 2166 1175 2231 Quare
1189 2166 1244 2221 ista
1267 2165 1428 2238 conjunctio
1447 2166 1584 2222 intuentis
1611 2168 1710 2237 animi,
1735 2171 1839 2243 atejus

988 2253 1048 2309 veri
1061 2254 1137 2328 quod
1149 2240 1292 2322 intuetur,
1309 2260 1358 2310 aut
1373 2256 1412 2309 ita
1427 2259 1469 2311 est
1496 2260 1528 2310 ut
1544 2257 1705 2328 subjectum
1729 2259 1766 2314 sit
1780 2260 1840 2315 nni-

988 2359 1062 2412 mus,
1079 2359 1178 2398 varum
1193 2348 1289 2397 aretem
1305 2343 1376 2398 illud
1391 2343 1420 2397 in
1432 2343 1577 2414 subjecto,
1595 2350 1644 2400 aut
1655 2351 1754 2401 contra
1769 2348 1838 2404 sub·

985 2431 1095 2502 jectum
1109 2447 1220 2500 verum,
1235 2435 1264 2485 et
1278 2430 1308 2485 in
1324 2431 1451 2502 subjecto
1472 2431 1604 2499 animus;
1621 2438 1671 2488 aut
1684 2438 1840 2507 utrumque

989 2521 1155 2577 substantia.
1172 2522 1280 2575 llorum
1306 2524 1401 2574 autem
1415 2519 1502 2575 trium
1519 2521 1542 2574 si
1568 2521 1694 2591 primurn
1711 2527 1763 2591 est,
1780 2528 1839 2581 tam

989 2614 1031 2665 est
1046 2609 1215 2665 immortalis
1228 2610 1341 2664 animus
1356 2625 1441 2681 quarn
1452 2609 1699 2675 ratio,secundnm
1710 2613 1839 2684 superin-

990 2714 1050 2752 rem
1065 2698 1301 2770 disputationem,
1318 2698 1395 2769 quod
1409 2698 1501 2752 inesse
1516 2697 1566 2751 illa
1578 2698 1766 2755 nisisironon
1775 2705 1840 2773 pot-

990 2791 1040 2842 est.
1056 2787 1161 2841 Eadem
1175 2786 1328 2842 necessitas
1342 2786 1372 2840 in
1386 2785 1511 2840 secundo
1534 2790 1590 2840 ost.
1610 2786 1681 2841 Nam
1692 2788 1716 2842 si
1741 2805 1840 2845 verum

989 2874 1060 2928 illud
1072 2874 1149 2944 qrrod
1164 2875 1236 2928 ratio
1253 2873 1365 2940 dicitur,
1378 2873 1449 2928 nibil
1463 2873 1549 2927 babet
1558 2875 1758 2930 commutabile
1769 2876 1842 2933 sicut

990 2970 1109 3035 apparet
1120 2982 1127 3032 ;
1140 2965 1211 3020 nihil
1225 2966 1395 3021 commutari
1408 2966 1581 3038 potestquod
1592 2967 1624 3021 in
1645 2984 1679 3023 eo
1702 2972 1841 3041 tanquam

990 3052 1020 3106 in
1037 3053 1163 3124 subjecto
1174 3059 1226 3109 est.
1237 3055 1378 3110 Remanet
1387 3054 1476 3126 igitur
1486 3056 1580 3110 omnis
1589 3058 1729 3127 pugnade
1744 3060 1839 3124 tertio,

992 3142 1063 3197 Nam
1079 3142 1103 3196 si
1116 3143 1232 3198 animus
1247 3143 1407 3198 substantia
1423 3149 1475 3210 est,
1490 3149 1518 3199 et
1533 3144 1690 3201 substantia
1704 3146 1777 3202 ratio
1795 3147 1841 3204 cui

991 3231 1177 3302 conjungitur
1188 3229 1218 3300 ¹3
1234 3246 1290 3285 non
1306 3231 1427 3286 absurde
1441 3231 1654 3304 quisputaverit
1668 3233 1732 3290 lieri
1746 3252 1841 3308 posse,

990 3323 1023 3373 ut
1037 3324 1170 3375 manente
1185 3321 1234 3374 illa
1249 3319 1295 3374 hic
1310 3336 1371 3375 esse
1385 3320 1506 3375 desinat.
1523 3321 1579 3376 Sed
1594 3322 1781 3379 manifestum
1801 3328 1842 3380 est

992 3407 1130 3477 quamdiu
1145 3408 1257 3462 animus
1271 3423 1288 3461 a
1301 3407 1412 3462 ratione
1425 3414 1641 3478 nonseparatur
1652 3410 1735 3482 eique
1748 3413 1841 3466 cohae-

992 3499 1046 3565 ret,
1060 3496 1218 3550 necessario
1235 3512 1301 3550 eum
1331 3512 1447 3550 manere
1474 3501 1560 3567 atque
1577 3497 1683 3573 uivere.
1708 3498 1841 3570 separari

993 3588 1089 3638 autem
1103 3600 1160 3655 qua
1173 3585 1291 3640 tandem
1301 3585 1327 3638 vi
1342 3586 1458 3656 potest?
1472 3585 1546 3639 Num
1560 3601 1707 3657 corporea,
1722 3589 1803 3659 cujus
1813 3591 1842 3643 et

992 3671 1119 3742 potentia
1133 3671 1285 3738 intirmior,
1305 3676 1333 3725 et
1344 3671 1424 3742 origo
1437 3671 1568 3738 inferior,
1584 3676 1613 3727 et
1641 3673 1711 3728 ordo
1727 3691 1841 3746 sapara-

993 3758 1068 3812 tior?
1082 3758 1166 3813 Nullo
1181 3758 1278 3814 modo.
1295 3758 1420 3813 animali
1435 3758 1525 3830 ergo?
1541 3759 1596 3814 Sed
1623 3760 1709 3815 etiam
1729 3761 1760 3816 in
1783 3778 1841 3833 quo

992 3847 1097 3902 modo‘l
1110 3850 1153 3901 An
1175 3847 1374 3902 alteranimus
1389 3847 1533 3918 potentior
1554 3848 1683 3921 quisquis
1704 3854 1755 3917 est,
1775 3866 1843 3906 con·
1925 3855 1927 3859 '

992 3935 1126 4006 temptari
1136 3935 1277 3989 rationem
1293 3952 1353 3989 non
1365 3940 1470 4007 potest,
1483 3935 1539 3990 nisi
1554 3937 1677 3993 alterurn
1687 3937 1754 3993 inde
1765 3955 1842 4011 sepa·

992 4024 1118 4079 raserit?
1130 4027 1167 4079 at
1179 4038 1272 4095 neque
1288 4023 1360 4078 ratio
1375 4025 1510 4096 cuiquam
1524 4027 1730 4098 contemplanti
1745 4028 1841 4083 defue-

964 4112 1041 4177 ·rit,
1065 4112 1088 4166 si
1107 4128 1206 4167 omues
1230 4113 1463 4183 contemplentur
1486 4117 1600 4168 etcum
1622 4113 1694 4168 nihil
1721 4115 1758 4168 sit
1780 4115 1842 4186 ipsa

992 4200 1103 4256 ratione
1116 4199 1272 4272 potentius,
1284 4199 1842 4271 quanibilestincommutabilins;nullo

993 4294 1075 4360 pacto
1090 4288 1144 4342 erit
1157 4287 1271 4341 animus
1286 4287 1415 4342 nondum
1436 4288 1541 4342 rationi
1556 4289 1734 4359 conjunctus,
1747 4289 1843 4362 coqui

993 4380 1037 4431 est
1050 4373 1218 4445 conjunctus
1232 4374 1387 4446 potentior.
1404 4376 1501 4430 Restat
1514 4379 1546 4429 ut
1560 4378 1611 4429 aut
1624 4373 1687 4445 ipsa
1700 4376 1798 4432 ratioa
1812 4393 1841 4433 se

993 4463 1088 4534 ipsum
1103 4466 1226 4534 separet,
1241 4467 1291 4518 aut
1302 4462 1363 4534 ipse
1374 4463 1486 4517 animus
1501 4462 1536 4516 ab
1551 4478 1585 4516 ea
1600 4462 1745 4517 voluntate
1760 4479 1841 4534 sepa-

993 4558 1081 4608 retur.
1102 4552 1155 4608 Sed
1170 4551 1242 4607 nihil
1257 4556 1300 4607 est
1314 4551 1345 4606 in
1358 4551 1408 4605 illa
1422 4555 1524 4605 natura
1531 4548 1708 4621 insidentia,
1726 4553 1843 4623 quomi-

992 4657 1047 4694 nus
1071 4640 1220 4695 lrnendam
1241 4655 1271 4694 se
1293 4639 1390 4693 animo
1413 4637 1545 4710 praebeat.
1561 4637 1668 4692 Deinde
1680 4654 1738 4709 quo
1751 4640 1842 4713 magis

993 4734 1044 4796 est,
1063 4745 1098 4784 eo
1113 4729 1254 4801 quidquid
1269 4728 1322 4783 sibi
1337 4727 1521 4799 conjungitur
1533 4726 1601 4782 iacit
1623 4732 1656 4783 ut
1671 4728 1717 4797 sit,
1738 4731 1785 4785 cui
1800 4730 1842 4787 rei

992 4818 1152 4872 contrarius
1169 4824 1213 4873 est
1226 4817 1369 4872 interitus.
1385 4817 1537 4871 voluntate
1547 4821 1643 4871 autern
1654 4818 1784 4875 animum
1799 4837 1841 4876 se-

992 4907 1089 4977 parari
1103 4922 1119 4959 a
1134 4907 1244 4960 ratione
1259 4921 1317 4959 non
1324 4904 1410 4958 nimis
1422 4904 1616 4976 absurdequis
1622 4905 1738 4975 diceret,
1748 4908 1772 4961 si
1779 4909 1839 4963 ulla

993 4993 1165 5049 abinvicem
1180 4992 1319 5063 separatio
1330 4996 1426 5062 posset
1436 5008 1496 5046 esse
1509 5008 1606 5048 rerum
1621 5010 1692 5065 quas
1706 5012 1765 5050 non
1774 5012 1843 5051 con·

992 5082 1064 5137 tinet
1073 5083 1151 5137 locus
1168 5083 1213 5151 (a).
1229 5080 1311 5145 Quod
1324 5080 1442 5152 quidem
1456 5080 1512 5135 dici
1537 5081 1672 5136 adversus
1686 5083 1784 5138 omnia
1797 5099 1843 5137 sn·

991 5171 1106 5243 periore
1119 5173 1213 5242 potest
1226 5169 1330 5241 quibus
1343 5169 1413 5224 alias
1438 5169 1675 5225 contradictiones
1702 5172 1840 5242 opposui-

993 5276 1067 5315 mus.
1081 5259 1155 5324 Quid
1171 5257 1261 5330 ergo‘l
1275 5259 1376 5313 lamae
1401 5258 1629 5315 concludendum
1644 5261 1696 5326 est,
1712 5258 1842 5314 animum

1024 5413 1033 5446 ¹
1049 5411 1102 5460 lsta
1116 5410 1188 5469 tiss,
1203 5413 1231 5459 et
1243 5408 1401 5459 concinnius
1412 5422 1493 5474 mam
1507 5409 1529 5458 si
1548 5420 1609 5458 cum
1623 5406 1751 5459 hactenus
1767 5407 1845 5461 editis

991 5472 1016 5524 le
1035 5476 1104 5532 atur,
1121 5471 1322 5534 rottontcorrlun
1341 5474 1407 5524 lter.

1017 5487 1061 5598 io)
1076 5537 1087 5584 l
1104 5534 1229 5595 licetret,
1243 5548 1301 5598 cap.
1317 5487 1341 5596 ἕ,
1355 5547 1383 5584 n.
1399 5535 1423 5584 2.
