3884 6112
26 232 45 251 ·
68 211 139 265 1045
846 213 953 271 LIBER
978 213 1081 271 UNUS.
1754 223 1822 278 teta

62 335 134 386 sunt
148 330 179 386 in
200 330 294 401 figura
307 333 454 402 utraque?
467 334 500 387 Ε.
521 332 660 401 Totidem,
679 334 784 392 scilicet
796 352 837 393 eae
849 355 915 411 quas
970 339 1150 411 longitudine
1161 339 1314 414 intelligas.
1334 342 1406 397 Nam
1414 342 1438 397 si
1448 344 1659 414 longitudinem
1673 345 1820 418 intelligis,

60 418 94 474 in
111 419 207 475 media
222 420 312 474 latera
323 420 477 476 ducuntur.
492 423 531 476 A.
554 422 706 478 verissime
721 425 791 478 mihi
810 426 915 485 videris
969 444 1152 500 nequaquam
1166 429 1294 500 profecto
1301 429 1438 503 intelligis
1449 434 1524 486 unde
1536 434 1600 504 ipsa
1610 434 1711 504 incipit
1725 435 1822 505 longi·

61 508 169 573 dicere,
186 524 279 579 neque
294 507 342 562 hic
366 525 437 578 opus
457 515 499 564 est
522 509 628 566 diutius
652 511 819 581 immorari;
834 516 869 569 ad
885 515 915 571 id
970 517 1049 570 tudo.
1065 520 1097 571 Ε.
1114 518 1180 572 Tale
1196 517 1313 572 omnino
1336 521 1376 573 A.
1401 521 1459 574 Hoc
1476 536 1544 591 ergo
1560 522 1638 591 quod
1650 522 1710 592 jam
1725 528 1754 576 te
1775 522 1819 576 in-

61 598 143 651 enim
160 595 914 676 quodeolumussatisest:nametmagnamaequa-
969 603 1098 674 telligere
1121 605 1215 674 video,
1238 605 1469 676 potentissimum
1494 609 1638 678 omnium,
1674 625 1739 681 quae
1769 611 1819 665 de·

60 685 173 740 litatem
188 685 235 739 hic
244 683 361 750 servari,
373 689 404 738 ut
414 685 528 755 opinor,
535 685 623 753 vides,
638 690 771 742 ettamen
784 691 914 746 nondum
968 695 1125 747 monstrata
1139 697 1218 750 sunt.
1243 694 1390 766 Siquidem
1405 696 1457 749 hoc
1480 701 1532 764 est,
1547 697 1625 767 quod
1649 698 1759 752 unllam
1776 699 1819 753 di·

60 789 98 828 ex
114 773 193 828 omni
212 778 293 844 parte
308 773 473 844 perfectam.
494 777 528 849 Ε.
548 774 670 829 Omnino
694 776 787 846 video,
803 783 831 834 et
849 797 914 851 quoe
968 779 1108 834 visionem
1123 781 1264 852 patiatur;
1279 786 1307 836 et
1319 786 1457 853 punctum
1469 789 1594 850 vocatur,
1611 801 1676 839 cum
1690 786 1819 841 medium

60 861 114 917 illa
125 861 217 931 ligura
228 861 263 915 sit
278 876 343 948 quae
354 877 496 916 summam
507 863 699 933 equalitatem
709 865 914 934 habeat,nosse
968 869 1046 922 tenet
1059 868 1160 940 ligures
1173 869 1215 924 :si
1228 875 1323 925 autem
1332 871 1508 942 principium
1517 871 1600 926 linea:
1610 876 1652 926 est
1665 873 1709 926 vel
1724 872 1818 944 lineis,

60 948 249 1003 vehementer
262 952 403 1020 exspecto.
968 955 1118 1011 autetiam
1134 956 1221 1024 finis3
1240 958 1284 1011 rel
1299 975 1364 1013 cum
1379 958 1497 1013 omnino
1512 959 1620 1030 aliquid
1644 963 1724 1014 notat
1743 962 1819 1031 quod

61 1035 177 1091 CAPUT
196 1038 240 1091 lll.
270 1066 305 1077 —
330 1039 495 1106 figurarum
521 1042 693 1109 prestantia.
715 1041 788 1109 Quid
805 1045 914 1111 signum
967 1041 1029 1096 sine
1044 1044 1173 1114 partibus
1189 1044 1409 1116 intelligendum
1429 1046 1475 1112 sit,
1497 1063 1549 1100 nec
1565 1050 1663 1101 tamen
1691 1048 1819 1102 obtineat

348 1127 400 1192 sit:
413 1125 481 1195 quid
488 1130 629 1196 punctum.
968 1131 1068 1202 figurae
1083 1132 1222 1199 medium,
1232 1133 1347 1205 signum
1359 1133 1472 1189 dicitur.
1485 1136 1532 1188 Est
1543 1151 1610 1205 ergo
1619 1135 1734 1206 signum
1749 1140 1819 1191 nota

100 1214 142 1266 ll.
158 1213 194 1267 A.
221 1212 312 1276 Quam
336 1228 445 1281 censes,
470 1214 524 1268 nisi
545 1230 619 1282 cam,
635 1215 717 1287 cujus
731 1219 760 1270 et
774 1217 910 1272 extremi·
967 1217 1028 1272 sine
1047 1219 1187 1288 partibus.
1205 1221 1253 1275 Est
1272 1223 1369 1275 autem
1384 1226 1534 1291 punctum,
1551 1227 1621 1276 nota
1636 1223 1763 1276 medium
1779 1223 1817 1276 ll-

59 1303 107 1353 tas
119 1299 173 1354 sibi
187 1316 305 1355 concors
320 1305 363 1356 est
377 1302 517 1373 undique,
536 1303 615 1356 nullo
637 1304 742 1374 angulo
756 1305 914 1374 aequaelita-
967 1321 1047 1376 gurm
1059 1311 1168 1360 tenens.
1185 1308 1227 1360 lta
1240 1307 1315 1362 litut
1329 1323 1414 1361 omne
1430 1313 1569 1378 punctum
1585 1309 1672 1362 etiam
1701 1309 1817 1380 siguum

58 1386 121 1439 tem
136 1387 331 1455 perturbante,
347 1391 376 1442 et
391 1404 408 1442 a
422 1389 503 1459 cujus
522 1388 617 1444 medio
640 1390 677 1444 ad
700 1406 799 1446 omues
819 1395 913 1448 extre·
967 1392 1013 1459 sit,
1028 1409 1086 1448 nou
1099 1398 1195 1448 autem
1207 1409 1293 1449 omne
1308 1394 1424 1465 signum
1437 1399 1574 1465 punctum
1591 1395 1731 1450 videatur.
1747 1397 1816 1452 Volo

58 1472 169 1527 mitatis
180 1478 276 1545 partes
297 1491 381 1546 pares
393 1475 478 1530 linea:
497 1476 563 1531 duci
584 1480 726 1549 possunt?
739 1482 772 1535 Ε.
794 1481 866 1547 Jam,
880 1484 914 1537 ut
966 1479 1044 1535 enim
1058 1482 1092 1536 de
1106 1481 1151 1536 his
1165 1481 1329 1536 nominibus
1342 1481 1419 1536 inter
1433 1498 1484 1536 nos
1499 1482 1660 1549 convenire,
1678 1487 1710 1537 ut
1721 1482 1817 1536 minus

59 1563 175 1633 opinor,
191 1562 337 1634 intelligo:
353 1579 421 1618 nam
435 1563 514 1618 illam
536 1564 660 1636 figuram
680 1582 746 1638 quae
760 1581 819 1620 una
837 1566 913 1621 linea
965 1567 996 1622 in
1012 1569 1184 1640 disputando
1199 1569 1479 1641 circumloquamur:
1495 1585 1661 1641 quanquam
1687 1569 1817 1641 plerique

57 1649 92 1704 in
107 1651 245 1705 circulum
254 1651 338 1706 ducta
349 1651 530 1720 terminatur,
543 1652 614 1708 mihi
625 1653 728 1709 videris
741 1653 910 1711 describere.
965 1659 1104 1724 punctum
1116 1655 1271 1726 appellent,
1289 1672 1346 1710 non
1358 1656 1435 1726 quod
1451 1656 1545 1710 omnis
1561 1656 1663 1726 ligurae
1677 1655 1815 1724 medium,

57 1740 101 1792 A.
117 1739 202 1793 Recte
216 1738 362 1810 intelligis.
380 1740 461 1794 Nunc
475 1739 573 1810 itaque
587 1740 659 1796 illud
674 1741 833 1805 considera,
846 1758 911 1796 cum
965 1743 1016 1798 sed
1031 1743 1107 1815 quod
1122 1742 1210 1797 solius
1225 1743 1323 1797 circuli
1337 1744 1379 1798 vel
1396 1743 1463 1814 pilae
1477 1749 1571 1812 tenet;
1591 1742 1704 1798 tametsi
1719 1744 1816 1799 minus

58 1826 190 1898 superior
212 1826 283 1881 ratio
308 1826 439 1882 docuerit
465 1827 573 1883 lineam
591 1828 622 1883 in
645 1829 706 1884 sola
728 1829 911 1901 longitudine
965 1831 1049 1887 nobis
1063 1831 1098 1886 de
1110 1830 1256 1885 vocabulis
1272 1832 1460 1885 laborandum
1477 1837 1529 1886 est.
1544 1834 1577 1887 Ε.
1593 1831 1751 1888 Assentior.

58 1914 194 1986 intelligi,
209 1932 263 1970 nec
283 1915 440 1987 quidquam
459 1917 618 1972 latitudinis
632 1935 781 1991 usurpare,
796 1924 825 1975 et
842 1920 908 1976 ideo

57 2019 113 2074 per
127 2004 246 2075 longum
262 2019 320 2075 qua
333 2003 446 2058 ducitur
460 2004 549 2059 dividi
563 2021 621 2060 non
635 2022 727 2077 posse,
748 2011 845 2063 utrum
858 2007 911 2063 tibi

37 2091 191 2149 ,videatur
203 2090 297 2163 figura
320 2093 456 2163 quaelibet
470 2093 531 2147 sine
554 2094 706 2151 latitudine
721 2096 854 2151 inveniri.
871 2099 905 2152 Ε.

59 2179 145 2235 Nullo
157 2180 253 2235 modo.
262 2181 300 2237 A.
313 2181 386 2245 Quid
397 2182 411 2235 ‘l
424 2180 488 2252 ipsa
502 2181 624 2237 latitudo
636 2188 768 2255 potestne
783 2184 910 2256 longitu-

56 2267 155 2323 dinem
179 2285 238 2323 non
252 2269 369 2340 habere,
382 2269 512 2341 quamvis
527 2270 649 2326 latitudo
664 2272 724 2327 sola
740 2272 786 2341 sit,
806 2289 908 2344 quem-

58 2357 216 2413 admodum
230 2357 362 2428 superius
376 2357 588 2428 longitudinem
603 2359 665 2414 sine
688 2359 841 2415 latitudine
859 2361 908 2415 in-

57 2445 240 2512 telleximus;
256 2461 293 2499 an
316 2461 374 2499 non
388 2446 500 2516 potest?
514 2449 549 2502 Ε.
573 2446 659 2502 Video
674 2463 733 2502 uon
755 2464 847 2521 posse.
868 2450 907 2503 A.

57 2533 143 2588 Vides
159 2533 244 2588 etiam
259 2533 339 2600 illud,
362 2533 417 2588 nisi
432 2533 527 2603 fallor,
542 2534 620 2605 quod
636 2535 755 2591 latitudo
771 2536 806 2591 ab
829 2537 909 2591 omui

58 2625 140 2692 parte
153 2621 242 2676 dividi
257 2625 353 2692 queat,
370 2621 447 2676 linea
460 2637 527 2676 vero
539 2639 591 2693 per
605 2623 724 2694 longum
742 2638 800 2680 non
813 2629 908 2695 queat.

58 2711 93 2764 Ε.
110 2709 290 2764 Manifestum
305 2713 357 2764 est.
372 2711 411 2763 A.
425 2709 499 2773 Quid
514 2727 582 2782 ergo
596 2716 681 2782 putas
693 2712 785 2782 pluris
798 2712 908 2767 haben-

58 2798 130 2853 dum
141 2797 155 2852 ι
167 2797 243 2869 quod
259 2796 346 2851 dividi
360 2800 465 2867 potest,
479 2813 516 2852 an
536 2798 566 2854 id
581 2799 659 2869 quod
674 2814 731 2853 non
745 2801 859 2870 potest?
875 2803 906 2856 Ε.

57 2886 188 2941 Proiecto
202 2884 233 2940 id
251 2885 328 2956 quod
342 2900 400 2938 non
419 2889 521 2957 potest.
538 2887 578 2941 A.
601 2886 749 2957 Praeponis
771 2887 861 2958 igitur
874 2888 909 2942 li-

56 2989 144 3029 neam
158 2971 314 3028 latitudini.
330 2972 401 3027 Nam
415 2971 529 3043 siquod
545 2973 634 3029 dividi
645 2991 704 3029 non
714 2979 818 3045 potest,
834 2991 908 3047 prae·

55 3061 225 3133 ponendum
251 3063 311 3128 est;
341 3075 544 3131 praeponamus
574 3077 689 3116 necesse
712 3067 755 3117 est
770 3062 856 3118 etiam
878 3062 907 3118 id

56 3149 251 3222 quodminus
275 3147 363 3203 dividi
381 3152 491 3218 potest:
511 3149 633 3205 latitudo
657 3155 754 3205 autem
778 3150 909 3205 exomni

54 3242 139 3310 parte
152 3236 300 3303 dividitur,
320 3234 470 3306 longitudo
485 3252 552 3293 vero
571 3253 631 3293 non
650 3238 704 3293 nisi
725 3255 759 3292 ex
783 3238 907 3305 diverso,

55 3343 125 3382 nam
142 3327 324 3398 perlongum
344 3323 515 3380 divisionem
531 3342 591 3381 non
610 3327 756 3395 admittit:
773 3331 816 3384 est
839 3344 908 3399 ergo

52 3414 209 3472 latitudine
219 3412 408 3485 prestantior.
426 3415 470 3468 An
487 3418 519 3469 tu
536 3415 619 3470 aliter
632 3415 846 3529 existimastE.
867 3417 909 3471 lta

52 3520 177 3578 prorsus
189 3502 263 3558 ratio
274 3500 350 3572 cogit
362 3500 447 3556 fateri
461 3505 494 3556 ιιι
503 3501 583 3558 dicis.

141 3658 829 3922 Odit&

95 4029 138 4084 18.
155 4030 194 4083 A.
209 4030 271 4085 lam
286 4046 460 4103 quaeramus,
476 4027 500 4083 si
516 4028 618 4101 placet,
632 4031 729 4082 utrum
746 4025 783 4082 sit
799 4025 909 4098 aliquid

55 4115 89 4170 in
107 4114 162 4171 ista
176 4117 297 4188 ratique,
318 4119 397 4191 quod
411 4117 528 4174 omnino
545 4133 604 4173 non
626 4119 712 4187 queat
734 4115 823 4171 dividi
835 4129 842 4185 ;
855 4114 909 4170 erit

54 4203 136 4259 enim
148 4205 202 4259 hoc
217 4207 309 4261 multo
324 4206 412 4261 etiam
436 4222 524 4278 quam
537 4205 587 4259 illa
605 4203 682 4258 linea
700 4203 814 4258 melius.
836 4203 908 4258 Nam

55 4291 164 4347 lineam
174 4293 267 4348 cernis
277 4311 311 4350 ex
324 4294 436 4350 diverso
451 4291 701 4348 innumerabiliter
709 4289 799 4346 secari
811 4306 904 4362 posse,

54 4378 156 4449 itaque
171 4380 288 4452 tibiipsi
302 4381 568 4436 hocinveniendum
583 4378 705 4434 dimitto.
714 4380 748 4433 Ε.
765 4379 822 4448 Ego
837 4376 909 4432 illud

54 4471 130 4539 pute
145 4483 203 4522 non
218 4483 301 4539 posse
315 4468 404 4524 dividi
407 4469 504 4540 ,quod
526 4466 676 4521 medium
668 4482 700 4520 ιιι
714 4465 807 4536 figura
818 4480 908 4564 pone-

56 4554 448 4616 bamus.unde1uextrema
470 4555 555 4611 lineae
568 4556 721 4612 ducuntur.
737 4555 808 4609 Nam
827 4552 852 4607 si
865 4553 909 4608 di·

55 4641 176 4708 viditur,
197 4642 377 4715 longitudine
396 4644 550 4699 autetiam
567 4643 718 4698 latitudine
735 4657 832 4697 carere
850 4656 910 4695 non

57 4732 164 4800 potest.
187 4730 243 4785 Sed
271 4730 295 4786 si
320 4731 531 4803 longitudinem
557 4731 756 4797 solamhabet,
774 4746 832 4785 non
848 4729 909 4799 jam

58 4817 137 4879 unda
151 4818 297 4874 ducuntur
311 4819 405 4887 lineae,
421 4821 470 4875 sed
485 4819 628 4890 ipsabnea
634 4825 687 4874 est.
701 4819 729 4875 si
742 4834 809 4873 vero
822 4818 909 4872 etiam

57 4905 150 4961 latum
165 4910 218 4976 est,
235 4907 314 4962 aliud
329 4908 473 4963 desiderat
485 4906 612 4961 medium
628 4923 644 4960 a
662 4906 764 4978 quoin
783 4910 911 4960 extrema

57 4992 220 5048 latitudinis
240 4993 324 5049 lineae
339 4994 490 5049 ducantur.
507 4995 664 5063 Utrumque
678 4997 774 5047 autem
789 4993 844 5048 hoc
867 5009 910 5047 ra·

57 5079 100 5135 tio
125 5081 250 5152 respuit.
272 5083 305 5137 ld
326 5082 380 5137 erit
398 5083 487 5154 igitur
505 5082 582 5153 quod
606 5080 695 5136 dividi
714 5085 848 5152 nequeat.
871 5082 908 5137 A.

1144 1919 1256 1974 CAPUT
1278 1919 1336 1974 Xll.
1352 1949 1386 1958 —
1400 1921 1636 1988 Punctipoteutia,

1001 2009 1044 2062 ts.
1058 2009 1097 2061 A.
1114 2005 1196 2061 Vides
1210 2009 1285 2060 certe
1300 2006 1386 2061 etiam
1406 2011 1546 2078 quantum
1564 2007 1667 2062 valeat.
1688 2007 1759 2062 Nam
1779 2006 1815 2061 ab

964 2092 1026 2165 ipso
1041 2092 1144 2164 incipit
1159 2093 1245 2161 linea,
1259 2093 1322 2164 ipso
1335 2094 1526 2162 terminatur;
1542 2095 1665 2166 liguram
1680 2094 1765 2149 rectis
1780 2095 1815 2148 li-

964 2181 1025 2236 neis
1039 2181 1149 2236 nullam
1164 2181 1294 2237 videmus
1317 2181 1380 2237 fieri
1402 2198 1495 2253 posse,
1524 2182 1579 2236 nisi
1601 2182 1663 2252 ipso
1689 2181 1815 2252 angulus

964 2269 1131 2337 claudatur;
1148 2268 1250 2325 deinde
1278 2270 1480 2341 undecumque
1500 2269 1590 2324 secari
1612 2269 1688 2324 linea
1707 2274 1813 2340 potest,

963 2374 1016 2428 per
1038 2358 1132 2428 ipsum
1157 2361 1276 2420 secatur,
1303 2373 1368 2412 cum
1394 2357 1488 2427 ipsum
1513 2357 1630 2412 omnino
1650 2358 1761 2412 nullam
1784 2357 1814 2411 in

964 2462 994 2499 se
1018 2445 1151 2500 admittat
1174 2445 1347 2513 sectionem;
1367 2445 1448 2500 nulla
1471 2444 1546 2499 linea
1565 2445 1660 2511 lineae,
1684 2445 1739 2500 nisi
1762 2461 1814 2516 per

962 2533 1059 2603 ipsum
1070 2534 1229 2604 copulatur.
1246 2535 1392 2587 Postremo
1407 2548 1473 2586 cum
1484 2532 1593 2587 caeteris
1606 2532 1700 2603 planis
1714 2530 1815 2603 liguris

964 2622 1040 2692 (narn
1055 2622 1089 2676 de
1104 2621 1256 2676 altitudine
1271 2621 1365 2676 adhuc
1379 2620 1451 2674 nihil
1467 2620 1598 2686 diximus)
1614 2637 1678 2674 eam
1699 2636 1814 2691 praepo-

963 2709 1088 2765 nondam
1101 2708 1175 2763 ratio
1189 2708 1428 2763 demonstraverit
1447 2725 1511 2780 quaa
1535 2708 1641 2762 circulo
1661 2708 1813 2772 clauditur,

962 2800 1081 2866 propter
1096 2812 1238 2850 summam
1253 2795 1447 2867 :equalitatem
1461 2815 1468 2863 ;
1480 2812 1544 2866 quae
1555 2795 1611 2850 alia
1625 2795 1815 2866 ipsiusrequa-

962 2882 1051 2936 litatis
1077 2881 1237 2938 moderatio
1254 2886 1305 2949 est,
1326 2898 1414 2953 quam
1428 2887 1566 2953 punctum
1581 2882 1612 2936 in
1635 2881 1731 2937 medio
1747 2898 1813 2936 con·

962 2968 1114 3024 stitutum?
1128 2970 1215 3024 llulta
1229 2970 1264 3024 de
1287 2970 1373 3040 hujus
1401 2969 1530 3041 potentia
1544 2970 1600 3024 dici
1616 2972 1746 3040 possunt,
1763 2969 1812 3024 sed

963 3058 1085 3113 adhibeo
1100 3058 1228 3124 modum,
1244 3062 1272 3113 et
1287 3057 1339 3112 tibi
1353 3057 1408 3129 ipsi
1428 3057 1581 3130 cogitanda
1595 3058 1680 3128 plura
1694 3057 1813 3128 permit·

962 3151 1001 3202 ιο.
1015 3150 1048 3202 Ε.
1065 3146 1137 3202 Sane
1152 3150 1184 3202 ιιι
1202 3147 1332 3215 videtur;
1349 3163 1407 3201 non
1426 3147 1504 3202 enim
1525 3163 1571 3200 me
1591 3145 1739 3217 requirere
1767 3145 1813 3215 pi·

962 3235 1051 3306 gebit,
1077 3234 1101 3289 si
1123 3235 1193 3307 quid
1217 3234 1305 3290 luerit
1332 3235 1500 3290 obscurius:
1529 3250 1614 3290 cerno
1639 3238 1736 3289 autem
1755 3249 1814 3288 me·

962 3322 1106 3391 diocriter,
1122 3327 1251 3395 utputo,
1266 3339 1402 3395 magnam
1421 3323 1508 3395 hujus
1529 3323 1605 3394 signi
1630 3339 1692 3379 esse
1713 3326 1813 3393 poten·

961 3410 1043 3467 tiam.

996 3502 1042 3556 20.
1057 3502 1096 3555 A.
1113 3501 1193 3555 Nunc
1212 3516 1281 3570 ergo
1301 3501 1373 3555 illud
1399 3499 1525 3564 attende,
1547 3514 1614 3554 cum
1632 3502 1661 3553 et
1686 3497 1755 3569 quid
1777 3498 1814 3553 sit

961 3587 1087 3659 signum,
1109 3592 1137 3642 et
1160 3587 1230 3659 qnid
1251 3587 1288 3642 sit
1305 3587 1471 3660 longitudo,
1497 3589 1525 3641 et
1545 3585 1616 3657 quid
1635 3584 1672 3642 sit
1689 3585 1812 3641 latitudo

960 3677 1158 3745 perspexeris:
1180 3674 1251 3746 quid
1270 3675 1376 3730 horum
1398 3674 1453 3730 tibi
1473 3673 1605 3728 videatur
1629 3672 1756 3740 alterius,
1784 3676 1813 3727 et

961 3763 1042 3834 cuius
1056 3761 1196 3835 indigere,
1218 3764 1359 3836 sineque
1383 3778 1520 3818 essenon
1548 3761 1648 3833 possit.
1666 3763 1699 3816 Ε.
1725 3760 1812 3815 Video

961 3851 1040 3923 quod
1056 3851 1176 3906 latitudo
1189 3851 1371 3923 longitudine
1386 3851 1526 3922 indigeat,
1543 3850 1604 3905 sine
1625 3866 1683 3921 qua
1696 3864 1813 3921 prorsus

961 3939 1085 4010 intelligi
1099 3956 1157 3995 non
1168 3943 1271 4013 potest.
1286 3942 1396 3998 Rursus
1409 3939 1622 4011 longitudinem
1638 3954 1724 3994 cerno
1747 3938 1812 3993 lati-

961 4029 1061 4084 tudine
1076 4029 1195 4101 quidem
1211 4046 1270 4084 non
1294 4028 1425 4100 indigere
1443 4033 1476 4084 ut
1504 4028 1551 4095 sit,
1576 4027 1624 4082 sed
1649 4027 1709 4082 sine
1730 4026 1812 4098 signo

961 4117 1011 4173 illo
1026 4133 1087 4171 esse
1112 4133 1172 4172 non
1195 4134 1288 4188 posse.
1304 4117 1378 4172 lllud
1393 4121 1490 4172 autem
1513 4115 1628 4187 siguum
1642 4130 1695 4185 per
1709 4117 1812 4169 semet·

961 4202 1056 4273 ipsum
1071 4220 1132 4258 esse
1149 4207 1177 4258 et
1193 4204 1301 4260 nullius
1326 4205 1432 4260 horum
1459 4203 1600 4273 indigere,
1626 4201 1813 4256 manifestum

962 4293 1014 4345 est.
1029 4293 1068 4345 A.
1095 4293 1138 4346 lta
1157 4295 1198 4345 est
1220 4296 1253 4347 ut
1275 4291 1365 4357 dicis:
1391 4293 1440 4347 sed
1463 4288 1627 4361 diligentius
1652 4287 1809 4354 considera,

963 4383 1059 4432 utrum
1082 4379 1202 4434 latitudo
1223 4395 1289 4435 vere
1311 4364 1438 4452 undique
1462 4377 1552 4434 serari
1579 4380 1682 4447 queat3
1703 4392 1740 4431 an
1758 4376 1811 4431 ali·

963 4466 1055 4522 eunde
1068 4483 1120 4522 uec
1135 4468 1198 4539 ipsa
1221 4468 1374 4524 sectionem
1394 4467 1485 4540 possit
1507 4464 1665 4531 admittere,
1682 4464 1812 4532 quamvis

961 4556 1027 4627 plus
1040 4556 1172 4611 admittat
1182 4572 1270 4627 quam
1280 4557 1364 4612 linea.
1376 4559 1410 4612 Ε.
1426 4553 1526 4610 Nescio
1538 4567 1655 4623 prorsus
1666 4553 1742 4607 unde
1752 4567 1813 4607 nou

961 4643 1062 4715 possit.
1079 4647 1117 4699 A.
1134 4644 1222 4701 Credo
1236 4649 1264 4699 te
1278 4660 1338 4699 non
1353 4642 1508 4707 recordari;
1529 4656 1596 4695 nam
1610 4639 1719 4695 nescire
1737 4640 1814 4697 istud

963 4732 1042 4786 nullo
1063 4734 1146 4787 modo
1166 4749 1283 4806 posses:
1307 4747 1395 4803 quare
1423 4728 1676 4785 commonefaciam
1699 4732 1728 4783 te
1757 4728 1812 4784 isto

963 4819 1058 4874 modo.
1076 4819 1157 4876 Certe
1176 4819 1255 4875 enim
1273 4818 1453 4875 latitudinem
1467 4817 1507 4872 sic
1520 4815 1667 4887 intelligis,
1683 4820 1716 4871 ut
1735 4816 1812 4888 cogi-

962 4907 1071 4962 tatione
1086 4911 1136 4962 tua
1156 4908 1192 4962 de
1213 4906 1363 4963 altitudine
1387 4905 1459 4960 nihil
1482 4921 1612 4976 usurpes.
1626 4907 1660 4959 Ε.
1688 4903 1734 4960 Sic
1751 4920 1813 4958 om·

963 4995 1044 5051 nino.
1060 4997 1096 5052 A.
1124 4996 1247 5051 Accedat
1266 4995 1356 5067 igitur
1378 4994 1446 5050 hnic
1466 4990 1612 5049 latitudini
1635 4991 1765 5058 altitudo,
1785 4995 1815 5047 et

964 5083 1108 5154 responde
1125 5084 1186 5155 jam
1212 5088 1310 5138 utrum
1329 5083 1417 5138 etiarn
1441 5080 1549 5153 aliquid
1576 5079 1738 5146 accesserit,
1754 5095 1812 5150 quo

57 5169 145 5224 Recte
161 5169 240 5224 dicis.
254 5171 307 5225 Sed
325 5185 423 5226 nonne
437 5170 490 5224 tibi
502 5169 611 5240 aliquid
625 5169 681 5223 tale
695 5168 808 5223 ridetur
822 5168 909 5223 etiarn
964 5171 1055 5242 magis
1066 5171 1194 5243 undique
1209 5171 1298 5226 secari
1315 5175 1410 5243 queat.
1432 5173 1464 5226 Ε.
1482 5169 1550 5224 llire
1572 5167 1690 5222 omnino
1708 5167 1812 5222 admo-

59 5255 132 5311 illud
148 5256 227 5312 unde
239 5256 316 5313 linea
329 5259 453 5327 ducitur,
467 5257 520 5313 etsi
533 5258 626 5328 ligura
639 5257 769 5312 nondum
783 5255 819 5311 sit
829 5257 910 5328 cujus
963 5259 1062 5314 nuisti.
1079 5261 1159 5315 Nunc
1173 5260 1250 5314 enim
1273 5260 1355 5314 video
1376 5275 1435 5314 non
1461 5258 1555 5313 solum
1568 5257 1692 5326 desuper
1711 5257 1760 5308 aut
1779 5269 1814 5307 ex

59 5344 191 5400 medium
205 5345 421 5419 intelligamus?
445 5347 517 5401 lllud
532 5346 610 5403 enim
626 5345 688 5400 dico
702 5344 787 5400 lineae
804 5344 910 5417 princi·
964 5346 1094 5402 interiori
1108 5351 1200 5418 parte,
1217 5348 1298 5403 seda
1317 5347 1455 5403 lateribus
1469 5360 1585 5418 quoque
1595 5340 1709 5398 admitti
1730 5355 1814 5413 posse

59 5431 176 5503 pluma
199 5450 257 5506 quo
280 5433 382 5506 incipit
406 5435 567 5506 longitudo,
583 5434 660 5505 quod
684 5435 749 5490 volo
771 5433 832 5489 siue
851 5434 911 5489 ulla
967 5434 1132 5503 sectionem,
1161 5435 1292 5508 nihilque
1311 5435 1429 5492 omnino
1453 5431 1634 5497 remansisse,
1659 5429 1737 5485 unde
1755 5443 1815 5484 non
