3884 6112
91 313 157 367 1³07
476 302 918 370 anathematismatum
944 301 1134 362 AUGUSTlNl
1154 298 1263 357 altaha
1284 298 1451 355 TERTIUS.
1795 301 1848 354 aaa
1885 310 1894 391 'a

1890 400 1894 439 1

1891 442 1894 483 Ι

88 441 127 491 tes
140 451 168 491 aa
180 432 487 504 marepahissatum
508 431 580 497 sacti
601 431 675 483 aaut.
695 427 835 498 Superbia
857 426 934 481 enim
1024 428 1069 480 75.
1086 424 1181 489 Quaerr
1194 426 1292 479 autem
1317 423 1373 477 hoc
1399 421 1462 476 laco
1476 423 1595 492 potest,
1611 419 1642 474 si
1664 418 1781 474 homini
1792 436 1849 492 pra·

88 522 190 579 avertit
204 539 221 577 a
235 520 391 593 sapientia:
408 518 584 574 aversionem
598 519 694 571 autem
709 515 827 571 stultitia
836 529 934 569 consa-
990 518 1034 569 stu
1048 513 1167 569 luerunt
1183 528 1216 566 ax
1232 517 1355 583 utraque
1373 509 1541 582 partevisa,
1559 523 1663 563 arnum
1675 524 1711 563 ex
1723 517 1850 581 precepto
1888 590 1891 595 Ι

88 613 197 684 quitur.
212 605 569 680 Stultitiaquippecaecitas
579 603 934 677 quaedamest,sioutidem
990 603 1050 670 Dei,
1066 603 1188 658 altarum
1207 616 1239 655 ex
1255 599 1436 672 suggestione
1452 599 1609 670 serpentis
1623 614 1632 665 ;
1647 597 1730 652 unde
1744 597 1797 668 ipsi
1805 600 1849 652 dia-

89 699 158 756 dicit
174 717 180 756 :
196 703 232 756 Et
245 700 417 756 obscuratum
432 701 471 751 est
489 697 622 765 iusipiens
646 710 690 750 cor
707 708 797 749 caum
811 693 895 762 (Rom.
913 707 932 752 r,
989 689 1056 747 bolo
1071 695 1239 762 suggestum
1260 689 1297 744 sit
1314 687 1484 760 appetendae
1502 685 1681 758 impietatis
1705 687 1849 752 consilium,
1892 700 1894 711 ·

88 791 135 854 22,
145 791 199 857 tlt.
211 788 288 842 Unde
298 789 393 841 auteur
404 785 464 840 haec
475 782 646 851 obscuratio,
659 782 753 837 nisiex
764 781 935 836 aversionea
990 796 1047 852 quo
1062 780 1098 835 de
1115 779 1286 835 sublimibus
1300 777 1417 834 sedibus
1438 777 1609 832 laberetur.
1634 775 1671 831 Si
1688 775 1770 831 enim
1788 777 1850 830 nullo
1891 782 1894 799 ¹

88 876 197 932 lumine
210 874 381 946 sapientire?
395 872 472 928 unde
482 877 578 928 autem
593 873 655 926 haec
668 871 788 937 aversio,
801 869 856 924 nisi
866 871 934 924 dum
990 868 1049 923 viso
1063 873 1238 940 tangeretur,
1254 884 1310 922 non
1324 866 1446 938 eligeret
1459 866 1561 920 iacere
1588 863 1681 936 quod
1700 864 1769 919 iecit
1780 881 1787 919 :
1799 880 1849 943 nan

88 964 137 1020 ille
152 963 196 1018 cui
214 963 320 1018 bouum
349 965 391 1016 est
406 963 490 1029 Deus,
506 960 561 1016 eibi
576 960 712 1032 ipsevnlt
730 975 803 1014 essse
827 959 935 1013 bouum
989 957 1014 1012 si
1028 973 1086 1012 non
1098 957 1122 1012 ei
1138 956 1247 1028 aliquid
1265 955 1428 1010 venissetin
1448 958 1599 1022 mentem,
1618 954 1710 1008 nullo
1726 953 1849 1008 modoin-

88 1067 185 1120 suum,
201 1049 285 1105 sicuti
300 1048 354 1104 sibi
369 1056 412 1105 est
434 1050 526 1106 Dens?
544 1050 653 1120 Itaque,
667 1049 715 1104 Aa
725 1051 866 1118 meipsam,
886 1047 934 1101 iu·
989 1045 1149 1101 tentionem
1162 1044 1347 1100 convertisset
1360 1043 1391 1098 in
1409 1041 1501 1098 netas.
1522 1041 1614 1097 Unde
1632 1041 1732 1114 igitur
1745 1042 1849 1097 venitin

88 1139 163 1213 quit,
192 1139 352 1195 conturbata
374 1142 414 1193 est
439 1140 532 1193 aalma
564 1153 626 1193 mea
654 1139 734 1207 (Psat.
756 1137 876 1207 xu1,7):
896 1139 933 1200 et,
990 1137 1129 1204 mentem,
1146 1133 1288 1206 quidquid
1301 1132 1373 1188 illud
1395 1131 1537 1204 estquod
1558 1129 1650 1185 venit
1676 1129 1710 1184 in
1734 1135 1849 1199 menan,

88 1229 210 1295 Gratata,
227 1229 338 1282 eteritis
352 1228 423 1280 sicut
432 1225 473 1279 aa·
487 1225 563 1297 (Gerr.
575 1243 616 1293 ru,
632 1225 668 1296 ὅ).
990 1227 1023 1278 ut
1032 1239 1066 1278 ea
1075 1223 1227 1278 moliretur
1236 1222 1341 1294 quihus
1350 1221 1469 1277 exbono
1480 1219 1598 1291 angelo
1607 1218 1755 1273 diabolus
1770 1218 1849 1272 lieret?
1892 1226 1894 1233 ’

120 1318 166 1372 73.
186 1314 293 1370 Turbat
303 1318 401 1368 antem
415 1313 639 1381 considerantes,
651 1312 775 1385 quodita
786 1316 933 1384 quarunt:
990 1311 1045 1378 Qui
1059 1312 1137 1367 enim
1151 1310 1222 1381 vult,
1247 1311 1375 1382 prolecto
1398 1308 1512 1380 aliquid
1534 1309 1624 1363 vult:
1652 1306 1738 1379 qnod
1753 1307 1804 1362 nisi
1815 1314 1850 1361 aut

87 1403 249 1462 Stultitiaue
263 1402 375 1473 primus
390 1402 478 1456 homo
493 1400 935 1457 recessitaueovanreeedenuo
990 1399 1165 1456 extrinsecus
1186 1414 1239 1470 per
1264 1413 1379 1453 sensnm
1405 1396 1542 1468 corporis
1572 1395 1791 1462 admoneatur,
1815 1399 1850 1450 aut

88 1493 191 1549 stultus
203 1491 294 1546 iactus
308 1495 351 1545 est
362 1490 377 1544 ‘t
389 1489 460 1555 Quia
474 1489 497 1544 si
521 1489 706 1560 responderis
728 1505 795 1544 eum
816 1489 936 1544 stultitia
990 1489 1108 1544 occultis
1132 1488 1226 1544 modis
1251 1488 1282 1542 in
1296 1490 1422 1543 mentem
1442 1485 1557 1552 veniat,
1581 1484 1667 1540 velle
1688 1501 1752 1539 non
1764 1488 1848 1556 potest

88 1580 234 1636 recessisse
262 1578 444 1650 asapientia,
458 1577 600 1633 videbitur
623 1579 727 1633 stultus
754 1577 839 1633 tuisse
855 1582 934 1633 ante-
991 1578 1184 1633 Discernenda
1210 1576 1300 1648 igitur
1324 1568 1392 1629 sunt
1416 1589 1531 1645 genera
1560 1572 1720 1641 visorum,
1747 1589 1849 1645 quorun

73 1742 75 1747 Ι
88 1684 175 1740 quam
187 1668 334 1723 recederet
346 1684 364 1721 a
377 1667 527 1738 sapientia,
540 1671 573 1721 ut
581 1666 700 1722 stultitia
714 1666 756 1722 illi
768 1682 852 1722 causa
862 1672 936 1722 esset
991 1681 1082 1722 unum
1108 1674 1151 1722 est
1173 1665 1251 1737 quod
1274 1662 1465 1735 proficiscitur
1490 1678 1509 1716 a
1531 1663 1700 1718 voluntate
1715 1662 1850 1727 suadentis,

87 1756 247 1812 recedendi.
275 1757 346 1811 ltem
361 1756 385 1810 si
410 1755 589 1827 responderis
605 1771 672 1811 eum
691 1756 849 1811 recedendo
871 1756 937 1811 stul·
991 1757 1076 1827 quale
1091 1754 1161 1809 illud
1176 1759 1219 1810 ast
1232 1752 1348 1823 diaboli,
1370 1751 1417 1807 cui
1443 1752 1537 1807 homo
1558 1751 1784 1808 consentiendo
1799 1769 1850 1823 pet·

87 1849 149 1900 tum
165 1861 225 1900 esse
240 1846 356 1913 factum,
373 1848 616 1917 quercetanum
632 1845 727 1914 stulte,
741 1860 779 1899 an
793 1844 936 1916 sapienter
990 1844 1081 1911 cavit;
1113 1844 1235 1898 alterum
1263 1839 1507 1913 asubjaceutibus
1523 1840 1625 1897 rebus
1641 1841 1692 1897 vel
1716 1840 1851 1896 intention

87 1933 186 1992 iecerit
201 1935 278 2006 quod
297 1934 422 1990 recessit.
447 1934 476 1989 Si
496 1934 574 1989 enim
598 1934 741 2006 sapienter
768 1935 845 2004 iecit,
861 1939 936 1989 recte
991 1932 1092 2000 animi,
1107 1934 1150 1987 vel
1165 1930 1295 1987 sensibus
1307 1929 1447 2000 corporis.
1470 1928 1651 1985 intentioni
1665 1929 1761 1985 animi
1774 1929 1850 1999 subja

85 2022 162 2091 lecit,
179 2023 307 2095 nihilque
322 2022 465 2095 peccavit:
482 2023 507 2077 si
522 2024 617 2088 stulte,
631 2024 692 2095 jam
707 2023 935 2095 erat,inqoinnt,
991 2025 1046 2091 oet,
1061 2025 1177 2092 excepta
1185 2018 1473 2075 incommutabilitate
1481 2017 1662 2088 Trinitatis,
1676 2017 1851 2089 quaequiden

87 2111 118 2167 in
131 2127 166 2166 eo
181 2111 312 2175 stultitia,
328 2127 387 2183 qua
399 2111 558 2167 factumest
572 2111 768 2167 utrecederet.
784 2113 846 2168 Non
858 2110 936 2166 enim
991 2126 1051 2165 non
1064 2109 1202 2181 subiacet,
1214 2109 1264 2164 sed
1279 2107 1387 2164 eminet
1399 2106 1513 2178 potius;
1529 2106 1678 2178 subjacet
1692 2123 1765 2178 ergo
1779 2107 1850 2163 iuteo

86 2200 172 2256 stulte
189 2199 295 2272 aliquid
311 2201 372 2255 sine
399 2200 521 2255 stultitia
547 2200 641 2255 iacere
666 2203 788 2271 poterat.
815 2201 853 2255 Ex
878 2216 936 2273 quo
990 2199 1066 2254 tioni
1079 2198 1167 2253 animi
1182 2197 1262 2269 prius
1275 2196 1471 2267 ipseanimus,
1486 2196 1573 2251 unde
1591 2212 1655 2251 nos
1669 2195 1762 2252 etiam
1776 2194 1850 2248 vivere

87 2293 207 2360 apparet
230 2304 289 2343 esse
309 2287 446 2359 quiddam
468 2287 608 2351 medium,
624 2304 683 2360 quo
704 2288 740 2343 ad
755 2287 905 2344 stultitiam
920 2306 938 2343 a
991 2287 1145 2343 scutimus:
1161 2287 1265 2342 deinde
1281 2302 1383 2357 corpus
1397 2285 1477 2357 quod
1497 2285 1727 2354 administrat3
1743 2285 1813 2341 unde
1823 2284 1850 2338 ad

87 2376 229 2448 snpientia
248 2375 395 2442 transitur,
409 2375 486 2446 quod
501 2391 594 2446 neque
605 2376 701 2442 stulte,
717 2392 810 2448 neque
826 2377 936 2447 sapien·
991 2376 1139 2450 quodlibet
1152 2376 1342 2448 operandum,
1353 2372 1521 2430 membrum
1537 2375 1627 2446 quod
1644 2392 1725 2447 opas
1737 2380 1790 2442 est,
1799 2389 1851 2428 cu·

86 2467 131 2519 ter
145 2463 317 2518 factumdioi
331 2466 434 2534 potest,
450 2463 529 2534 quod
544 2463 579 2518 ab
591 2462 798 2519 hominibusin
812 2465 866 2520 hac
880 2464 937 2520 vita
992 2482 1064 2538 opas
1084 2470 1126 2520 est
1145 2469 1249 2521 movet.
1272 2464 1425 2537 Subjacenl
1442 2467 1545 2518 auteur
1567 2464 1719 2521 sensibus
1742 2461 1850 2535 corporis

87 2552 247 2608 constitutis
261 2568 320 2607 non
337 2551 392 2605 nisi
406 2568 439 2607 cx
449 2551 592 2606 contrario
610 2551 693 2606 datur
707 2551 839 2624 intelligi.
859 2553 937 2608 Sicut
991 2570 1180 2628 quacumque
1196 2569 1341 2625 corporea.

87 2640 165 2695 enim
178 2641 275 2695 nullus
290 2639 455 2695 mortalium
470 2639 504 2695 fit
516 2640 640 2710 sapiens,
651 2640 708 2695 nisi
722 2641 757 2695 ab
772 2641 894 2697 stultitia
905 2642 936 2697 in
1026 2647 1071 2698 76.
1085 2644 1121 2699 Ut
1135 2647 1232 2697 autem
1246 2641 1278 2696 in
1293 2638 1539 2712 contemplatione
1555 2656 1695 2697 summae
1717 2638 1850 2711 sapientia

87 2728 257 2800 sapientiam
273 2728 597 2800 transeat;ipseautem
611 2729 933 2798 transitussistultefit,
993 2732 1068 2804 (quaa
1082 2731 1181 2803 utique
1200 2729 1314 2786 animus
1328 2745 1386 2784 non
1408 2733 1468 2796 est;
1501 2744 1577 2783 nam
1609 2726 1850 2784 incommutabilis

88 2833 148 2873 non
166 2817 266 2890 ntique
279 2817 353 2873 bene
363 2818 406 2888 lit,
421 2818 497 2888 quod
512 2817 759 2874 dementissimum
768 2825 812 2874 est
822 2819 936 2888 diaere;
992 2822 1054 2891 est),
1071 2820 1157 2876 etiam
1173 2818 1369 2891 seipsum,qui
1382 2822 1424 2873 est
1434 2818 1679 2887 commutabilis,
1689 2819 1804 2874 animus
1816 2816 1849 2870 in·

88 2903 113 2958 si
127 2909 223 2961 autem
238 2905 381 2977 sapienter
395 2905 437 2972 fit,
450 2905 512 2976 jam
526 2911 587 2961 erat
601 2905 741 2977 sapientia
764 2907 795 2963 in
818 2908 936 2963 homine
991 2914 1115 2978 tueatur,
1130 2913 1159 2964 et
1172 2908 1226 2964 sibi
1239 2907 1301 2979 ipse
1315 2905 1532 2979 quodammodo
1552 2906 1666 2962 veniat
1679 2908 1715 2962 in
1728 2911 1848 2966 menan.

87 2997 243 3065 antequam
258 2993 405 3048 transisset
429 2994 464 3049 ad
493 2993 674 3065 sapientiam,
693 2995 771 3066 quod
788 2996 935 3051 nihilomi-
991 2995 1407 3067 nonfltnisidillerentiaqua
1425 3010 1485 3049 non
1504 2996 1656 3065 estquod
1675 2997 1848 3062 Deuaetta

87 3097 142 3135 nus
156 3081 312 3136 absurdum
328 3087 387 3149 est;
402 3097 434 3137 ex
448 3098 507 3154 quo
528 3081 700 3154 intelligitur
720 3099 781 3139 esse
796 3085 935 3154 medium,
991 3102 1058 3143 man
1073 3085 1181 3158 aliquid
1190 3089 1232 3141 est
1241 3084 1319 3156 quod
1328 3083 1418 3155 possit
1426 3083 1543 3154 placere
1554 3090 1633 3154 post
1643 3085 1755 3145 Deum.
1767 3083 1848 3138 llelior

87 3170 165 3242 quod
179 3173 315 3224 neutrum
330 3168 387 3225 dici
404 3170 513 3240 possit:
529 3171 570 3227 ita
583 3174 613 3228 et
635 3188 668 3226 ex
689 3187 753 3228 arce
776 3172 935 3244 sapientia,
991 3180 1033 3231 est
1047 3179 1143 3230 autem
1157 3190 1224 3229 oum
1246 3171 1423 3229 obliviscitur
1437 3170 1482 3226 sui
1496 3187 1560 3242 prae
1575 3172 1731 3228 charitate
1756 3173 1848 3226 iucom-

87 3260 118 3311 ut
131 3255 167 3312 ad
191 3255 340 3312 stultitiam
362 3256 473 3328 primus
486 3258 574 3314 homo
587 3259 730 3325 transiret,
750 3277 802 3314 nec
822 3261 935 3324 stultus,
991 3261 1137 3318 mirabilis
1152 3261 1214 3331 Dei,
1229 3262 1270 3317 vel
1287 3260 1412 3332 seipsum
1424 3259 1540 3331 penitus
1557 3258 1594 3314 in
1612 3259 1698 3315 illius
1715 3276 1848 3331 compara·

87 3360 140 3400 nea
155 3343 269 3417 sapiens
283 3345 419 3401 transitus
432 3345 481 3400 ille
496 3346 562 3402 init.
585 3349 670 3404 Velut
684 3348 715 3403 iu
729 3365 830 3405 somno
846 3354 875 3404 et
894 3349 936 3404 vi·
990 3352 1069 3408 tione
1083 3349 1250 3406 contemnit.
1267 3349 1297 3405 Si
1311 3353 1408 3404 auum
1422 3351 1565 3419 tanquam
1582 3349 1698 3404 obvius
1712 3352 1805 3420 placet
1816 3347 1846 3400 si·

86 3431 173 3503 giliis,
188 3448 282 3505 neque
296 3432 324 3488 id
332 3437 375 3488 ast
383 3432 510 3488 dormire
522 3434 831 3521 quodobdormiseere,
841 3452 935 3509 neque
991 3439 1020 3496 bi
1035 3439 1069 3496 ad
1084 3454 1216 3510 perverse
1231 3436 1401 3493 imitandum
1414 3437 1518 3505 Deum,
1534 3449 1570 3492 ur
1584 3443 1741 3508 potestate
1747 3433 1847 3492 suahui

86 3519 116 3576 id
129 3525 172 3578 est
185 3521 303 3594 vigilare
316 3522 393 3594 quod
409 3523 578 3595 expergisci,
593 3524 643 3579 sed
661 3524 798 3581 transitus
818 3525 936 3599 quidam
990 3528 1069 3596 velit,
1084 3531 1162 3583 tanto
1176 3526 1209 3582 tit
1223 3525 1327 3593 minor,
1344 3529 1452 3597 quanto
1466 3540 1497 3579 se
1521 3524 1611 3597 cupit
1625 3543 1695 3582 esse
1712 3528 1847 3598 majoram.

86 3626 118 3666 aa
134 3611 224 3668 alteru
236 3611 267 3666 in
292 3611 425 3667 alterum.
439 3613 543 3667 Verum
559 3613 614 3668 hoc
628 3612 757 3682 interest,
784 3614 860 3686 quod
875 3613 937 3670 sins
991 3617 1025 3674 Et
1051 3618 1106 3671 hoc
1128 3619 1179 3680 est,
1204 3617 1318 3671 initiam
1344 3616 1429 3670 omnis
1455 3616 1565 3683 peccati
1581 3617 1746 3686 superbiu;
1768 3622 1804 3684 et,
1817 3615 1848 3668 la

86 3701 233 3757 voluntate
245 3701 415 3774 plerumque
429 3700 484 3757 ista
497 3702 591 3758 liunt:
610 3701 659 3758 illa
676 3705 771 3758 summ
787 3719 937 3775 nunquam
991 3708 1071 3762 ittam
1081 3705 1216 3775 superbia
1231 3705 1347 3760 marinis
1361 3706 1519 3772 apostatare
1529 3719 1548 3757 a
1565 3704 1630 3760 Deo
1647 3707 1752 3772 (Eccta’.
1767 3722 1795 3773 x,
1817 3703 1848 3759 ti,

87 3789 143 3845 nisi
157 3806 210 3862 per
224 3790 419 3857 voluntatem;
448 3790 524 3846 unde
540 3791 706 3860 justissimae
733 3792 936 3850 retributiones
994 3794 1047 3866 ll).
1060 3794 1206 3866 Superbia
1220 3797 1317 3848 autem
1342 3791 1450 3846 diaboli
1472 3791 1600 3846 accessit
1614 3790 1849 3849 malevolentissi-

87 3883 310 3949 oonsequuntur.
992 3900 1040 3940 ma
1057 3882 1174 3949 invidia,
1201 3886 1233 3937 ut
1247 3881 1320 3937 hanc
1334 3880 1499 3952 superbiam
1522 3879 1646 3937 homini
1660 3883 1849 3953 persuaderet

87 3966 201 4022 CAPUT
212 3966 289 4021 XXV.
304 3994 339 4006 -
353 3965 458 4033 Quibus
469 3967 536 4022 visis
561 3969 685 4036 tangitur
695 3969 840 4025 sathaelis
851 3973 936 4025 aala-
991 3988 1144 4045 perquam
1159 3970 1298 4026 sentiebat
1314 3986 1344 4025 se
1359 3985 1421 4025 esse
1435 3969 1625 4025 damnatum.
1643 3972 1736 4028 Unde
1759 3973 1850 4027 facturn

194 4070 228 4111 ra
248 4070 307 4111 aum
331 4057 505 4112 intentionem
520 4055 557 4111 ad
570 4058 671 4113 matam
689 4060 829 4114 conuertit.
992 4065 1035 4117 est
1048 4065 1081 4116 ut
1092 4075 1178 4132 poena
1191 4058 1340 4114 hominem
1359 4056 1516 4128 susciperet
1536 4060 1758 4117 emendatoria
1772 4060 1851 4133 potius

122 4145 168 4200 74.
190 4143 246 4200 Sed
271 4142 340 4216 quia
353 4144 531 4200 voluntatem
544 4160 604 4200 non
618 4144 705 4201 allicit
727 4146 762 4202 ad
775 4146 937 4203 iaciendum
992 4165 1079 4223 quam
1093 4148 1297 4217 interfectoria,
1307 4145 1394 4204 utcui
1413 4162 1442 4201 se
1456 4144 1597 4202 diabolus
1613 4148 1652 4204 ad
1663 4149 1851 4205 imitationem

88 4231 247 4305 quodlibet,
262 4231 319 4288 nisi
333 4231 450 4304 aliquod
463 4231 649 4306 visum3quid
660 4236 937 4308 autsmquisquevsl
993 4237 1136 4310 superbiae
1152 4237 1324 4309 prebuerat,
1339 4235 1367 4291 ai
1388 4251 1418 4290 se
1439 4232 1585 4290 Dominus
1604 4236 1644 4292 ad
1664 4238 1851 4295 imitationem

88 4325 183 4378 sumat
197 4321 241 4377 vel
253 4326 376 4393 respuat,
394 4325 437 4377 est
452 4320 482 4376 in
496 4325 645 4394 potestate,
663 4323 713 4380 sed
727 4340 784 4396 quo
799 4324 859 4379 viso
873 4329 935 4380 tan·
991 4325 1161 4383 humilitatis
1173 4326 1328 4397 preberet,
1338 4338 1480 4396 perquem
1495 4321 1583 4379 uobis
1594 4330 1716 4381 aeterna
1732 4329 1852 4398 vitapro·

88 4415 184 4482 gatur,
200 4410 280 4466 nulla
295 4414 419 4482 potestas
432 4414 495 4465 est:
512 4409 660 4466 fatendum
676 4416 720 4467 ast
743 4418 771 4468 et
794 4429 828 4467 ex
850 4430 937 4485 supe·
992 4414 1132 4471 mittitur:
1149 4418 1181 4468 ut
1202 4416 1362 4485 prorogato
1377 4410 1459 4467 nobis
1474 4410 1583 4466 Christi
1609 4414 1775 4487 sanguine,
1798 4418 1853 4486 post

88 4498 213 4554 rioribus
226 4504 255 4554 ct
270 4498 495 4555 exinterioribus
506 4497 575 4555 visis
589 4499 717 4555 animum
729 4500 809 4572 tangi
819 4501 939 4557 utratio·
992 4504 1105 4560 labores
1119 4501 1306 4572 miseriasque
1321 4500 1478 4557 ineffabiles
1493 4503 1578 4555 tanta
1592 4501 1747 4560 charitate
1761 4505 1852 4560 libera·

89 4587 162 4642 nelis
172 4586 330 4645 substantia
343 4593 510 4661 aratroque
522 4592 616 4643 sumat
629 4589 707 4660 quod
717 4589 850 4657 voluerit,
861 4595 890 4645 ct
904 4606 937 4645 ex
992 4591 1048 4647 tori
1061 4594 1160 4647 nostro
1173 4590 1381 4654 adhaereamus,
1390 4593 1419 4644 et
1433 4591 1512 4643 tauta
1526 4587 1593 4658 ejus
1608 4589 1641 4644 in
1658 4607 1736 4648 cum
1751 4593 1852 4649 clarita·

89 4674 192 4730 merito
207 4675 340 4731 sumendi
352 4676 397 4731 vel
413 4676 531 4733 miseria
544 4677 587 4732 vsl
601 4676 722 4734 beatitas
736 4678 936 4750 subsequatur.
992 4686 1021 4737 te
1030 4680 1188 4753 rapiamur,
1203 4684 1237 4735 ut
1250 4680 1331 4743 nulla
1344 4694 1398 4733 nos
1421 4677 1480 4733 visa
1494 4693 1530 4732 ex
1543 4676 1749 4737 interioribus
1765 4697 1853 4737 aeon-

88 4763 172 4820 Velut
184 4763 215 4817 in
229 4764 361 4834 paradiso
372 4765 465 4821 visum
484 4783 519 4822 ex
533 4766 737 4839 superioribus,
761 4771 938 4838 praeceptum
993 4775 1093 4843 spectu
1105 4769 1253 4841 superiore
1263 4767 1453 4839 detorqueant
1465 4783 1472 4832 ;
1482 4781 1662 4838 quanquam
1671 4776 1707 4826 et
1722 4767 1855 4842 sistiquid

90 4851 159 4921 [est;
175 4851 315 4909 visumar
330 4854 523 4924 interioribus,
539 4856 685 4929 suggestio
700 4855 848 4929 serpentis.
866 4858 938 4913 Nam
992 4858 1060 4916 huic
1073 4855 1229 4913 intentioni
1239 4859 1345 4911 nostrae
1360 4858 1564 4925 suggereretur
1580 4854 1618 4910 ab
1634 4859 1777 4929 appetitu
1789 4857 1855 4913 inlc-

89 4959 184 5016 neque
198 4941 269 5014 quid
283 4941 337 4997 sibi
351 4943 558 5015 preciperetur
568 4962 583 4999 a
594 4944 939 5018 Domiuo‚nequequida
993 4947 1114 5015 riorum,
1131 4944 1308 5017 sempiterna
1326 4960 1378 4999 nos
1402 4941 1508 4999 diaboli
1523 4941 1684 5001 damnatio
1700 4948 1855 5004 cruciatus·

88 5038 221 5104 serpente
237 5037 449 5103 suggereretur,
458 5033 512 5088 init
519 5034 549 5089 in
557 5034 938 5106 hominispotestnte.Quam
993 5051 1050 5106 que
1065 5037 1238 5090 revocarent.

90 5119 127 5175 sit
138 5124 235 5177 autem
248 5119 371 5176 liberum
387 5123 416 5173 et
425 5118 460 5174 ab
476 5120 610 5176 omnibus
627 5120 803 5177 difficultatis
816 5120 938 5177 vinculis
1028 5127 1073 5179 77.
1090 5125 1180 5178 Tanta
1192 5127 1236 5178 est
1249 5125 1347 5178 autem
1361 5119 1544 5193 pulchritudo
1557 5120 1703 5193 justitias,
1720 5129 1802 5182 tanta
1813 5126 1855 5196 jn·

91 5209 267 5280 expeditum,
284 5209 347 5281 ipsa
370 5207 518 5279 sapientiae
544 5209 665 5266 sanitate
690 5210 855 5280 constituto,
878 5226 939 5265 nun
994 5211 1124 5268 conditas
1135 5210 1208 5267 lucis
1223 5215 1350 5279 aeternae,
1365 5211 1419 5265 hoc
1437 5212 1480 5263 est
1501 5207 1767 5270 iucommutabilis
1786 5213 1855 5269 veri·

89 5297 189 5353 cedere
203 5297 272 5353 visis
285 5297 591 5371 inferiorisgillecebrau,
607 5300 650 5355 vel
665 5299 732 5355 hinc
742 5299 864 5372 intelligi
876 5303 938 5371 pot·
993 5303 1060 5357 tatis
1074 5313 1159 5373 atque
1174 5299 1334 5373 sapientiae,
1349 5304 1382 5354 ut
1395 5296 1506 5354 etiamsi
1525 5313 1588 5353 nou
1604 5300 1713 5358 liceret
1738 5303 1856 5375 amphus

90 5392 144 5456 ast,
171 5389 246 5462 quod
274 5389 362 5445 etiam
386 5386 465 5443 stulti
485 5403 518 5443 ea
553 5394 691 5460 superant
714 5390 749 5446 ad
768 5389 938 5462 sapientiam
993 5390 1023 5445 in
1038 5406 1073 5446 ea
1086 5405 1204 5444 manere
1218 5404 1304 5460 quem
1319 5387 1404 5443 unius
1419 5385 1476 5442 diei
1488 5401 1584 5455 mora,-
1600 5395 1731 5461 propter
1745 5393 1800 5447 hoc
1813 5406 1853 5444 so

89 5476 248 5546 transituri,
268 5477 354 5534 otiam
367 5493 432 5534 cum
443 5476 575 5532 molestia
588 5478 703 5534 carendi
714 5479 939 5550 perniciosarum
993 5477 1054 5532 lum
1081 5475 1307 5534 innumerabiles
1320 5474 1388 5530 anni
1404 5474 1491 5546 hauns
1504 5472 1572 5529 vitae
1595 5477 1683 5547 pleni
1707 5478 1816 5535 deliciis
1828 5482 1853 5531 et

88 5565 327 5621 consuetudinum
344 5565 540 5638 pestilentiosa
554 5566 715 5624 dulcedine.
995 5564 1223 5622 circumfluentia
1244 5562 1445 5638 temporalium
1468 5562 1614 5619 bonorum
1640 5569 1724 5622 recte
1739 5566 1849 5624 marito
