3884 6112
85 246 137 300 259
703 238 785 293 itta
803 237 830 293 S.
851 235 1039 297 auattsrln'l
1061 233 1227 291 EPISGOPI.
1787 241 1839 301 260

86 365 127 422 rit
139 363 315 433 Ambrosius,
335 361 381 418 eui
402 361 535 418 strccessit
553 359 764 434 Simplicienus.
782 362 862 416 llunc
880 364 938 415 Au·
994 376 1075 416 suam
1090 356 1312 432 praedestinavit,
1328 355 1412 412 nobis
1425 356 1587 413 conferatur
1610 358 1660 431 (lic
1672 359 1747 415 nom
1758 375 1845 431 persc-

86 455 218 529 gustinus
232 451 382 510 llcdiolani
396 454 521 516 noverat,
538 450 656 524 ejusque
670 449 807 519 consiliis,
822 464 887 505 curu
903 448 939 504 de
993 465 1063 521 ιιι,
1078 465 1101 506 c.
1117 451 1192 518 itm.
1208 447 1261 521 ts).
1276 447 1469 515 Quamobrem
1484 448 1658 522 Prosperum
1668 451 1697 504 cl
1707 447 1846 506 Hilarium

86 560 139 601 sua
153 541 337 599 conversione
349 542 410 614 jam
424 540 499 597 serio
514 540 662 613 cogitaret,
678 554 746 596 usus
761 538 859 594 luerat.
876 539 939 593 lam
994 544 1084 611 rogat,
1097 543 1129 594 ut
1143 539 1196 593 hoc
1210 553 1282 610 opus
1291 536 1524 604 Massiliensibus,
1541 537 1593 611 qui
1601 537 1762 594 doctrinam
1773 538 1848 594 hanc

86 633 186 690 lumin
197 649 231 687 eo
244 636 398 704 paternum
411 629 555 698 affectum,
569 646 627 702 qno
641 626 939 699 benignissimumcor
994 627 1213 700 impugnabant,
1235 630 1336 683 curent
1354 627 1572 701 perlegendum,
1593 625 1618 683 si
1641 627 1739 683 forsan
1754 627 1848 685 adbuc

87 722 164 779 illius
178 720 304 790 ardebat,
324 719 417 775 lucrat
434 722 568 792 expertus
589 719 686 789 (Epist.
708 719 753 786 ³7,
768 732 796 772 n.
818 718 852 787 1).
869 717 939 772 Cum
995 717 1184 789 nonlegerint
1195 716 1244 787 (lte
1255 716 1382 772 Pradest.
1393 716 1558 784 sanot.,e.4‚
1568 731 1597 772 n.
1608 714 1647 788 8).
1660 715 1849 783 Siclideisuee

87 811 190 868 deinde
205 808 381 880 Augustinus
395 808 427 863 in
438 807 524 863 variis
542 805 788 863 lucubrationibus
801 805 939 861 desudas·
994 807 1120 863 fructum
1131 804 1355 878 percepit,cujus
1365 805 1491 878 impulsu
1505 805 1540 861 ad
1548 804 1772 878 simplicianum
1780 806 1849 863 scri·

88 906 140 971 set,
155 914 253 955 earnm
267 896 414 953 nonnullae
425 897 454 952 in
464 895 641 967 Simpliciaui
653 911 754 950 mantis
766 894 939 960 inciderunt,
996 900 1099 969 pserat,
1116 913 1158 966 se,
1170 895 1237 951 licet
1250 895 1423 968 quaestiones
1439 894 1475 950 ab
1490 911 1525 951 eo
1540 894 1594 951 sibi
1607 895 1780 968 propositas,
1795 913 1847 951 sua

88 1006 159 1063 quas
173 987 221 1043 ille
236 1002 302 1042 cum
316 986 454 1058 singulari
463 985 553 1040 animi
564 985 707 1056 voluptate
717 981 850 1056 perlegit.
865 981 940 1048 Quin
996 985 1128 1042 tarditate
1152 984 1323 1057 implicatos,
1343 984 1439 1039 minus
1457 983 1640 1056 intelligeret,
1661 982 1724 1056 ejus
1749 989 1847 1041 umen

89 1078 175 1133 etiam
186 1092 237 1148 per
252 1072 359 1130 litteras
375 1074 534 1146 Augustino
550 1071 731 1146 significarit,
748 1070 823 1125 illius
839 1087 868 1125 sc
883 1076 940 1126 slu-
997 1074 1107 1131 meritis
1115 1073 1220 1129 iratum
1232 1074 1293 1129 illas
1304 1078 1472 1144 aperturum
1486 1072 1588 1143 (Epist.
1605 1074 1653 1143 31,
1664 1089 1694 1128 n.
1711 1074 1749 1144 3).
1767 1073 1800 1131 El
1812 1073 1848 1141 ud

88 1165 201 1221 diosum
211 1180 243 1220 ac
255 1179 413 1218 memorem
426 1163 461 1218 de
471 1161 554 1217 donis
562 1160 698 1216 divinitus
713 1159 739 1214 ei
754 1159 861 1215 collatis
875 1175 939 1232 gra·
996 1166 1116 1219 atteram
1125 1162 1314 1236 quaestionem
1324 1161 1447 1234 gradum
1457 1160 1574 1226 taciens,
1588 1165 1709 1221 testatur
1717 1179 1748 1217 se
1759 1161 1847 1234 ipsius

88 1252 174 1309 tutari
191 1269 197 1308 :
214 1252 298 1307 sinuit
317 1250 489 1323 quaestiones
512 1249 619 1321 aliquot
639 1249 682 1303 illi
696 1247 854 1320 proposuit,
870 1263 940 1319 quas
995 1253 1128 1325 precibus
1148 1252 1289 1324 adjutum,
1312 1267 1373 1307 rem
1396 1250 1467 1306 adon
1486 1250 1640 1322 implexam
1655 1252 1685 1305 et
1698 1249 1848 1308 obscuram

88 1357 146 1397 uno
158 1340 254 1396 libello
265 1338 383 1394 enodari
396 1339 431 1393 ab
443 1355 476 1393 co
486 1337 647 1408 postulabat
657 1336 706 1408 (lte
716 1336 830 1391 dirersis
840 1336 938 1403 Quasi.
996 1341 1115 1413 aggredi
1140 1357 1147 1395 :
1164 1356 1229 1396 cum
1248 1343 1340 1394 certus
1357 1337 1394 1394 sit
1408 1354 1460 1411 pro
1473 1338 1535 1411 ejus
1549 1354 1619 1411 erge
1632 1355 1662 1393 ee
1676 1339 1850 1397 benevolen-

89 1431 127 1485 od
141 1430 358 1499 simplicianum,
375 1428 420 1482 lib.
436 1430 463 1489 t,
480 1430 574 1496 quast.
592 1425 630 1496 6).
647 1424 833 1498 Augustinus,
854 1440 941 1495 quem
996 1429 1045 1495 tia,
1070 1444 1220 1501 nunquam
1234 1444 1301 1483 eum
1313 1428 1462 1499 jussurum
1486 1425 1583 1493 luisse,
1608 1429 1641 1482 ut
1663 1426 1726 1484 hac
1746 1443 1853 1487 accan

89 1518 211 1573 illustria
226 1523 284 1572 tam
300 1517 388 1571 sancti
402 1514 455 1570 riri
471 1514 573 1570 merita
583 1530 641 1569 non
655 1514 791 1580 latebant,
808 1512 884 1568 illius
900 1514 941 1568 di·
996 1522 1148 1585 reseraret,
1159 1517 1215 1572 nisi
1228 1516 1313 1571 simul
1323 1515 1424 1571 fuisset
1434 1533 1450 1570 a
1460 1515 1517 1571 Deo
1529 1515 1698 1587 deprecatus
1713 1521 1745 1570 ut
1756 1520 1850 1586 posset

89 1606 217 1663 lectionis
231 1605 336 1660 indicia
351 1604 585 1676 suffragiumque,
606 1619 663 1674 quo
678 1602 831 1658 litterarios
851 1601 940 1673 ipsius
997 1605 1045 1677 (De
1060 1605 1174 1661 diuersis
1189 1605 1286 1672 Ouaest.
1302 1604 1340 1660 od
1349 1605 1484 1675 simplic,
1500 1604 1547 1659 tit.
1561 1607 1588 1668 2,
1605 1609 1701 1674 quast.
1718 1608 1747 1675 l,
1758 1604 1848 1675 Pras).

88 1695 202 1751 labores
217 1694 431 1766 comprobabat,
441 1694 506 1747 lato
517 1692 613 1746 animo
625 1690 748 1763 excepit3
758 1695 836 1745 ratus
851 1692 940 1745 Deum
996 1694 1212 1767 Simplicianum
1225 1694 1333 1765 pariter
1348 1697 1437 1766 rogat,
1452 1697 1480 1749 ul
1496 1693 1527 1748 in
1549 1694 1603 1749 hoc
1615 1710 1716 1767 opere,
1729 1693 1848 1768 aliisqm

88 1783 118 1839 id
133 1782 225 1838 solatii
240 1781 314 1837 curis
329 1781 387 1837 suis
402 1780 644 1850 allerreroluisse,
656 1795 722 1834 cum
732 1794 845 1850 semper
859 1783 941 1833 antra
996 1800 1060 1857 qma
1075 1784 1105 1839 in
1119 1800 1221 1838 manns
1236 1782 1313 1839 illius
1327 1783 1400 1838 torte
1414 1782 1609 1855 pervenirent,
1621 1799 1682 1838 nou
1696 1784 1792 1840 solum
1805 1800 1850 1841 eu-

88 1870 208 1944 paridus
224 1887 284 1926 esse
300 1874 450 1942 cogeretur
465 1886 497 1925 ac
511 1869 657 1936 sollicitus,
673 1883 710 1922 ne
725 1867 795 1940 qaid
809 1867 840 1922 in
854 1883 941 1938 crpo-
997 1889 1059 1928 ram
1074 1872 1194 1944 legentis
1204 1872 1363 1943 impendat,
1378 1872 1425 1926 sed
1442 1871 1527 1926 otiam
1539 1887 1691 1927 censuram
1705 1872 1849 1943 corrigen-

90 1960 191 2017 nendis
205 1959 358 2033 scripturis
371 1965 421 2015 aut
434 1974 486 2032 per
501 1958 643 2014 inscitiam
667 1960 716 2013 aut
735 1973 787 2029 per
801 1956 942 2012 incuriam
996 1946 1034 2017 tis
1053 1966 1179 2016 assumat
1192 1961 1290 2032 (Epist.
1307 1963 1351 2027 31,
1368 1977 1396 2016 ιι.
1414 1962 1452 2030 3).
1466 1960 1537 2015 Etin
1551 1965 1681 2015 extrema
1695 1959 1763 2015 libri
1777 1959 1849 2015 clau-

89 2048 277 2121 delinquerct.
294 2048 376 2113 Quod
396 2047 431 2102 ad
450 2047 621 2120 questiones
636 2045 746 2114 attinet,
762 2061 833 2118 quas
847 2045 902 2100 sibi
926 2062 941 2099 a
997 2050 1069 2117 sula,
1081 2054 1232 2120 postquam
1242 2063 1294 2120 pro
1304 2047 1362 2102 suis
1374 2047 1476 2103 erratis
1485 2062 1583 2119 preces
1593 2047 1629 2103 ab
1639 2047 1846 2120 eopostularit:

88 2137 273 2209 Simpliciano
290 2138 365 2193 vetut
379 2136 508 2208 piissimo
523 2140 604 2208 patre
618 2133 776 2208 propositas
795 2133 882 2189 luisse
898 2134 941 2189 di·
996 2139 1161 2193 Sententiam
1188 2151 1261 2206 cero,
1276 2135 1380 2208 inquit,
1405 2135 1438 2190 de
1458 2136 1505 2190 boc
1527 2151 1606 2207 opere
1627 2141 1704 2191 tuom
1725 2137 1848 2193 brevissi·

90 2225 137 2293 cit,
155 2242 214 2280 non
229 2230 259 2280 ut
282 2226 317 2280 ab
340 2225 402 2296 ipso
426 2224 576 2298 quidpiam
589 2223 719 2290 disceret,
735 2222 784 2278 sed
800 2227 831 2277 ut
845 2223 938 2295 explo-
996 2240 1078 2291 mom,
1092 2223 1139 2279 sed
1153 2225 1345 2292 pronissimum
1359 2223 1469 2292 nepita,
1479 2227 1504 2277 et
1518 2221 1583 2277 dum
1595 2224 1632 2279 sit
1648 2224 1848 2289 verissimam·

89 2318 167 2369 raret
182 2313 387 2385 proficientem,
411 2318 440 2368 et
462 2313 629 2368 emendaret
642 2314 802 2378 errantem;
823 2313 942 2365 testatur
996 2314 1165 2369 omissimnm
1179 2328 1232 2367 nori
1255 2325 1346 2367 recuso
1362 2310 1537 2382 (Dediccrsis
1552 2311 1652 2378 Quasi.
1669 2311 1709 2367 ed
1728 2312 1847 2383 simplic.

89 2419 119 2458 se
132 2417 189 2457 non
206 2406 402 2457 contumacem
426 2401 519 2468 modo,
535 2402 584 2456 scd
601 2400 748 2471 ingratum
762 2398 848 2453 etiam
862 2399 941 2452 tutu·
997 2403 1045 2458 lib.
1061 2405 1090 2471 1,
1106 2404 1201 2472 quast.
1228 2402 1262 2470 6).
1280 2401 1357 2455 Inter
1379 2399 1551 2473 questiones
1575 2399 1619 2454 illi
1633 2414 1650 2454 a
1664 2399 1846 2473 Simpliciano

90 2504 156 2546 rum
171 2489 267 2556 luisse,
281 2489 337 2544 nisi
351 2489 392 2544 cis
407 2488 600 2563 respondisset
614 2488 706 2559 (leid,
717 2489 940 2558 iaPraesoltoect.
997 2489 1156 2563 propositae
1172 2505 1228 2545 une
1242 2494 1303 2544 erat
1316 2488 1351 2543 de
1367 2489 1543 2561 pythonissa,
1559 2504 1624 2560 qum
1639 2486 1846 2544 samuelisani·

90 2580 183 2645 Quare
199 2593 263 2633 cum
277 2577 332 2633 illm
348 2577 519 2651 questiones
532 2577 638 2649 partim
654 2581 748 2630 essent
762 2575 797 2630 dc
818 2576 942 2647 Epistola
997 2596 1075 2635 mam
1090 2578 1174 2634 Sauli
1184 2578 1312 2633 exhibuit
1326 2577 1421 2647 (idid,
1437 2576 1532 2648 quast.
1549 2576 1586 2648 3).
1597 2577 1668 2632 Cum
1679 2581 1779 2648 postea
1788 2574 1847 2631 unt·

90 2667 126 2722 ad
138 2668 293 2738 Romanos,
302 2667 405 2739 partim
417 2667 452 2722 de
462 2666 542 2721 libris
557 2666 683 2737 Regum;
700 2664 771 2719 duos
782 2665 942 2735 composuit
997 2666 1081 2722 citius
1095 2667 1177 2722 illum
1193 2667 1291 2721 eadem
1307 2666 1341 2720 dc
1356 2683 1386 2721 re
1400 2666 1599 2735 consuluisset,
1615 2680 1650 2720 ea
1664 2665 1804 2738 quaejam
1815 2662 1844 2718 ad

90 2756 189 2822 libros,
206 2755 332 2828 priorem
352 2754 467 2828 quidem
484 2755 521 2838 de
534 2753 743 2827 quaestionibus
764 2753 794 2809 in
809 2753 940 2821 Paulum,
997 2756 1215 2826 Simplicianum
1231 2755 1391 2826 scripserat,
1407 2754 1588 2810 solummodo
1603 2753 1730 2826 repetiit.
1744 2750 1844 2826 adjecit

90 2860 155 2916 quae
170 2843 234 2899 dum
248 2843 366 2900 omnino
381 2849 476 2912 erant;
494 2844 681 2916 posteriorem
701 2858 767 2898 roro
784 2842 819 2898 dc
833 2842 942 2896 caeteris
997 2846 1094 2899 tamen
1111 2842 1147 2898 ad
1161 2844 1266 2897 calcem
1281 2843 1386 2915 operis,
1402 2842 1492 2898 rideri
1506 2842 1570 2910 sibi,
1583 2860 1618 2898 ex
1633 2843 1680 2898 his
1696 2859 1764 2916 quae
1777 2844 1843 2914 poet·

90 2932 308 3005 qriaestionibus,
332 2947 454 3006 quorum
469 2932 670 3005 propheticum
696 2947 812 2988 sensum
826 2929 941 3003 simpli·
998 2930 1117 2988 modum
1142 2932 1172 2986 in
1191 2931 1383 2986 Ecclesiastico
1401 2931 1595 3004 comperisset,
1613 2947 1673 2987 non
1689 2932 1841 2987 simulatam

90 3022 189 3076 cianus
213 3021 385 3093 requirebat.
407 3022 439 3076 Et
460 3021 508 3075 illa
532 3021 657 3092 quidem,
675 3036 741 3092 quoe
756 3020 791 3076 de
806 3020 941 3091 Apostolo
997 3020 1136 3076 Samuelis
1156 3020 1312 3093 imaginem
1335 3020 1461 3092 maligno
1486 3019 1663 3094 pythonissae
1693 3018 1841 3077 ministerio

90 3109 269 3165 dissolvenda
283 3109 484 3181 simplicianus
500 3110 687 3181 proponebat,
706 3109 768 3181 jam
787 3109 823 3163 ab
842 3110 942 3179 Augu·
998 3113 1209 3181 prmsentatam,
1224 3110 1273 3164 sed
1288 3109 1450 3164 Samuelem
1460 3109 1554 3181 ipsum
1571 3108 1697 3165 adfuisse
1710 3106 1839 3182 spectabi-

91 3198 166 3253 stino
191 3197 318 3252 discussa
337 3198 461 3267 lucrant,
482 3198 640 3270 litterisque
656 3198 792 3252 mandata
808 3214 815 3252 τ
830 3196 879 3252 sed
893 3195 942 3251 illc
998 3199 1054 3254 lem
1071 3198 1118 3270 (lic
1132 3202 1188 3254 octo
1203 3198 1315 3253 Dulcitii
1328 3198 1439 3267 Quasi„
1454 3204 1548 3267 quast.
1564 3200 1590 3260 6,
1605 3213 1635 3254 ιι.
1652 3199 1689 3266 5).

90 3289 169 3341 ratus
187 3285 403 3358 simplicianum
426 3302 458 3341 ea
475 3286 529 3341 sibi
542 3287 757 3359 propositurum
773 3301 830 3341 non
843 3285 941 3352 inisse,
1033 3289 1060 3342 ἱ).
1079 3286 1135 3341 Etsi
1149 3286 1325 3358 Augustinus
1339 3302 1438 3341 eorum
1453 3286 1603 3354 librorum,
1616 3302 1691 3359 quos
1701 3287 1840 3359 episcopus

90 3375 114 3430 si
129 3391 228 3431 sensus
243 3390 342 3431 eorum
354 3374 445 3431 facilis
460 3372 533 3430 ieret
548 3392 579 3430 ac
594 3373 742 3446 expeditus
758 3390 764 3429 :
781 3372 897 3445 nequid
912 3372 943 3427 in
998 3375 1163 3443 elaboravit,
1175 3376 1283 3448 primos
1295 3392 1355 3431 esse
1364 3376 1435 3431 duos
1444 3376 1478 3432 ad
1488 3375 1711 3447 Simplicianum
1722 3377 1838 3449 (mont.

90 3463 180 3536 priori
197 3462 374 3519 discussione
389 3461 570 3535 negligenter
582 3460 777 3534 preterisset,
789 3477 822 3516 ea
832 3459 943 3515 cautius
998 3463 1046 3519 lit.
1058 3467 1085 3532 2,
1099 3479 1160 3534 cop.
1179 3467 1203 3526 l,
1218 3480 1247 3519 ιι.
1265 3466 1300 3535 1),
1317 3480 1423 3536 eosque
1436 3464 1467 3519 in
1482 3464 1597 3520 exordio
1612 3463 1658 3519 sui
1672 3464 1840 3538 episcopatus

91 3552 185 3609 denuo
202 3552 394 3625 attentiusque
413 3551 532 3606 rimatus
552 3556 604 3606 est.
626 3552 666 3606 Ac
689 3567 719 3606 re
744 3549 860 3623 quidem
881 3549 942 3620 ipsa
998 3551 1117 3623 scriptos
1139 3569 1154 3606 a
1180 3567 1209 3607 se
1230 3556 1350 3608 testatur
1374 3553 1422 3622 (lle
1445 3553 1573 3609 Praedcst.
1598 3557 1685 3609 sonet.
1709 3569 1739 3612 ιι.
1759 3556 1790 3621 8;
1812 3554 1839 3608 de

90 3657 155 3697 aum
170 3643 290 3697 alteram
305 3641 495 3715 questionem
513 3641 548 3696 de
563 3640 607 3695 his
622 3639 751 3712 Apostoli
767 3637 943 3709 corbianum
998 3645 1072 3697 Docto
1092 3656 1238 3712 persever„
1259 3658 1287 3699 ιι.
1307 3645 1361 3711 55),
1378 3641 1449 3697 nihil
1468 3642 1496 3698 id
1509 3643 1602 3697 obstet
1617 3642 1775 3714 quominus
1786 3641 1838 3697 illes

90 3730 172 3785 bobes
186 3730 321 3799 quodnon
331 3732 460 3799 occepisti
475 3730 497 3801 (l
513 3731 572 3786 Cor.
588 3744 626 3798 rr,
642 3728 693 3798 ll?
708 3729 742 3784 ad
750 3728 890 3783 trutinam
901 3743 943 3781 re·
998 3729 1027 3784 in
1038 3746 1146 3784 annum
1161 3731 1394 3786 trecentesimum
1405 3730 1626 3801 nonagesimum
1641 3731 1838 3803 seplimomre·

89 3821 225 3884 vocasset,
243 3817 363 3872 mutarit
377 3817 546 3872 sententiam
560 3817 590 3870 in
605 3833 660 3888 qna
675 3817 755 3888 prius
768 3816 944 3885 luerat,arbl·
997 3817 1208 3888 jiciatJoannes
1222 3817 1330 3893 ltirius,
1341 3818 1418 3873 haud
1433 3818 1536 3874 dubius
1550 3834 1618 3873 sane
1632 3818 1837 3890 Simpliciauun

88 3909 181 3961 tratas
197 3905 284 3960 fidem
298 3920 359 3959 esse
375 3904 409 3959 ab
425 3904 541 3959 homine
555 3905 602 3976 (Dc
615 3904 744 3960 Praedest.
760 3909 858 3972 sonet,
875 3920 897 3959 c.
914 3905 942 3974 1,
995 3907 1057 3978 jam
1071 3909 1133 3961 tum
1148 3922 1208 3962 esse
1224 3907 1391 3978 episcopum
1407 3909 1520 3975 (Rivius,
1539 3922 1624 3976 pepp.
1643 3910 1706 3977 tes,
1721 3907 1783 3978 6311)
1799 3903 1837 3962 :iu

89 4008 118 4049 ιι.
128 3992 680 4066 8),enmquepostveritatispraeconium
690 3993 943 4049 senderedendum
999 4010 1056 4065 quo
1073 3994 1186 4050 ltaronii
1202 3993 1372 4049 sententiam
1387 3994 1498 4049 videtur
1512 3998 1626 4050 secutus
1640 3995 1794 4066 (baronius,
1810 3989 1837 4048 od

90 4087 139 4138 ant
154 4099 212 4139 non
230 4081 405 4138 credendum
431 4081 622 4138 determinare
641 4082 768 4154 propria
788 4082 943 4137 voluntatis
999 4099 1063 4139 ono.
1078 4086 1141 4154 sm,
1155 4083 1248 4152 ntis).
1259 4084 1327 4138 Ausi
1340 4100 1398 4139 non
1409 4100 1509 4140 sumus
1517 4084 1552 4140 ab
1560 4088 1685 4157 utroque
1693 4083 1835 4147 timenem

90 4171 208 4228 arbitrio
218 4171 310 4241 (leid,
321 4187 349 4227 n.
362 4171 399 4243 7).
412 4171 488 4225 lianc
496 4186 576 4225 suam
583 4169 830 4242 sententiamque
840 4168 942 4225 deinde
999 4188 1064 4226 cum
1079 4171 1109 4226 in
1124 4171 1200 4227 hisce
1217 4171 1297 4226 libris
1316 4173 1494 4244 Augustinus
1507 4172 1727 4245 Simplicianum
1740 4178 1837 4246 patrem

90 4260 385 4333 Semipelagianorom
408 4259 472 4326 tuit,
497 4258 527 4314 iu
547 4259 695 4314 nonnullis
709 4257 862 4331 opusculis,
877 4273 943 4331 quae
999 4276 1084 4315 suum
1105 4261 1230 4331 appellet
1255 4259 1354 4331 (Epist.
1375 4265 1420 4329 37,
1443 4263 1522 4317 tituto
1541 4266 1566 4316 et
1580 4278 1608 4318 n.
1634 4265 1665 4329 1,·
1680 4264 1719 4318 lie
1737 4260 1837 4318 moesis

91 4349 244 4421 scripserat
263 4348 357 4404 adhuc
379 4348 537 4420 presbyter,
558 4346 741 4402 indicaverat.
758 4348 863 4401 Verum
878 4361 944 4400 cum
1000 4349 1197 4416 Qctastionibus
1218 4348 1255 4404 od
1275 4348 1486 4418 simplicianum
1511 4349 1557 4405 lid.
1576 4353 1600 4417 l,
1617 4351 1647 4405 in
1663 4347 1836 4420 Praetutiani,

90 4452 142 4490 usu
163 4440 192 4493 ct
204 4436 406 4494 exercitatione
425 4435 569 4492 scribendi
589 4435 759 4508 legendique
780 4435 942 4508 proliceret,
998 4443 1197 4511 perpetuoque
1220 4440 1328 4493 asserat
1351 4437 1495 4508 scripsisse
1516 4455 1545 4493 se
1559 4437 1589 4494 id
1604 4439 1710 4510 operis,
1726 4434 1837 4495 nuncad

90 4525 194 4581 clarius
209 4525 239 4580 in
257 4525 310 4581 hoo
325 4542 421 4598 opere,
438 4539 525 4597 quam
542 4523 610 4578 alias
624 4539 764 4596 unquam,
778 4523 894 4578 initium
907 4522 942 4578 li·
999 4525 1216 4596 Simplicianum
1232 4525 1360 4580 Ecclesia
1375 4525 1592 4582 ldediolanensis
1603 4527 1839 4590 antistitem,nunc

90 4612 135 4669 dei
148 4613 267 4685 perinde
282 4630 315 4668 ac
339 4615 480 4669 bonorum
505 4629 626 4685 operum
647 4613 885 4685 consequentium
901 4627 943 4666 se·
999 4615 1033 4670 ad
1062 4614 1278 4686 Simplicianum
1305 4614 1470 4687 episcopum
1485 4614 1704 4670 llediolannesis
1721 4610 1837 4670 Ecclesia

89 4700 174 4772 riem,
189 4701 296 4757 donum
312 4702 361 4758 1)ιί
382 4719 443 4758 csse
463 4718 497 4757 ex
514 4700 610 4757 divina
622 4700 797 4756 revelatione
809 4699 943 4771 cognovit
1003 4704 1132 4774 (Retract.
1149 4703 1196 4759 lib.
1211 4706 1239 4769 1,
1254 4718 1314 4773 cop.
1333 4707 1358 4770 l,
1371 4706 1406 4758 lle
1416 4706 1640 4773 mteopcrsmer„
1654 4719 1678 4760 c.
1691 4705 1737 4771 il,
1751 4719 1779 4760 n.
1792 4698 1838 4769 tat.

69 4789 141 4860 ι(119
153 4793 225 4846 Dono
236 4792 545 4862 peseoerommmao,
559 4807 587 4845 ιι.
602 4791 660 4862 52).
673 4789 878 4861 sicpostquam
888 4804 941 4860 pro
998 4791 1088 4847 sancti
1102 4791 1244 4847 Ambrosii
1260 4807 1461 4847 successorem.
1482 4791 1530 4862 (lle
1549 4791 1679 4848 Praedest.
1703 4794 1801 4859 sanat,
1815 4803 1838 4842 a.

89 4879 180 4935 libem
188 4877 344 4935 laborasset
357 4880 486 4950 arbitrio,
499 4878 615 4935 tandem
627 4876 781 4950 aliquando
794 4876 842 4933 lici
851 4876 943 4948 gratia
998 4881 1027 4952 8)
1036 4884 1099 4948 ,aut
1108 4880 1178 4935 alias
1188 4879 1337 4947 dicat,rcm
1347 4897 1362 4934 a
1373 4896 1403 4935 so
1412 4879 1558 4951 quaesiisse
1567 4879 1787 4950 Simplicianum
1794 4877 1838 4933 be

90 4968 158 5025 vicit
170 4970 327 5040 (betrentot.
343 4969 392 5024 lib.
407 4971 434 5035 1,
445 4984 506 5040 cop.
525 4971 550 5037 1,
560 4985 587 5024 ιι.
603 4968 642 5040 1).
659 4967 691 5022 ln
703 4965 854 5039 posteriori
864 4966 942 5021 enlm
998 4969 1195 5025 diotanensem
1209 4969 1376 5041 episcopum
1393 4969 1438 5040 (De
1451 4969 1631 5024 octoltulcitii
1641 4967 1839 5035 Quercentis.

90 5061 171 5131 perte
183 5054 288 5128 prioris
302 5055 368 5111 libri
396 5056 495 5111 statuit
512 5056 591 5112 velot
605 5072 666 5111 rem
681 5055 799 5110 minime
814 5054 941 5119 dubiam,
999 5061 1093 5127 quast.
1111 5061 1172 5124 6,ιι.
1188 5057 1215 5130 t)
1233 5073 1240 5113 :
1256 5072 1406 5128 nunquam
1418 5062 1513 5111 autem
1522 5055 1744 5127 simplicianum
1754 5059 1843 5128 postea

90 5147 212 5218 gratiam
227 5144 278 5200 nei
291 5161 350 5200 non
364 5143 521 5200 secundum
531 5144 741 5200 meritanostra
751 5143 824 5199 dari.
840 5144 943 5199 Probat
998 5147 1104 5201 factum
1117 5145 1283 5217 episcopum
1298 5145 1409 5199 innuat.
1425 5144 1595 5216 Quanquam
1607 5147 1783 5201 nontamere
1796 5137 1843 5197 exi·

90 5234 177 5291 etiam
202 5232 319 5290 initium
341 5232 408 5288 lldei
424 5248 484 5288 esse
497 5232 607 5288 donum
624 5232 687 5289 bei.
708 5235 739 5288 Et
754 5248 787 5287 ea
800 5231 944 5304 principia
999 5234 1110 5289 elimari
1125 5234 1224 5306 possit,
1242 5233 1459 5305 simplicianum
1480 5232 1574 5288 adhuc
1588 5225 1843 5304 presbyterumet

89 5324 182 5395 ponit,
207 5340 242 5380 ex
260 5321 365 5396 quibus
386 5321 468 5377 facile
487 5320 524 5376 sit
537 5320 654 5389 inferre,
674 5321 784 5377 licelid
799 5320 943 5393 conceptis
998 5320 1170 5392 Augustino,
1186 5338 1238 5393 pro
1253 5320 1393 5392 singulari
1407 5321 1469 5392 eJ'ue
1484 5334 1552 5392 erga
1566 5324 1681 5375 tantum
1696 5319 1790 5375 rirum
1802 5315 1844 5371 ob·

89 5412 250 5469 verbisnon
261 5413 401 5482 dicatnos
410 5409 654 5484 perseverantiam
663 5410 788 5483 usquein
797 5409 886 5465 linem
895 5410 944 5466 ha·
999 5409 1148 5478 servantia,
1166 5415 1278 5481 patrem
1292 5409 1470 5481 nuncuperi;
1486 5407 1628 5480 siquidem
1640 5408 1702 5481 ipse
1716 5401 1844 5479 Augusti·

89 5496 224 5559 berenon
234 5501 385 5574 posse,nisi
394 5500 430 5558 ab
442 5497 596 5571 ecquinos
606 5499 640 5556 ad
651 5514 773 5571 regnum
785 5503 812 5555 et
821 5496 944 5571 gloriam
998 5514 1053 5554 nus
1068 5514 1135 5556 enm
1149 5499 1292 5556 Ambrosii
1307 5499 1337 5555 in
1347 5498 1512 5571 accipienda
1525 5497 1629 5554 Christi
1640 5498 1843 5572 gratiapatrem
