3884 6112
733 249 780 305 illi
799 247 941 308 Musici.
967 247 994 304 S.
1016 246 1206 306 adcusanti
1786 249 1849 303 ibit

97 218 173 314 toea

95 378 173 435 mitia
187 380 231 433 ast
246 375 382 433 articulus
395 391 413 430 a
427 389 484 447 quo
493 373 634 429 redeatur.
648 370 722 438 Quid
740 372 801 444 jam
814 388 887 445 opus
900 376 944 428 est
998 371 1034 428 da
1049 370 1181 428 dnobus?
1209 372 1285 427 Num
1308 384 1461 442 possumus
1478 369 1510 426 in
1531 370 1574 426 eis
1596 370 1762 445 intelligere
1774 372 1851 444 prin·

94 468 172 526 ultra
185 464 512 540 quaerereillideacarte
526 477 599 536 quos
613 460 944 534 amiculosdicam,quo·
997 460 1105 532 cipium
1121 459 1373 527 etmedium‚cum
1388 458 1518 515 medium
1527 475 1590 516 essa
1602 475 1665 516 nou
1682 460 1784 532 possit,
1799 462 1852 518 nisi

95 573 161 613 rum
176 555 272 628 prima
284 551 511 626 reguladenerio
521 565 641 606 numero
656 549 859 621 praescribitur.
873 551 944 606 Nam
998 548 1048 605 ubi
1063 548 1129 605 finis
1143 553 1203 614 est,·
1218 552 1268 604 aut
1277 547 1453 620 principium
1468 552 1497 602 at
1508 547 1609 616 tinem,
1623 565 1692 604 cum
1708 549 1744 605 ad
1766 549 1851 606 linem

94 651 127 702 ut
139 645 248 713 decem,
272 643 364 699 decies
382 642 490 697 babent
513 655 621 707 unum;
645 639 685 694 ite
703 643 828 704 centum,
852 639 944 695 decies
997 636 1052 693 nisi
1065 653 1117 708 per
1130 637 1256 693 medium
1271 652 1331 692 non
1346 639 1432 709 queat
1444 636 1614 708 perveniri?
1624 639 1666 693 D.
1680 638 1769 710 Urget
1780 639 1851 695 ratio

91 732 203 794 habant
217 732 331 786 eosdem
351 730 468 796 decem;
492 732 521 783 at
542 726 632 795 mille,
647 727 741 783 decies
754 727 862 783 hebent
874 743 944 783 cen-

94 825 179 888 tum;
195 823 224 874 at
236 819 276 874 ita
289 817 422 888 deinceps
442 831 592 888 quousque
606 813 721 870 libitum
735 820 777 870 est
797 813 944 887 progredi,

94 908 149 964 ibit
161 905 173 944 ¹
183 907 214 962 in
227 905 426 978 hujuscemodi
439 903 520 977 quasi
534 903 673 973 articulis,
688 903 767 975 quod
780 904 810 958 in
826 903 944 959 denario

94 1012 216 1055 numero
226 995 402 1069 praefinitum
421 999 473 1048 est.
488 995 530 1049 An
546 991 656 1064 aliquid
669 991 775 1047 horum
790 1007 849 1046 non
863 991 945 1047 intel·

63 1139 67 1148 ,
92 1084 182 1158 ligis‘i
196 1088 228 1141 D.
245 1082 473 1140 llaniiestissima
486 1086 553 1137 sunt
567 1080 674 1148 omniu,
690 1083 719 1136 at
731 1079 889 1136 verissima.

94 1174 207 1230 CAPUT
234 1173 291 1228 llll.
306 1203 340 1214 —
355 1172 410 1230 Cur
437 1171 472 1225 ub
500 1185 553 1226 uuo
574 1169 712 1225 addacem
723 1183 895 1240 propretaus,
918 1172 944 1226 et

199 1261 311 1317 indeed
323 1275 407 1316 uuum
428 1259 533 1315 reditas
548 1260 577 1313 ia
596 1256 764 1314 numerando
776 1260 836 1328 piot.

120 1353 173 1408 ¹20.
189 1353 230 1408 Μ.
250 1352 308 1406 Hoc
319 1365 388 1420 ergo
402 1351 542 1420 quantum
555 1347 710 1419 diligenter
719 1361 943 1419 possumueper·

93 1442 263 1505 scrutemur,
280 1454 413 1511 quaenam
428 1437 465 1492 sit
477 1435 550 1491 ratio
565 1438 597 1490 ut
614 1433 651 1490 ab
664 1450 722 1490 uno
736 1450 826 1506 usque
842 1433 877 1489 ad
891 1434 942 1490 de·

93 1544 155 1584 cem
169 1543 346 1601 progressus,
362 1530 392 1581 et
405 1524 472 1581 inde
487 1540 586 1580 rursus
601 1523 636 1578 ed
652 1539 743 1579 unum
759 1523 870 1578 reditus
881 1521 941 1577 ilat.

95 1615 175 1672 Unde
188 1616 238 1672 abs
252 1619 279 1670 te
292 1630 400 1687 quaero,
415 1617 512 1668 utrum
526 1611 601 1684 qnod
611 1627 746 1667 vocamus
757 1610 943 1683 principium,

93 1703 185 1777 possit
197 1702 316 1759 omnino
327 1702 383 1757 nisi
397 1700 517 1772 alicujus
532 1717 592 1757 esse
602 1699 790 1772 principium.
811 1703 842 1755 D.
859 1700 943 1756 Nolle

93 1792 178 1849 modo
192 1794 294 1863 potest.
315 1793 352 1847 Μ.
364 1791 435 1846 item
450 1789 527 1862 quod
549 1789 670 1845 dicimus
683 1788 782 1856 linem,
809 1791 943 1860 potestne

94 1880 151 1936 nisi
162 1880 284 1952 aiiouJus
308 1878 351 1935 rai
364 1878 431 1934 tinia
444 1877 529 1934 esset
543 1881 575 1934 D.
602 1878 694 1933 Etiam
713 1877 742 1933 id
757 1893 817 1933 non
837 1881 942 1948 potest.

92 1971 131 2026 Μ.
147 1968 242 2035 Quina
261 1985 278 2024 a
296 1966 437 2040 principio
453 1968 488 2024 ad
510 1967 599 2023 finem
613 1983 684 2022 num
698 1970 784 2038 putas
797 1965 943 2038 perveniri

90 2057 246 2131 possa,nisi
255 2074 308 2130 per
318 2056 435 2128 aliquod
448 2054 576 2111 medium
585 2057 600 2110 ‘l
609 2057 641 2111 D.
655 2057 718 2111 Non
727 2057 809 2126 puto.
821 2056 859 2111 Μ.
868 2056 941 2126 Ergo

91 2150 125 2202 ut
135 2150 226 2202 totum
241 2145 350 2218 aliquid
360 2145 408 2212 sit,
422 2143 564 2216 principio
576 2141 706 2199 etmedio
719 2143 813 2199 atline
822 2147 940 2199 constat.

92 2236 130 2291 D.
144 2235 188 2291 lte
201 2234 324 2290 videtur.
341 2235 378 2290 Μ.
394 2233 443 2288 llio
457 2231 554 2304 itaque
567 2248 653 2301 nunc,
677 2231 864 2304 principium,
877 2248 942 2288 me-

92 2322 174 2379 dium
189 2327 218 2378 et
231 2322 306 2390 linis,
320 2337 378 2394 quo
392 2337 513 2376 numero
528 2320 580 2376 tibi
607 2320 748 2392 contineri
774 2320 937 2377 videantur.

91 2413 131 2469 D.
146 2412 278 2468 Arbitror
292 2411 450 2467 ternarium
465 2425 618 2465 numerum
632 2414 660 2464 te
675 2410 745 2465 aelle
765 2414 799 2466 ut
821 2425 941 2481 respon-

93 2502 196 2560 deam:
212 2499 269 2555 tria
291 2497 369 2555 enim
393 2497 527 2570 quedam
548 2501 624 2561 sunt,
641 2497 796 2570 dequibus
823 2499 938 2571 qnaeris.

92 2593 130 2648 Μ.
145 2589 230 2647 Recta
241 2587 398 2643 arbitraris.
415 2587 507 2652 Quare
525 2585 555 2642 in
568 2585 693 2642 ternario
704 2603 825 2643 numero
838 2604 939 2659 quam-

91 2680 159 2736 dam
173 2694 233 2734 esse
248 2676 453 2749 perfectionem
467 2674 557 2742 videa,
576 2674 645 2746 quia
664 2680 742 2730 totns
764 2679 829 2730 est:
854 2675 942 2731 babet

88 2767 169 2837 ‚enim
188 2762 373 2838 principium,
390 2764 518 2820 medium
532 2767 562 2820 at
574 2762 671 2819 tinem.
686 2765 723 2820 D.
737 2763 825 2819 Video
844 2764 938 2836 plana.

95 2858 132 2914 Μ.
146 2855 243 2921 Qnid‘l
258 2855 327 2910 illud
342 2869 438 2910 nonne
456 2854 491 2909 ab
505 2853 623 2909 ineunte
638 2852 763 2924 pueritie
776 2853 938 2921 didicimus,

92 2960 209 3001 omnam
225 2959 378 3000 numerum
403 2947 452 2998 aut
474 2958 574 3014 parem
601 2958 672 3010 ease,
701 2945 751 2997 eut
776 2943 940 3015 imparem?

91 3036 129 3092 D.
145 3036 251 3091 Verum
266 3034 345 3089 dieis.
361 3034 398 3089 Μ.
429 3032 584 3088 Recordare
608 3046 677 3103 ergo
691 3031 736 3088 dic
756 3031 838 3102 mihi,
853 3048 939 3103 quem

91 3122 233 3179 soleamus
256 3120 350 3176 dicere
364 3136 474 3191 parem,
488 3135 576 3191 wem
602 3119 744 3190 imperem
769 3136 937 3176 numerum.

92 3213 130 3268 D.
151 3210 201 3266 Ille
215 3209 264 3282 qui
278 3212 372 3281 potest
385 3208 416 3263 in
430 3209 500 3262 duas
514 3212 610 3279 partos
620 3208 745 3280 aequales
755 3207 855 3279 dividi,
866 3225 937 3281 par;

92 3299 144 3374 qui
158 3303 254 3356 autem
268 3313 327 3353 non
337 3300 441 3369 potest,
455 3295 550 3368 imper
563 3300 689 3351 uocatur.

126 3391 171 3444 it.
187 3389 225 3445 Μ.
241 3389 312 3443 item
327 3390 416 3442 tenes.
430 3385 502 3442 Cum
516 3383 605 3456 igitur
618 3384 760 3440 ternarius
778 3384 889 3456 primas
904 3385 940 3441 sit

91 3480 168 3536 totus
181 3476 277 3547 impar
288 3495 296 3544 ;
306 3476 335 3531 et
347 3471 490 3546 principio
505 3472 593 3540 enim,
605 3476 634 3528 et
643 3472 748 3540 medio,
764 3475 791 3528 et
804 3472 862 3529 fine
875 3489 939 3529 con·

91 3568 156 3637 stat,
172 3569 205 3621 nt
217 3564 326 3620 dictum
336 3566 400 3630 est;
417 3577 513 3617 nonne
527 3565 639 3632 oportet
653 3560 739 3616 etiam
763 3578 862 3633 parem
878 3579 939 3618 esse

74 3658 183 3711 ,totum
199 3659 286 3725 atque
312 3651 480 3723 perfectum,
496 3653 529 3705 ut
542 3649 573 3706 in
596 3666 631 3706 eo
650 3649 735 3706 etiam
752 3650 937 3722 principium,

90 3743 231 3810 madium,
244 3741 366 3811 finisque
378 3737 562 3794 invenietur?
576 3739 614 3794 D.
630 3739 748 3810 Oportet
759 3755 837 3796 sana.
849 3742 886 3795 Μ.
903 3738 938 3794 lit

90 3831 144 3887 iste
158 3828 287 3902 quisquis
300 3832 351 3894 est,
368 3842 423 3882 non
440 3829 534 3898 potest
549 3825 656 3881 habere
678 3826 858 3882 individuum
873 3844 939 3884 me-

91 3919 172 3975 dium
187 3918 260 3972 sicut
270 3915 382 3986 impar:
397 3913 503 3969 sienim
513 3913 641 3984 heberet,
651 3929 711 3968 non
725 3920 819 3987 posset
831 3915 938 3971 induas

92 4006 218 4080 equales
230 4009 326 4078 partes
341 4001 439 4069 dividi,
454 4001 532 4074 quod
546 4016 606 4056 esse
618 4001 768 4074 proprium
791 4003 868 4074 peris
882 4020 937 4060 nn-

90 4095 165 4153 meri
180 4093 313 4152 diximus.
330 4091 511 4148 individuum
526 4094 622 4145 autem
634 4090 762 4145 medium
782 4095 824 4146 est
836 4107 937 4160 unum,

997 724 1128 781 confiteri
1138 742 1145 794 ;
1157 728 1186 781 et
1198 725 1268 795 quid
1278 725 1313 781 de
1321 725 1376 781 hoc
1385 740 1507 781 numero
1516 725 1724 798 respondeam,
1734 741 1852 791 promus

995 814 1121 869 incertus
1132 830 1206 868 sum.
1219 815 1256 870 Μ.
1268 813 1337 870 Vide
1347 811 1403 870 na¹
1413 813 1466 869 iate
1480 830 1599 887 quoque
1613 818 1852 888 numeruspcssit

996 902 1171 974 principium
1200 919 1261 959 essa
1289 919 1488 959 numerorum.
1514 903 1590 959 Num
1616 903 1641 959 si
1659 902 1760 960 medio
1778 909 1853 961 caret

997 995 1026 1046 et
1037 991 1103 1060 tine,
1117 992 1205 1063 quod,
1218 995 1251 1047 ut
1263 991 1368 1060 dixisti,
1383 992 1462 1064 cogit
1474 992 1689 1048 ratioconiitcri
1702 1010 1710 1060 ;
1726 993 1800 1065 quid
1813 1010 1853 1050 ra·

996 1084 1062 1147 stet,
1078 1079 1134 1135 nisi
1158 1083 1190 1135 ut
1204 1079 1306 1135 sithoc
1318 1096 1434 1153 qnoque
1461 1079 1661 1153 principium?
1680 1083 1727 1136 An
1742 1082 1852 1138 dubitas

997 1168 1055 1224 duo
1078 1168 1222 1241 principia
1243 1169 1439 1226 constitueret
1461 1172 1499 1228 D.
1524 1169 1722 1227 Vehementer
1744 1171 1851 1228 dubito.

997 1258 1028 1313 Μ
1031 1300 1038 1315 .
1059 1258 1134 1313 lianc
1149 1257 1267 1326 laceres,
1282 1258 1306 1314 si
1327 1275 1359 1315 ex
1383 1258 1500 1315 adverso
1525 1258 1581 1315 sibi
1602 1260 1854 1316 constituerentur

997 1345 1055 1402 dno
1067 1346 1227 1419 principia:
1254 1363 1331 1403 nune
1344 1352 1442 1403 antem
1456 1347 1510 1403 buc
1523 1347 1651 1403 atterum
1677 1348 1853 1420 principium

997 1435 1091 1491 deillo
1101 1435 1196 1507 primo
1212 1440 1265 1505 est,
1280 1436 1395 1492 utillud
1412 1436 1519 1491 anullo
1533 1435 1580 1503 sit,
1590 1435 1729 1491 hocsem
1739 1436 1777 1493 ab
1787 1437 1852 1493 illo:

997 1540 1088 1580 unum
1104 1524 1224 1580 enimet
1243 1541 1336 1581 unum
1350 1525 1405 1580 dno
1421 1528 1499 1593 sunt,
1512 1528 1541 1579 et
1563 1523 1713 1596 principia
1734 1524 1777 1581 ita
1792 1532 1854 1583 snut

997 1613 1093 1681 ambo,
1105 1616 1137 1668 ut
1152 1611 1252 1668 omnes
1265 1613 1379 1669 numeri
1386 1612 1505 1685 quidem
1517 1612 1554 1668 ab
1565 1611 1705 1668 uno-siut
1716 1629 1724 1682 ;
1735 1614 1854 1687 sedquia

996 1717 1049 1773 per
1075 1701 1325 1774 complicationem
1344 1704 1430 1775 atque
1451 1701 1674 1774 adjunctionem
1697 1704 1853 1774 quamdam

997 1789 1081 1860 flunt,
1093 1790 1276 1862 origoautem
1282 1790 1507 1862 complicationis
1521 1794 1551 1846 at
1562 1790 1771 1861 adjunctionis
1780 1790 1852 1847 duali

998 1895 1118 1934 numero
1130 1881 1347 1936 rectetribuitnr
1355 1897 1362 1936 :
1370 1880 1403 1936 iit
1412 1885 1445 1936 ut
1456 1878 1666 1952 illndprimum
1675 1879 1851 1953 principium

997 1983 1083 2040 aquo
1096 1969 1210 2024 numeri
1225 1985 1326 2026 omnes
1340 1989 1348 2039 ;
1363 1969 1416 2025 boc
1430 1973 1526 2024 antem
1550 1969 1679 2024 atterum
1702 1985 1759 2041 per
1780 1970 1851 2042 quod

996 2057 1110 2113 numeri
1121 2074 1231 2126 omnes,
1248 2073 1308 2114 essa
1321 2057 1515 2114 invenientur.
1530 2056 1592 2113 uisi
1605 2057 1681 2130 quid
1694 2058 1788 2114 babes
1805 2059 1849 2114 ad·

995 2161 1110 2202 versum
1123 2146 1178 2202 ista
1191 2147 1270 2219 quod
1284 2146 1415 2203 dusares.
1433 2148 1472 2204 D.
1489 2147 1548 2217 Ego
1560 2162 1632 2202 vero
1648 2146 1738 2215 nibil,
1754 2151 1783 2202 at
1796 2148 1849 2203 sine

996 2234 1185 2291 admiratione
1198 2234 1252 2291 ista
1263 2252 1321 2290 non
1333 2235 1440 2308 cogit03
1453 2233 1585 2308 quamvis
1597 2250 1645 2304 ea,
1657 2234 1848 2308 interrogatus

996 2321 1046 2378 abs
1060 2326 1099 2391 te,
1113 2322 1175 2396 ipae
1190 2323 1377 2395 repondeem.

1031 2412 1075 2467 Μ.
1093 2413 1132 2468 Μ.
1145 2411 1285 2468 Subtilina
1300 2411 1355 2468 ista
1368 2415 1634 2484 quaerunturstqna
1648 2412 1847 2468 abstrusiusin

996 2514 1031 2554 ea
1042 2498 1193 2571 disciplina
1206 2517 1271 2572 quaa
1283 2505 1327 2556 est
1342 2501 1378 2557 de
1392 2501 1539 2557 numeria:
1555 2499 1605 2557 bic
1627 2505 1732 2558 antem
1751 2518 1803 2557 nos
1816 2501 1848 2557 ad

994 2587 1159 2644 institutum
1173 2604 1247 2660 opus
1261 2593 1369 2661 quanto
1388 2589 1472 2645 citius
1493 2606 1662 2661 possumus,
1688 2591 1844 2647 redeamus.

994 2676 1130 2741 Quocirca
1145 2693 1255 2749 quero,
1263 2678 1314 2734 uni
1323 2679 1381 2735 duo
1388 2678 1488 2749 juncta
1497 2678 1566 2750 qnid
1577 2678 1718 2736 famant?
1729 2680 1768 2735 D.
1777 2679 1846 2735 Tria.

993 2765 1032 2821 Μ.
1048 2766 1120 2837 Ergo
1136 2765 1198 2821 haec
1220 2766 1277 2822 duo
1300 2766 1442 2839 principia
1468 2783 1662 2823 numerorum
1678 2767 1796 2824 sibimet
1808 2783 1847 2822 ec

993 2853 1101 2924 putata,
1128 2856 1220 2910 totum
1249 2871 1403 2911 numerum
1430 2855 1538 2912 iaciunt
1562 2860 1653 2928 atqua
1678 2856 1844 2928 perlectum.

994 2943 1032 2998 D.
1049 2942 1090 2997 lta
1103 2947 1155 2998 est.
1167 2945 1205 3001 Μ.
1222 2942 1295 3008 Quid
1306 2942 1320 2999 t
1331 2943 1362 2999 in
1374 2944 1555 3000 numerando
1564 2948 1631 3016 post
1644 2961 1744 3001 unum
1756 2949 1785 3002 at
1794 2945 1845 3001 dno

995 3046 1082 3102 quem
1094 3046 1248 3087 numerum
1268 3031 1427 3103 ponimus?
1442 3033 1479 3088 D.
1499 3033 1606 3088 Eadem
1622 3033 1693 3091 tria.
1720 3036 1756 3091 Μ.
1771 3034 1844 3091 Idem

994 3118 1084 3190 igitur
1095 3122 1246 3187 'numerus
1263 3120 1313 3192 qni
1326 3121 1360 3176 tit
1372 3137 1407 3176 ex
1420 3137 1479 3177 nno
1493 3125 1523 3178 et
1532 3121 1660 3190 duobus,
1674 3126 1742 3195 post
1754 3139 1846 3179 urum-

993 3223 1050 3280 que
1066 3209 1097 3263 in
1111 3208 1211 3264 ordino
1225 3210 1387 3278 collocatur,
1402 3210 1442 3266 ita
1453 3214 1486 3266 ut
1499 3211 1598 3268 nuilus
1611 3211 1691 3267 elius
1706 3209 1846 3283 interponi

994 3302 1089 3370 queat.
1106 3299 1144 3354 D.
1160 3300 1202 3353 lla
1217 3297 1308 3354 video.
1324 3300 1362 3356 Μ.
1379 3299 1466 3371 arqui
1480 3303 1509 3354 et
1522 3299 1595 3355 iilud
1609 3299 1712 3355 rideas
1725 3304 1843 3373 oportet,

992 3385 1119 3442 innuitis
1132 3386 1387 3458 reliquisnumeris
1400 3387 1429 3443 id
1441 3404 1523 3460 posse
1537 3388 1724 3461 contingere,
1740 3394 1773 3444 ut
1786 3404 1846 3444 cum

993 3472 1065 3530 duos
1079 3474 1223 3546 quoslibet
1236 3475 1350 3532 sibimet
1357 3475 1389 3531 in
1401 3476 1574 3532 numerandi
1587 3477 1697 3533 ordine
1705 3478 1844 3551 copulatos

993 3563 1146 3632 notaveris,
1162 3569 1356 3636 consequetur
1370 3580 1419 3620 eos
1432 3563 1481 3619 ille
1498 3564 1547 3636 qui
1568 3579 1603 3620 ex
1616 3565 1766 3622 ambobus
1786 3581 1844 3621 oon

992 3650 1087 3706 ficitur
1099 3653 1179 3707 nulio
1199 3651 1378 3724 interposito.
1394 3654 1435 3709 D.
1463 3651 1494 3707 ld
1509 3666 1624 3724 qnoque
1651 3654 1756 3711 rideo:
1783 3669 1844 3710 nam

992 3739 1049 3795 duo
1065 3742 1093 3795 et
1106 3739 1170 3809 tria,
1186 3739 1237 3812 qui
1252 3740 1306 3796 sibi
1320 3739 1434 3796 numeri
1449 3741 1574 3812 copulati
1588 3745 1671 3810 sunt,
1688 3743 1720 3798 in
1739 3758 1844 3798 summa

992 3827 1120 3900 quinqua
1135 3828 1240 3884 faciut:
1257 3845 1316 3885 non
1330 3834 1425 3885 eutem
1440 3829 1571 3902 quinque
1594 3831 1792 3889 continuatim
1809 3848 1844 3887 se

992 3920 1131 3990 quuntnr,
1142 3917 1190 3973 sed
1201 3921 1332 3990 quatuor.
1350 3919 1458 3977 Rursus
1477 3919 1533 3974 tria
1545 3923 1574 3975 et
1588 3925 1721 3992 quatuor
1741 3926 1844 3993 septem

993 4006 1166 4062 conficiunt:
1181 4006 1257 4062 inter
1272 4011 1398 4079 quatuor
1419 4011 1516 4064 autem
1530 4024 1564 4064 ac
1578 4013 1706 4082 septem,
1722 4010 1844 4083 quinque

992 4099 1079 4167 atquc
1093 4112 1140 4151 sex
1154 4094 1279 4152 ordinati
1292 4100 1367 4152 sunt.
1389 4097 1422 4153 nt
1435 4101 1542 4168 quanto
1557 4097 1701 4169 progredi
1719 4099 1842 4163 voluere,

90 4185 239 4243 diuiduum
254 4183 320 4240 duo.
337 4179 460 4236 Medium
474 4183 571 4235 eutem
586 4178 670 4234 estin
685 4179 823 4248 numeris,
842 4196 860 4235 a
881 4197 938 4253 quo
991 4187 1071 4240 tento
1081 4184 1179 4256 plures
1196 4184 1429 4256 interponuntur.
1446 4186 1483 4239 Μ.
1502 4185 1604 4255 lingna
1619 4185 1686 4241 haec
1698 4201 1772 4258 ergo
1783 4201 1843 4240 con-

89 4274 175 4331 embo
189 4272 280 4330 latere
290 4269 404 4327 sibimet
415 4272 481 4324 sunt
494 4267 625 4339 aequalia.
637 4268 681 4323 An
696 4267 804 4341 aliquid
819 4269 937 4327 obscure
991 4271 1088 4327 cordia
1102 4276 1146 4327 est
1159 4271 1190 4327 in
1201 4271 1346 4344 prioribus
1360 4271 1453 4327 tribus
1462 4271 1589 4327 numeris
1601 4287 1609 4327 :
1622 4288 1719 4328 unum
1729 4273 1807 4329 enim
1819 4276 1844 4327 et

90 4362 199 4420 dietum
214 4365 267 4432 est,
278 4359 431 4431 minusque
439 4356 622 4429 assequeris?
634 4357 671 4412 D.
684 4357 745 4413 lmo
759 4357 831 4414 mihi
842 4360 938 4415 ethaec
991 4358 1048 4416 duo
1063 4363 1093 4416 et
1106 4358 1161 4416 tria
1181 4359 1313 4429 dicimus,
1329 4359 1433 4432 quibus
1460 4358 1532 4414 nibil
1560 4358 1713 4433 interponi
1735 4364 1841 4434 potest:

91 4452 243 4510 manilesta
253 4452 329 4513 suut,
342 4447 448 4504 etdum
460 4461 558 4518 quero
564 4448 820 4502 totum-numerum
826 4463 936 4519 parem,
991 4464 1082 4506 unum
1094 4453 1189 4505 autem
1200 4453 1228 4505 et
1242 4449 1308 4517 duo,
1323 4448 1526 4521 ipsasunttria.
1541 4450 1580 4505 D.
1597 4450 1705 4523 Magna
1715 4467 1839 4524 prorsus

90 4535 542 4615 quaternariusprirnusoccurrit.
552 4534 623 4590 Nam
633 4533 780 4590 induobus
794 4537 938 4608 quomodo
991 4540 1029 4596 Μ.
1045 4536 1223 4603 Quidlillnd
1236 4536 1354 4593 nullane
1364 4536 1591 4593 consideratione
1607 4537 1736 4610 dignum
1753 4543 1840 4611 putas,

90 4633 214 4703 pessunt
228 4627 284 4683 trie
296 4623 483 4688 ittainveniri‚
498 4638 551 4696 per
564 4638 628 4695 quaa
644 4626 722 4677 totus
736 4626 778 4678 est
789 4639 937 4693 uumerus,
992 4627 1069 4699 quod
1079 4626 1135 4682 iste
1148 4624 1300 4682 eoncordia
1313 4629 1422 4698 quante
1438 4628 1481 4681 ast
1494 4625 1598 4681 arctior
1613 4631 1705 4699 atqua
1727 4626 1841 4698 conjun-

89 4717 120 4774 id
145 4719 188 4772 est
210 4713 398 4786 principium,
423 4712 551 4768 medium
569 4716 598 4767 et
624 4709 713 4767 tinis‘t
738 4714 779 4769 Μ.
810 4713 936 4784 ldipsum
991 4715 1074 4786 otior,
1095 4718 1176 4770 unio
1194 4713 1285 4786 magis
1310 4713 1342 4770 in
1362 4715 1502 4770 unitatem
1520 4714 1683 4786 qnamdam
1701 4716 1807 4784 tendit,
1820 4719 1843 4770 et

90 4804 210 4864 omnine
231 4803 281 4859 ebs
295 4807 322 4858 te
336 4817 505 4874 responsum
517 4800 647 4872 estquod
661 4800 804 4869 solebam,
819 4807 848 4857 et
861 4803 938 4875 quod
992 4820 1083 4861 unum
1098 4803 1235 4876 quiddam
1251 4802 1287 4858 de
1301 4803 1432 4875 pluribus
1442 4801 1549 4859 efficit?
1563 4807 1599 4860 D.
1626 4804 1690 4860 imo
1715 4805 1841 4864 maxima

89 4895 154 4968 ipsa
167 4892 240 4949 ratio
254 4889 662 4963 eogitiateri.ltepeteitaqua
678 4889 791 4961 abipso
806 4906 865 4945 uno
880 4894 936 4946 tre·
992 4891 1130 4948 atnescio
1145 4891 1302 4963 quomodo,
1331 4896 1359 4947 et
1383 4890 1484 4958 miror,
1508 4895 1537 4946 et
1559 4907 1629 4947 emo
1658 4892 1749 4949 iatam
1763 4905 1841 4965 qnam

88 4983 256 5050 mationem,
281 4983 368 5052 atque
391 4976 557 5044 considere;
587 4976 696 5033 videbis
716 4977 845 5048 proiecto
873 4976 937 5033 ideo
991 4979 1175 5036 commendas
1194 4979 1345 5035 unitatem.
1365 4981 1401 5036 Μ.
1421 4979 1541 5035 liultum
1560 4980 1678 5052 probo;
1704 4981 1758 5038 sed
1775 4983 1841 5037 certe

89 5088 179 5129 unum
195 5086 253 5127 non
263 5067 373 5124 -hebsra
387 5063 850 5137 mediomatdnem‚quiatantnm
860 5065 935 5137 prin·
991 5069 1232 5141 quelibetrerum
1247 5067 1389 5140 copulatio
1401 5072 1486 5141 atquc
1498 5069 1644 5124 connexio
1669 5073 1742 5126 tunc
1761 5067 1842 5126 maxi·

88 5161 197 5235 cipium
215 5160 276 5227 ast;
292 5156 336 5212 vel
350 5154 415 5210 ideo
428 5169 488 5209 esse
500 5153 686 5225 principium,
700 5152 769 5225 quia
790 5152 885 5208 madio
909 5158 938 5211 ot
990 5170 1141 5212 mennam
1158 5154 1293 5227 quiddam
1306 5154 1401 5222 allicit,
1422 5171 1487 5210 cum
1502 5158 1531 5210 et
1543 5156 1644 5213 medie
1657 5157 1805 5226 extremis,
1815 5159 1839 5212 el

86 5250 145 5309 ilua
157 5251 244 5306 caret.
260 5247 298 5302 D.
311 5242 490 5300 Manifestum
504 5244 555 5297 eat.
571 5246 607 5300 Μ.
621 5240 695 5307 Quid
716 5257 785 5314 argo
810 5240 937 5298 dicemus
989 5243 1093 5301 mediis
1102 5248 1230 5300 extrema
1242 5244 1433 5299 consentiunt.
1444 5244 1481 5299 D.
1496 5245 1626 5300 ltacerte
1636 5250 1764 5318 oportet.

517 5392 522 5404 ,
1025 5335 1071 5390 23.
1087 5335 1126 5389 Μ.
1141 5330 1264 5389 Attouda
1279 5331 1368 5404 igitur
1381 5335 1413 5386 ut
1424 5332 1480 5388 boc
1501 5331 1533 5387 in
1547 5331 1603 5388 ista
1618 5333 1842 5393 connexionesi

120 5394 429 5464 ¹Lor.‚proorediuatur
437 5395 466 5442 lu
475 5391 653 5455 hujusumodi
658 5391 864 5456 questorttcutta.
877 5391 934 5443 lm.

87 5461 318 5525 etltr.,Prooredt.
331 5458 429 5510 olutuu
439 5453 803 5519 hujuscemodietceatllss.
814 5454 936 5506 meliores

85 5526 194 5583 habent,
208 5521 337 5589 propredt
349 5520 407 5574 titt,
422 5522 472 5568 etc.
1025 5521 1031 5553 ¹
1043 5517 1105 5569 Vide
1117 5530 1155 5569 uu
1164 5519 1223 5578 iste,
1234 5517 1312 5582 juxta
1326 5518 1386 5568 tiss.
1399 5518 1429 5567 Α.
1494 5519 1528 5567 tt.
