<?xml version="1.0" encoding="UTF-8"?>
<!DOCTYPE html PUBLIC "-//W3C//DTD XHTML 1.0 Transitional//EN"
    "http://www.w3.org/TR/xhtml1/DTD/xhtml1-transitional.dtd">
<html xmlns="http://www.w3.org/1999/xhtml" xml:lang="en" lang="en">
 <head>
  <title>
</title>
<meta http-equiv="Content-Type" content="text/html;charset=utf-8" />
  <meta name='ocr-system' content='tesseract 3.04.00' />
  <meta name='ocr-capabilities' content='ocr_page ocr_carea ocr_par ocr_line ocrx_word'/>
</head>
<body>
  <div class='ocr_page' id='page_1' title='image "./patrologiaecurs02migngoog_0743.png"; bbox 0 0 3884 6112; ppageno 0'>
   <div class='ocr_carea' id='block_1_1' title="bbox 77 227 144 282">
    <p class='ocr_par' dir='ltr' id='par_1_1' title="bbox 77 227 144 282">
     <span class='ocr_line' id='line_1_1' title="bbox 77 227 144 282; baseline 0 -2"><span class='ocrx_word' id='word_1_1' title='bbox 77 227 144 282; x_wconf 78' lang='grc'><strong>1137</strong></span> 
     </span>
    </p>
   </div>
   <div class='ocr_carea' id='block_1_2' title="bbox 72 346 928 1133">
    <p class='ocr_par' dir='ltr' id='par_1_2' title="bbox 72 346 928 1133">
     <span class='ocr_line' id='line_1_2' title="bbox 75 346 925 423; baseline 0.005 -21"><span class='ocrx_word' id='word_1_2' title='bbox 75 363 162 420; x_wconf 90' lang='lat' dir='ltr'><strong>quem</strong></span> <span class='ocrx_word' id='word_1_3' title='bbox 176 346 201 402; x_wconf 91' lang='lat' dir='ltr'><strong>si</strong></span> <span class='ocrx_word' id='word_1_4' title='bbox 214 346 279 419; x_wconf 91' lang='lat' dir='ltr'><strong>quis</strong></span> <span class='ocrx_word' id='word_1_5' title='bbox 295 348 423 419; x_wconf 90' lang='lat' dir='ltr'><strong>potuerit</strong></span> <span class='ocrx_word' id='word_1_6' title='bbox 434 347 575 418; x_wconf 84' lang='lat' dir='ltr'><strong>invenire,</strong></span> <span class='ocrx_word' id='word_1_7' title='bbox 591 347 709 406; x_wconf 75' lang='lat' dir='ltr'><strong>desidite</strong></span> <span class='ocrx_word' id='word_1_8' title='bbox 723 354 828 407; x_wconf 83' lang='lat' dir='ltr'><strong>nostrae</strong></span> <span class='ocrx_word' id='word_1_9' title='bbox 841 352 925 423; x_wconf 85' lang='lat' dir='ltr'><strong>culpe</strong></span> 
     </span>
     <span class='ocr_line' id='line_1_3' title="bbox 74 419 925 492; baseline 0.004 -19"><span class='ocrx_word' id='word_1_10' title='bbox 74 434 134 474; x_wconf 92' lang='lat' dir='ltr'><strong>non</strong></span> <span class='ocrx_word' id='word_1_11' title='bbox 149 420 214 486; x_wconf 91' lang='lat' dir='ltr'><strong>erit,</strong></span> <span class='ocrx_word' id='word_1_12' title='bbox 231 434 297 473; x_wconf 93' lang='lat' dir='ltr'><strong>cum</strong></span> <span class='ocrx_word' id='word_1_13' title='bbox 313 419 502 491; x_wconf 84' lang='lat' dir='ltr'><strong>Philosophus</strong></span> <span class='ocrx_word' id='word_1_14' title='bbox 515 420 576 492; x_wconf 90' lang='lat' dir='ltr'><strong>ipse</strong></span> <span class='ocrx_word' id='word_1_15' title='bbox 590 421 712 476; x_wconf 89' lang='lat' dir='ltr'><strong>liberum</strong></span> <span class='ocrx_word' id='word_1_16' title='bbox 727 422 869 478; x_wconf 77' lang='lat' dir='ltr'><strong>dimiserit</strong></span> <span class='ocrx_word' id='word_1_17' title='bbox 882 438 925 476; x_wconf 87' lang='lat' dir='ltr'><strong>ar·</strong></span> 
     </span>
     <span class='ocr_line' id='line_1_4' title="bbox 72 489 925 560; baseline 0.005 -16"><span class='ocrx_word' id='word_1_18' title='bbox 72 489 192 545; x_wconf 90' lang='lat' dir='ltr'><strong>bitrium</strong></span> <span class='ocrx_word' id='word_1_19' title='bbox 215 489 436 560; x_wconf 75' lang='lat' dir='ltr'><strong>inquirentibus.</strong></span> <span class='ocrx_word' id='word_1_20' title='bbox 460 491 534 546; x_wconf 90' lang='lat' dir='ltr'><strong>Sane</strong></span> <span class='ocrx_word' id='word_1_21' title='bbox 555 491 626 546; x_wconf 91' lang='lat' dir='ltr'><strong>illud</strong></span> <span class='ocrx_word' id='word_1_22' title='bbox 641 494 761 548; x_wconf 90' lang='lat' dir='ltr'><strong>verbum</strong></span> <span class='ocrx_word' id='word_1_23' title='bbox 776 493 858 549; x_wconf 92' lang='lat' dir='ltr'><strong>multi</strong></span> <span class='ocrx_word' id='word_1_24' title='bbox 873 494 925 548; x_wconf 91' lang='lat' dir='ltr'><strong>do·</strong></span> 
     </span>
     <span class='ocr_line' id='line_1_5' title="bbox 74 562 924 634; baseline 0.004 -18"><span class='ocrx_word' id='word_1_25' title='bbox 74 568 184 616; x_wconf 85' lang='lat' dir='ltr'><strong>ntorum</strong></span> <span class='ocrx_word' id='word_1_26' title='bbox 200 562 604 633; x_wconf 89' lang='lat' dir='ltr'><strong>respuunt,atqneimproprie</strong></span> <span class='ocrx_word' id='word_1_27' title='bbox 613 564 924 634; x_wconf 88' lang='lat' dir='ltr'><strong>prolerricontirmant,</strong></span> 
     </span>
     <span class='ocr_line' id='line_1_6' title="bbox 74 632 924 701; baseline 0.002 -13"><span class='ocrx_word' id='word_1_28' title='bbox 74 649 140 688; x_wconf 90' lang='lat' dir='ltr'><strong>cum</strong></span> <span class='ocrx_word' id='word_1_29' title='bbox 155 632 259 687; x_wconf 87' lang='lat' dir='ltr'><strong>mulier</strong></span> <span class='ocrx_word' id='word_1_30' title='bbox 274 633 378 687; x_wconf 86' lang='lat' dir='ltr'><strong>habere</strong></span> <span class='ocrx_word' id='word_1_31' title='bbox 399 633 533 687; x_wconf 89' lang='lat' dir='ltr'><strong>maritum</strong></span> <span class='ocrx_word' id='word_1_32' title='bbox 549 633 664 701; x_wconf 89' lang='lat' dir='ltr'><strong>dicitur,</strong></span> <span class='ocrx_word' id='word_1_33' title='bbox 679 636 722 689; x_wconf 84' lang='lat' dir='ltr'><strong>rel</strong></span> <span class='ocrx_word' id='word_1_34' title='bbox 739 636 781 690; x_wconf 90' lang='lat' dir='ltr'><strong>vir</strong></span> <span class='ocrx_word' id='word_1_35' title='bbox 794 652 924 701; x_wconf 86' lang='lat' dir='ltr'><strong>uxorem,</strong></span> 
     </span>
     <span class='ocr_line' id='line_1_7' title="bbox 74 703 926 778; baseline 0.002 -19"><span class='ocrx_word' id='word_1_36' title='bbox 74 705 118 759; x_wconf 90' lang='lat' dir='ltr'><strong>vel</strong></span> <span class='ocrx_word' id='word_1_37' title='bbox 133 710 215 775; x_wconf 85' lang='lat' dir='ltr'><strong>peter</strong></span> <span class='ocrx_word' id='word_1_38' title='bbox 228 703 331 770; x_wconf 90' lang='lat' dir='ltr'><strong>lilium,</strong></span> <span class='ocrx_word' id='word_1_39' title='bbox 348 704 392 758; x_wconf 93' lang='lat' dir='ltr'><strong>vel</strong></span> <span class='ocrx_word' id='word_1_40' title='bbox 405 704 480 759; x_wconf 90' lang='lat' dir='ltr'><strong>lilius</strong></span> <span class='ocrx_word' id='word_1_41' title='bbox 495 705 671 774; x_wconf 81' lang='lat' dir='ltr'><strong>genitorem3</strong></span> <span class='ocrx_word' id='word_1_42' title='bbox 683 712 837 778; x_wconf 87' lang='lat' dir='ltr'><strong>propterea</strong></span> <span class='ocrx_word' id='word_1_43' title='bbox 848 706 926 778; x_wconf 91' lang='lat' dir='ltr'><strong>quod</strong></span> 
     </span>
     <span class='ocr_line' id='line_1_8' title="bbox 76 774 924 847; baseline 0.005 -18"><span class='ocrx_word' id='word_1_44' title='bbox 76 780 208 829; x_wconf 88' lang='lat' dir='ltr'><strong>asserunt</strong></span> <span class='ocrx_word' id='word_1_45' title='bbox 229 790 288 829; x_wconf 93' lang='lat' dir='ltr'><strong>uon</strong></span> <span class='ocrx_word' id='word_1_46' title='bbox 306 774 406 829; x_wconf 89' lang='lat' dir='ltr'><strong>haberi</strong></span> <span class='ocrx_word' id='word_1_47' title='bbox 426 792 519 847; x_wconf 89' lang='lat' dir='ltr'><strong>posse,</strong></span> <span class='ocrx_word' id='word_1_48' title='bbox 539 777 615 847; x_wconf 91' lang='lat' dir='ltr'><strong>quod</strong></span> <span class='ocrx_word' id='word_1_49' title='bbox 631 777 735 832; x_wconf 87' lang='lat' dir='ltr'><strong>babeat</strong></span> <span class='ocrx_word' id='word_1_50' title='bbox 749 778 924 833; x_wconf 82' lang='lat' dir='ltr'><strong>habentem:</strong></span> 
     </span>
     <span class='ocr_line' id='line_1_9' title="bbox 76 845 926 915; baseline 0.004 -15"><span class='ocrx_word' id='word_1_51' title='bbox 76 847 125 901; x_wconf 92' lang='lat' dir='ltr'><strong>sed</strong></span> <span class='ocrx_word' id='word_1_52' title='bbox 139 845 243 900; x_wconf 90' lang='lat' dir='ltr'><strong>rectius</strong></span> <span class='ocrx_word' id='word_1_53' title='bbox 258 845 314 901; x_wconf 89' lang='lat' dir='ltr'><strong>dici</strong></span> <span class='ocrx_word' id='word_1_54' title='bbox 323 851 476 901; x_wconf 79' lang='lat' dir='ltr'><strong>autumant</strong></span> <span class='ocrx_word' id='word_1_55' title='bbox 487 862 548 901; x_wconf 90' lang='lat' dir='ltr'><strong>csse</strong></span> <span class='ocrx_word' id='word_1_56' title='bbox 559 847 675 902; x_wconf 91' lang='lat' dir='ltr'><strong>mulieri</strong></span> <span class='ocrx_word' id='word_1_57' title='bbox 687 848 791 915; x_wconf 91' lang='lat' dir='ltr'><strong>virum,</strong></span> <span class='ocrx_word' id='word_1_58' title='bbox 806 849 850 902; x_wconf 92' lang='lat' dir='ltr'><strong>vel</strong></span> <span class='ocrx_word' id='word_1_59' title='bbox 859 865 926 903; x_wconf 81' lang='lat' dir='ltr'><strong>uro·</strong></span> 
     </span>
     <span class='ocr_line' id='line_1_10' title="bbox 75 917 925 988; baseline 0.004 -16"><span class='ocrx_word' id='word_1_60' title='bbox 75 933 137 972; x_wconf 89' lang='lat' dir='ltr'><strong>rem</strong></span> <span class='ocrx_word' id='word_1_61' title='bbox 160 918 221 971; x_wconf 81' lang='lat' dir='ltr'><strong>viro</strong></span> <span class='ocrx_word' id='word_1_62' title='bbox 245 932 316 984; x_wconf 90' lang='lat' dir='ltr'><strong>esse,</strong></span> <span class='ocrx_word' id='word_1_63' title='bbox 340 921 453 988; x_wconf 89' lang='lat' dir='ltr'><strong>patrem</strong></span> <span class='ocrx_word' id='word_1_64' title='bbox 472 917 532 972; x_wconf 88' lang='lat' dir='ltr'><strong>lilio</strong></span> <span class='ocrx_word' id='word_1_65' title='bbox 548 934 618 987; x_wconf 91' lang='lat' dir='ltr'><strong>esse,</strong></span> <span class='ocrx_word' id='word_1_66' title='bbox 631 918 747 973; x_wconf 84' lang='lat' dir='ltr'><strong>famulis</strong></span> <span class='ocrx_word' id='word_1_67' title='bbox 764 919 925 975; x_wconf 90' lang='lat' dir='ltr'><strong>dominum.</strong></span> 
     </span>
     <span class='ocr_line' id='line_1_11' title="bbox 75 987 928 1060; baseline 0.002 -17"><span class='ocrx_word' id='word_1_68' title='bbox 75 987 224 1060; x_wconf 79' lang='lat' dir='ltr'><strong>Siquidem</strong></span> <span class='ocrx_word' id='word_1_69' title='bbox 237 988 323 1059; x_wconf 87' lang='lat' dir='ltr'><strong>hujus</strong></span> <span class='ocrx_word' id='word_1_70' title='bbox 338 988 416 1042; x_wconf 88' lang='lat' dir='ltr'><strong>verbi</strong></span> <span class='ocrx_word' id='word_1_71' title='bbox 430 989 489 1042; x_wconf 91' lang='lat' dir='ltr'><strong>vim</strong></span> <span class='ocrx_word' id='word_1_72' title='bbox 503 988 533 1043; x_wconf 89' lang='lat' dir='ltr'><strong>in</strong></span> <span class='ocrx_word' id='word_1_73' title='bbox 548 989 601 1043; x_wconf 94' lang='lat' dir='ltr'><strong>boc</strong></span> <span class='ocrx_word' id='word_1_74' title='bbox 620 1005 682 1045; x_wconf 89' lang='lat' dir='ltr'><strong>esse</strong></span> <span class='ocrx_word' id='word_1_75' title='bbox 697 991 884 1057; x_wconf 84' lang='lat' dir='ltr'><strong>contendunt,</strong></span> <span class='ocrx_word' id='word_1_76' title='bbox 896 993 928 1045; x_wconf 91' lang='lat' dir='ltr'><strong>ut</strong></span> 
     </span>
     <span class='ocr_line' id='line_1_12' title="bbox 79 1058 899 1133; baseline 0.004 -19"><span class='ocrx_word' id='word_1_77' title='bbox 79 1058 241 1132; x_wconf 83' lang='lat' dir='ltr'><strong>significare</strong></span> <span class='ocrx_word' id='word_1_78' title='bbox 253 1075 311 1112; x_wconf 89' lang='lat' dir='ltr'><strong>non</strong></span> <span class='ocrx_word' id='word_1_79' title='bbox 325 1058 426 1129; x_wconf 78' lang='lat' dir='ltr'><strong>possit,</strong></span> <span class='ocrx_word' id='word_1_80' title='bbox 442 1065 470 1114; x_wconf 91' lang='lat' dir='ltr'><strong>et</strong></span> <span class='ocrx_word' id='word_1_81' title='bbox 484 1060 590 1115; x_wconf 89' lang='lat' dir='ltr'><strong>habere</strong></span> <span class='ocrx_word' id='word_1_82' title='bbox 601 1060 727 1133; x_wconf 89' lang='lat' dir='ltr'><strong>aliquem</strong></span> <span class='ocrx_word' id='word_1_83' title='bbox 746 1066 775 1117; x_wconf 91' lang='lat' dir='ltr'><strong>et</strong></span> <span class='ocrx_word' id='word_1_84' title='bbox 788 1061 899 1117; x_wconf 89' lang='lat' dir='ltr'><strong>baberi.</strong></span> 
     </span>
    </p>
   </div>
   <div class='ocr_carea' id='block_1_3' title="bbox 197 1147 811 1220">
    <p class='ocr_par' dir='ltr' id='par_1_3' title="bbox 197 1147 811 1220">
     <span class='ocr_line' id='line_1_13' title="bbox 197 1147 811 1220; baseline 0.003 -17"><span class='ocrx_word' id='word_1_85' title='bbox 197 1147 311 1203; x_wconf 80' lang='lat' dir='ltr'><strong>caeni</strong></span> <span class='ocrx_word' id='word_1_86' title='bbox 330 1149 460 1203; x_wconf 76' lang='grc'><strong>111.-</strong></span> <span class='ocrx_word' id='word_1_87' title='bbox 473 1151 510 1203; x_wconf 76' lang='lat' dir='ltr'><strong>oe</strong></span> <span class='ocrx_word' id='word_1_88' title='bbox 522 1150 811 1220; x_wconf 75' lang='lat' dir='ltr'><strong>postpraeaeamenre.</strong></span> 
     </span>
    </p>
   </div>
   <div class='ocr_carea' id='block_1_4' title="bbox 77 1236 931 2002">
    <p class='ocr_par' dir='ltr' id='par_1_4' title="bbox 77 1236 931 2002">
     <span class='ocr_line' id='line_1_14' title="bbox 114 1236 927 1309; baseline 0.002 -18"><span class='ocrx_word' id='word_1_89' title='bbox 114 1236 239 1291; x_wconf 85' lang='lat' dir='ltr'><strong>Tandem</strong></span> <span class='ocrx_word' id='word_1_90' title='bbox 254 1236 336 1308; x_wconf 90' lang='lat' dir='ltr'><strong>quasi</strong></span> <span class='ocrx_word' id='word_1_91' title='bbox 352 1237 449 1306; x_wconf 86' lang='lat' dir='ltr'><strong>magni</strong></span> <span class='ocrx_word' id='word_1_92' title='bbox 465 1237 588 1308; x_wconf 81' lang='lat' dir='ltr'><strong>aequoris</strong></span> <span class='ocrx_word' id='word_1_93' title='bbox 602 1238 675 1292; x_wconf 82' lang='lat' dir='ltr'><strong>treta</strong></span> <span class='ocrx_word' id='word_1_94' title='bbox 688 1237 867 1309; x_wconf 78' lang='lat' dir='ltr'><strong>transgressi,</strong></span> <span class='ocrx_word' id='word_1_95' title='bbox 882 1255 927 1293; x_wconf 91' lang='lat' dir='ltr'><strong>ca·</strong></span> 
     </span>
     <span class='ocr_line' id='line_1_15' title="bbox 79 1307 928 1378; baseline 0.002 -17"><span class='ocrx_word' id='word_1_96' title='bbox 79 1307 253 1378; x_wconf 88' lang='lat' dir='ltr'><strong>tegoriarum</strong></span> <span class='ocrx_word' id='word_1_97' title='bbox 272 1324 427 1362; x_wconf 90' lang='lat' dir='ltr'><strong>numerum</strong></span> <span class='ocrx_word' id='word_1_98' title='bbox 442 1308 667 1376; x_wconf 75' lang='lat' dir='ltr'><strong>terminavimus,</strong></span> <span class='ocrx_word' id='word_1_99' title='bbox 684 1313 717 1365; x_wconf 93' lang='lat' dir='ltr'><strong>ut</strong></span> <span class='ocrx_word' id='word_1_100' title='bbox 735 1310 858 1365; x_wconf 79' lang='lat' dir='ltr'><strong>arbitror</strong></span> <span class='ocrx_word' id='word_1_101' title='bbox 870 1325 928 1364; x_wconf 93' lang='lat' dir='ltr'><strong>non</strong></span> 
     </span>
     <span class='ocr_line' id='line_1_16' title="bbox 80 1378 928 1446; baseline 0.002 -13"><span class='ocrx_word' id='word_1_102' title='bbox 80 1378 284 1433; x_wconf 84' lang='lat' dir='ltr'><strong>insuasibiliter</strong></span> <span class='ocrx_word' id='word_1_103' title='bbox 306 1379 405 1446; x_wconf 91' lang='lat' dir='ltr'><strong>doctis,</strong></span> <span class='ocrx_word' id='word_1_104' title='bbox 430 1379 498 1434; x_wconf 87' lang='lat' dir='ltr'><strong>satis</strong></span> <span class='ocrx_word' id='word_1_105' title='bbox 523 1396 588 1434; x_wconf 91' lang='lat' dir='ltr'><strong>vero</strong></span> <span class='ocrx_word' id='word_1_106' title='bbox 610 1382 685 1435; x_wconf 88' lang='lat' dir='ltr'><strong>clare</strong></span> <span class='ocrx_word' id='word_1_107' title='bbox 706 1381 866 1435; x_wconf 81' lang='lat' dir='ltr'><strong>volentibus</strong></span> <span class='ocrx_word' id='word_1_108' title='bbox 885 1380 928 1435; x_wconf 91' lang='lat' dir='ltr'><strong>di·</strong></span> 
     </span>
     <span class='ocr_line' id='line_1_17' title="bbox 80 1450 929 1523; baseline 0.001 -20"><span class='ocrx_word' id='word_1_109' title='bbox 80 1466 180 1505; x_wconf 84' lang='lat' dir='ltr'><strong>scere:</strong></span> <span class='ocrx_word' id='word_1_110' title='bbox 197 1450 245 1504; x_wconf 88' lang='lat' dir='ltr'><strong>sed</strong></span> <span class='ocrx_word' id='word_1_111' title='bbox 261 1450 392 1521; x_wconf 84' lang='lat' dir='ltr'><strong>quaedam</strong></span> <span class='ocrx_word' id='word_1_112' title='bbox 409 1454 528 1516; x_wconf 78' lang='lat' dir='ltr'><strong>restant,</strong></span> <span class='ocrx_word' id='word_1_113' title='bbox 553 1467 618 1522; x_wconf 84' lang='lat' dir='ltr'><strong>quae</strong></span> <span class='ocrx_word' id='word_1_114' title='bbox 641 1452 745 1505; x_wconf 90' lang='lat' dir='ltr'><strong>calcem</strong></span> <span class='ocrx_word' id='word_1_115' title='bbox 759 1451 826 1506; x_wconf 90' lang='lat' dir='ltr'><strong>libri</strong></span> <span class='ocrx_word' id='word_1_116' title='bbox 842 1452 929 1523; x_wconf 87' lang='lat' dir='ltr'><strong>hujus</strong></span> 
     </span>
     <span class='ocr_line' id='line_1_18' title="bbox 78 1521 929 1593; baseline 0.001 -18"><span class='ocrx_word' id='word_1_117' title='bbox 78 1537 132 1575; x_wconf 90' lang='lat' dir='ltr'><strong>nos</strong></span> <span class='ocrx_word' id='word_1_118' title='bbox 144 1526 262 1592; x_wconf 90' lang='lat' dir='ltr'><strong>tangere</strong></span> <span class='ocrx_word' id='word_1_119' title='bbox 276 1521 484 1576; x_wconf 89' lang='lat' dir='ltr'><strong>contradicunt.</strong></span> <span class='ocrx_word' id='word_1_120' title='bbox 503 1523 573 1576; x_wconf 89' lang='lat' dir='ltr'><strong>Nam</strong></span> <span class='ocrx_word' id='word_1_121' title='bbox 586 1527 614 1578; x_wconf 90' lang='lat' dir='ltr'><strong>et</strong></span> <span class='ocrx_word' id='word_1_122' title='bbox 626 1523 656 1577; x_wconf 93' lang='lat' dir='ltr'><strong>in</strong></span> <span class='ocrx_word' id='word_1_123' title='bbox 669 1523 818 1592; x_wconf 86' lang='lat' dir='ltr'><strong>categoriis</strong></span> <span class='ocrx_word' id='word_1_124' title='bbox 833 1523 929 1593; x_wconf 86' lang='lat' dir='ltr'><strong>singu·</strong></span> 
     </span>
     <span class='ocr_line' id='line_1_19' title="bbox 79 1591 931 1665; baseline 0.004 -20"><span class='ocrx_word' id='word_1_125' title='bbox 79 1591 114 1646; x_wconf 90' lang='lat' dir='ltr'><strong>lis</strong></span> <span class='ocrx_word' id='word_1_126' title='bbox 133 1593 168 1647; x_wconf 91' lang='lat' dir='ltr'><strong>de</strong></span> <span class='ocrx_word' id='word_1_127' title='bbox 181 1592 381 1647; x_wconf 81' lang='lat' dir='ltr'><strong>contrarietate</strong></span> <span class='ocrx_word' id='word_1_128' title='bbox 396 1596 549 1648; x_wconf 89' lang='lat' dir='ltr'><strong>tractatum</strong></span> <span class='ocrx_word' id='word_1_129' title='bbox 563 1597 615 1661; x_wconf 87' lang='lat' dir='ltr'><strong>est,</strong></span> <span class='ocrx_word' id='word_1_130' title='bbox 631 1610 696 1648; x_wconf 92' lang='lat' dir='ltr'><strong>cum</strong></span> <span class='ocrx_word' id='word_1_131' title='bbox 713 1610 777 1665; x_wconf 73' lang='lat' dir='ltr'><strong>quac</strong></span> <span class='ocrx_word' id='word_1_132' title='bbox 791 1594 931 1665; x_wconf 88' lang='lat' dir='ltr'><strong>reciperet</strong></span> 
     </span>
     <span class='ocr_line' id='line_1_20' title="bbox 78 1663 927 1736; baseline 0.004 -20"><span class='ocrx_word' id='word_1_133' title='bbox 78 1663 265 1728; x_wconf 88' lang='lat' dir='ltr'><strong>contrarium,</strong></span> <span class='ocrx_word' id='word_1_134' title='bbox 278 1668 306 1718; x_wconf 89' lang='lat' dir='ltr'><strong>et</strong></span> <span class='ocrx_word' id='word_1_135' title='bbox 318 1679 383 1735; x_wconf 76' lang='lat' dir='ltr'><strong>quse</strong></span> <span class='ocrx_word' id='word_1_136' title='bbox 395 1669 542 1735; x_wconf 86' lang='lat' dir='ltr'><strong>respueret</strong></span> <span class='ocrx_word' id='word_1_137' title='bbox 551 1664 723 1719; x_wconf 83' lang='lat' dir='ltr'><strong>diceremus.</strong></span> <span class='ocrx_word' id='word_1_138' title='bbox 740 1667 847 1720; x_wconf 86' lang='lat' dir='ltr'><strong>Tamen</strong></span> <span class='ocrx_word' id='word_1_139' title='bbox 859 1664 927 1736; x_wconf 93' lang='lat' dir='ltr'><strong>quid</strong></span> 
     </span>
     <span class='ocr_line' id='line_1_21' title="bbox 78 1733 927 1805; baseline 0.002 -17"><span class='ocrx_word' id='word_1_140' title='bbox 78 1733 115 1788; x_wconf 91' lang='lat' dir='ltr'><strong>sit</strong></span> <span class='ocrx_word' id='word_1_141' title='bbox 124 1735 218 1805; x_wconf 90' lang='lat' dir='ltr'><strong>ipsum</strong></span> <span class='ocrx_word' id='word_1_142' title='bbox 227 1734 413 1804; x_wconf 89' lang='lat' dir='ltr'><strong>contrarium,</strong></span> <span class='ocrx_word' id='word_1_143' title='bbox 425 1735 521 1789; x_wconf 90' lang='lat' dir='ltr'><strong>nullus</strong></span> <span class='ocrx_word' id='word_1_144' title='bbox 532 1735 625 1789; x_wconf 88' lang='lat' dir='ltr'><strong>adhuc</strong></span> <span class='ocrx_word' id='word_1_145' title='bbox 638 1740 774 1790; x_wconf 89' lang='lat' dir='ltr'><strong>tractatus</strong></span> <span class='ocrx_word' id='word_1_146' title='bbox 786 1735 927 1790; x_wconf 83' lang='lat' dir='ltr'><strong>ostendit:</strong></span> 
     </span>
     <span class='ocr_line' id='line_1_22' title="bbox 79 1805 930 1877; baseline 0 -19"><span class='ocrx_word' id='word_1_147' title='bbox 79 1808 107 1858; x_wconf 92' lang='grc'><strong>11</strong></span> <span class='ocrx_word' id='word_1_148' title='bbox 124 1805 217 1860; x_wconf 88' lang='lat' dir='ltr'><strong>adhuc</strong></span> <span class='ocrx_word' id='word_1_149' title='bbox 236 1806 367 1877; x_wconf 82' lang='lat' dir='ltr'><strong>quaedam</strong></span> <span class='ocrx_word' id='word_1_150' title='bbox 382 1807 470 1860; x_wconf 88' lang='lat' dir='ltr'><strong>verba</strong></span> <span class='ocrx_word' id='word_1_151' title='bbox 494 1810 656 1870; x_wconf 85' lang='lat' dir='ltr'><strong>remanent,</strong></span> <span class='ocrx_word' id='word_1_152' title='bbox 681 1820 806 1876; x_wconf 88' lang='lat' dir='ltr'><strong>quorum</strong></span> <span class='ocrx_word' id='word_1_153' title='bbox 830 1805 872 1859; x_wconf 91' lang='lat' dir='ltr'><strong>vis</strong></span> <span class='ocrx_word' id='word_1_154' title='bbox 898 1821 930 1858; x_wconf 88' lang='lat' dir='ltr'><strong>ac</strong></span> 
     </span>
     <span class='ocr_line' id='line_1_23' title="bbox 77 1875 931 1948; baseline 0.001 -19"><span class='ocrx_word' id='word_1_155' title='bbox 77 1876 239 1947; x_wconf 78' lang='lat' dir='ltr'><strong>proprietas</strong></span> <span class='ocrx_word' id='word_1_156' title='bbox 263 1876 365 1930; x_wconf 89' lang='lat' dir='ltr'><strong>debeat</strong></span> <span class='ocrx_word' id='word_1_157' title='bbox 388 1875 533 1947; x_wconf 83' lang='lat' dir='ltr'><strong>explicari.</strong></span> <span class='ocrx_word' id='word_1_158' title='bbox 559 1875 621 1941; x_wconf 82' lang='lat' dir='ltr'><strong>Qua</strong></span> <span class='ocrx_word' id='word_1_159' title='bbox 643 1875 678 1930; x_wconf 93' lang='lat' dir='ltr'><strong>de</strong></span> <span class='ocrx_word' id='word_1_160' title='bbox 693 1892 777 1929; x_wconf 87' lang='lat' dir='ltr'><strong>causa</strong></span> <span class='ocrx_word' id='word_1_161' title='bbox 791 1875 826 1931; x_wconf 94' lang='lat' dir='ltr'><strong>ad</strong></span> <span class='ocrx_word' id='word_1_162' title='bbox 838 1892 931 1948; x_wconf 89' lang='lat' dir='ltr'><strong>oppo-</strong></span> 
     </span>
     <span class='ocr_line' id='line_1_24' title="bbox 78 1946 772 2002; baseline 0.003 -2"><span class='ocrx_word' id='word_1_163' title='bbox 78 1946 199 2000; x_wconf 89' lang='lat' dir='ltr'><strong>sitorum</strong></span> <span class='ocrx_word' id='word_1_164' title='bbox 211 1949 363 2001; x_wconf 87' lang='lat' dir='ltr'><strong>tractatum</strong></span> <span class='ocrx_word' id='word_1_165' title='bbox 377 1947 570 2001; x_wconf 90' lang='lat' dir='ltr'><strong>necessarium</strong></span> <span class='ocrx_word' id='word_1_166' title='bbox 584 1952 772 2002; x_wconf 88' lang='lat' dir='ltr'><strong>transeamus.</strong></span> 
     </span>
    </p>
   </div>
   <div class='ocr_carea' id='block_1_5' title="bbox 80 2034 928 2105">
    <p class='ocr_par' dir='ltr' id='par_1_5' title="bbox 80 2034 928 2105">
     <span class='ocr_line' id='line_1_25' title="bbox 80 2034 928 2105; baseline 0.004 -17"><span class='ocrx_word' id='word_1_167' title='bbox 80 2034 193 2089; x_wconf 77' lang='lat' dir='ltr'><strong>CAPUT</strong></span> <span class='ocrx_word' id='word_1_168' title='bbox 202 2034 379 2089; x_wconf 78' lang='lat' dir='ltr'><strong>livill-Dc</strong></span> <span class='ocrx_word' id='word_1_169' title='bbox 388 2036 528 2104; x_wconf 85' lang='lat' dir='ltr'><strong>oppositis.</strong></span> <span class='ocrx_word' id='word_1_170' title='bbox 542 2037 605 2091; x_wconf 81' lang='lat' dir='ltr'><strong>Tres</strong></span> <span class='ocrx_word' id='word_1_171' title='bbox 616 2037 928 2105; x_wconf 70' lang='lat' dir='ltr'><strong>specietenus-ariorum.</strong></span> 
     </span>
    </p>
   </div>
   <div class='ocr_carea' id='block_1_6' title="bbox 79 2122 933 5816">
    <p class='ocr_par' dir='ltr' id='par_1_6' title="bbox 81 2122 933 3543">
     <span class='ocr_line' id='line_1_26' title="bbox 117 2122 931 2195; baseline 0.001 -17"><span class='ocrx_word' id='word_1_172' title='bbox 117 2122 320 2194; x_wconf 89' lang='lat' dir='ltr'><strong>Oppositorum</strong></span> <span class='ocrx_word' id='word_1_173' title='bbox 330 2123 438 2194; x_wconf 92' lang='lat' dir='ltr'><strong>species</strong></span> <span class='ocrx_word' id='word_1_174' title='bbox 447 2128 571 2195; x_wconf 88' lang='lat' dir='ltr'><strong>quatuor</strong></span> <span class='ocrx_word' id='word_1_175' title='bbox 585 2128 653 2178; x_wconf 89' lang='lat' dir='ltr'><strong>sunt</strong></span> <span class='ocrx_word' id='word_1_176' title='bbox 668 2140 674 2178; x_wconf 92' lang='lat'>:</span> <span class='ocrx_word' id='word_1_177' title='bbox 688 2123 931 2194; x_wconf 88' lang='lat' dir='ltr'><strong>opponiturnam·</strong></span> 
     </span>
     <span class='ocr_line' id='line_1_27' title="bbox 81 2193 929 2276; baseline 0.002 -29"><span class='ocrx_word' id='word_1_178' title='bbox 81 2210 137 2265; x_wconf 90' lang='lat' dir='ltr'><strong>que</strong></span> <span class='ocrx_word' id='word_1_179' title='bbox 162 2193 238 2248; x_wconf 89' lang='lat' dir='ltr'><strong>aliud</strong></span> <span class='ocrx_word' id='word_1_180' title='bbox 264 2194 359 2262; x_wconf 74' lang='lat' dir='ltr'><strong>alteri,</strong></span> <span class='ocrx_word' id='word_1_181' title='bbox 373 2195 479 2276; x_wconf 87' lang='lat' dir='ltr'><strong>primo,</strong></span> <span class='ocrx_word' id='word_1_182' title='bbox 500 2200 549 2249; x_wconf 87' lang='lat' dir='ltr'><strong>aut</strong></span> <span class='ocrx_word' id='word_1_183' title='bbox 568 2195 663 2263; x_wconf 82' lang='lat' dir='ltr'><strong>ligura</strong></span> <span class='ocrx_word' id='word_1_184' title='bbox 684 2195 745 2266; x_wconf 84' lang='lat' dir='ltr'><strong>ejus</strong></span> <span class='ocrx_word' id='word_1_185' title='bbox 768 2197 929 2276; x_wconf 72' lang='lat' dir='ltr'><strong>sategerim,</strong></span> 
     </span>
     <span class='ocr_line' id='line_1_28' title="bbox 81 2264 930 2336; baseline 0.001 -17"><span class='ocrx_word' id='word_1_186' title='bbox 81 2281 146 2336; x_wconf 88' lang='lat' dir='ltr'><strong>quae</strong></span> <span class='ocrx_word' id='word_1_187' title='bbox 171 2266 205 2319; x_wconf 90' lang='lat' dir='ltr'><strong>ad</strong></span> <span class='ocrx_word' id='word_1_188' title='bbox 227 2264 336 2336; x_wconf 89' lang='lat' dir='ltr'><strong>aliquid</strong></span> <span class='ocrx_word' id='word_1_189' title='bbox 352 2265 471 2332; x_wconf 84' lang='lat' dir='ltr'><strong>dicitur;</strong></span> <span class='ocrx_word' id='word_1_190' title='bbox 497 2266 633 2332; x_wconf 90' lang='lat' dir='ltr'><strong>secundo,</strong></span> <span class='ocrx_word' id='word_1_191' title='bbox 658 2270 707 2320; x_wconf 89' lang='lat' dir='ltr'><strong>aut</strong></span> <span class='ocrx_word' id='word_1_192' title='bbox 721 2271 930 2321; x_wconf 80' lang='lat' dir='ltr'><strong>contractorum</strong></span> 
     </span>
     <span class='ocr_line' id='line_1_29' title="bbox 81 2336 930 2408; baseline 0 -17"><span class='ocrx_word' id='word_1_193' title='bbox 81 2336 181 2402; x_wconf 90' lang='lat' dir='ltr'><strong>modo;</strong></span> <span class='ocrx_word' id='word_1_194' title='bbox 199 2336 292 2398; x_wconf 89' lang='lat' dir='ltr'><strong>tertio,</strong></span> <span class='ocrx_word' id='word_1_195' title='bbox 310 2340 360 2390; x_wconf 91' lang='lat' dir='ltr'><strong>aut</strong></span> <span class='ocrx_word' id='word_1_196' title='bbox 373 2352 484 2403; x_wconf 90' lang='lat' dir='ltr'><strong>eorum,</strong></span> <span class='ocrx_word' id='word_1_197' title='bbox 499 2352 623 2408; x_wconf 90' lang='lat' dir='ltr'><strong>quornm</strong></span> <span class='ocrx_word' id='word_1_198' title='bbox 635 2338 710 2391; x_wconf 90' lang='lat' dir='ltr'><strong>circa</strong></span> <span class='ocrx_word' id='word_1_199' title='bbox 724 2352 776 2391; x_wconf 91' lang='lat' dir='ltr'><strong>nos</strong></span> <span class='ocrx_word' id='word_1_200' title='bbox 786 2353 846 2391; x_wconf 89' lang='lat' dir='ltr'><strong>esse</strong></span> <span class='ocrx_word' id='word_1_201' title='bbox 860 2337 930 2392; x_wconf 93' lang='lat' dir='ltr'><strong>dici·</strong></span> 
     </span>
     <span class='ocr_line' id='line_1_30' title="bbox 81 2407 931 2479; baseline 0.001 -18"><span class='ocrx_word' id='word_1_202' title='bbox 81 2412 129 2461; x_wconf 93' lang='lat' dir='ltr'><strong>tur</strong></span> <span class='ocrx_word' id='word_1_203' title='bbox 142 2407 257 2461; x_wconf 89' lang='lat' dir='ltr'><strong>habitus</strong></span> <span class='ocrx_word' id='word_1_204' title='bbox 280 2408 323 2461; x_wconf 92' lang='lat' dir='ltr'><strong>vel</strong></span> <span class='ocrx_word' id='word_1_205' title='bbox 345 2407 466 2477; x_wconf 89' lang='lat' dir='ltr'><strong>privatio</strong></span> <span class='ocrx_word' id='word_1_206' title='bbox 486 2407 627 2479; x_wconf 87' lang='lat' dir='ltr'><strong>(habitum</strong></span> <span class='ocrx_word' id='word_1_207' title='bbox 650 2424 718 2462; x_wconf 91' lang='lat' dir='ltr'><strong>saue</strong></span> <span class='ocrx_word' id='word_1_208' title='bbox 741 2408 876 2462; x_wconf 91' lang='lat' dir='ltr'><strong>hocloco</strong></span> <span class='ocrx_word' id='word_1_209' title='bbox 898 2424 931 2462; x_wconf 85' lang='lat' dir='ltr'><strong>ex</strong></span> 
     </span>
     <span class='ocr_line' id='line_1_31' title="bbox 81 2478 931 2550; baseline 0.001 -18"><span class='ocrx_word' id='word_1_210' title='bbox 81 2478 213 2532; x_wconf 89' lang='lat' dir='ltr'><strong>babendo</strong></span> <span class='ocrx_word' id='word_1_211' title='bbox 240 2478 377 2532; x_wconf 89' lang='lat' dir='ltr'><strong>debemus</strong></span> <span class='ocrx_word' id='word_1_212' title='bbox 398 2479 536 2548; x_wconf 89' lang='lat' dir='ltr'><strong>accipere,</strong></span> <span class='ocrx_word' id='word_1_213' title='bbox 562 2495 620 2532; x_wconf 93' lang='lat' dir='ltr'><strong>non</strong></span> <span class='ocrx_word' id='word_1_214' title='bbox 635 2484 668 2533; x_wconf 91' lang='lat' dir='ltr'><strong>ut</strong></span> <span class='ocrx_word' id='word_1_215' title='bbox 687 2479 717 2532; x_wconf 95' lang='lat' dir='ltr'><strong>in</strong></span> <span class='ocrx_word' id='word_1_216' title='bbox 735 2478 931 2550; x_wconf 88' lang='lat' dir='ltr'><strong>superioribus</strong></span> 
     </span>
     <span class='ocr_line' id='line_1_32' title="bbox 81 2549 931 2635; baseline 0 -32"><span class='ocrx_word' id='word_1_217' title='bbox 81 2549 274 2617; x_wconf 79' lang='lat' dir='ltr'><strong>delinivimus,</strong></span> <span class='ocrx_word' id='word_1_218' title='bbox 294 2565 355 2603; x_wconf 88' lang='lat' dir='ltr'><strong>esse</strong></span> <span class='ocrx_word' id='word_1_219' title='bbox 379 2549 510 2603; x_wconf 90' lang='lat' dir='ltr'><strong>habitum</strong></span> <span class='ocrx_word' id='word_1_220' title='bbox 523 2549 703 2603; x_wconf 83' lang='lat' dir='ltr'><strong>allectionem</strong></span> <span class='ocrx_word' id='word_1_221' title='bbox 722 2549 811 2603; x_wconf 88' lang='lat' dir='ltr'><strong>animi</strong></span> <span class='ocrx_word' id='word_1_222' title='bbox 826 2565 931 2635; x_wconf 62' lang='grc'><strong>111111-</strong></span> 
     </span>
     <span class='ocr_line' id='line_1_33' title="bbox 83 2620 930 2691; baseline -0.001 -16"><span class='ocrx_word' id='word_1_223' title='bbox 83 2620 148 2675; x_wconf 92' lang='lat' dir='ltr'><strong>dam</strong></span> <span class='ocrx_word' id='word_1_224' title='bbox 161 2620 390 2690; x_wconf 75' lang='lat' dir='ltr'><strong>sempiternam),</strong></span> <span class='ocrx_word' id='word_1_225' title='bbox 407 2625 508 2691; x_wconf 89' lang='lat' dir='ltr'><strong>quarto</strong></span> <span class='ocrx_word' id='word_1_226' title='bbox 523 2621 621 2686; x_wconf 91' lang='lat' dir='ltr'><strong>modo,</strong></span> <span class='ocrx_word' id='word_1_227' title='bbox 637 2636 702 2674; x_wconf 89' lang='lat' dir='ltr'><strong>cum</strong></span> <span class='ocrx_word' id='word_1_228' title='bbox 715 2625 765 2675; x_wconf 90' lang='lat' dir='ltr'><strong>aut</strong></span> <span class='ocrx_word' id='word_1_229' title='bbox 777 2624 930 2675; x_wconf 82' lang='grc'><strong>111111111-</strong></span> 
     </span>
     <span class='ocr_line' id='line_1_34' title="bbox 81 2691 930 2763; baseline 0.002 -19"><span class='ocrx_word' id='word_1_230' title='bbox 81 2706 146 2745; x_wconf 90' lang='lat' dir='ltr'><strong>mus</strong></span> <span class='ocrx_word' id='word_1_231' title='bbox 161 2691 280 2762; x_wconf 89' lang='lat' dir='ltr'><strong>aliquid,</strong></span> <span class='ocrx_word' id='word_1_232' title='bbox 297 2691 340 2745; x_wconf 92' lang='lat' dir='ltr'><strong>vel</strong></span> <span class='ocrx_word' id='word_1_233' title='bbox 352 2706 490 2761; x_wconf 82' lang='lat' dir='ltr'><strong>negamus</strong></span> <span class='ocrx_word' id='word_1_234' title='bbox 507 2707 513 2744; x_wconf 94' lang='lat'>:</span> <span class='ocrx_word' id='word_1_235' title='bbox 531 2695 562 2745; x_wconf 91' lang='lat' dir='ltr'><strong>ut</strong></span> <span class='ocrx_word' id='word_1_236' title='bbox 570 2691 648 2746; x_wconf 90' lang='lat' dir='ltr'><strong>verbi</strong></span> <span class='ocrx_word' id='word_1_237' title='bbox 659 2708 753 2760; x_wconf 90' lang='lat' dir='ltr'><strong>causa,</strong></span> <span class='ocrx_word' id='word_1_238' title='bbox 768 2693 802 2745; x_wconf 88' lang='lat' dir='ltr'><strong>ab</strong></span> <span class='ocrx_word' id='word_1_239' title='bbox 818 2691 853 2745; x_wconf 91' lang='lat' dir='ltr'><strong>iis</strong></span> <span class='ocrx_word' id='word_1_240' title='bbox 865 2707 930 2763; x_wconf 81' lang='lat' dir='ltr'><strong>qum</strong></span> 
     </span>
     <span class='ocr_line' id='line_1_35' title="bbox 81 2761 930 2833; baseline 0.004 -18"><span class='ocrx_word' id='word_1_241' title='bbox 81 2761 116 2816; x_wconf 93' lang='lat' dir='ltr'><strong>ad</strong></span> <span class='ocrx_word' id='word_1_242' title='bbox 140 2761 248 2832; x_wconf 90' lang='lat' dir='ltr'><strong>aliquid</strong></span> <span class='ocrx_word' id='word_1_243' title='bbox 271 2761 415 2828; x_wconf 88' lang='lat' dir='ltr'><strong>dicuntur,</strong></span> <span class='ocrx_word' id='word_1_244' title='bbox 439 2777 580 2832; x_wconf 91' lang='lat' dir='ltr'><strong>ponamus</strong></span> <span class='ocrx_word' id='word_1_245' title='bbox 603 2762 776 2833; x_wconf 89' lang='lat' dir='ltr'><strong>exemplum.</strong></span> <span class='ocrx_word' id='word_1_246' title='bbox 800 2763 930 2818; x_wconf 88' lang='lat' dir='ltr'><strong>Primum</strong></span> 
     </span>
     <span class='ocr_line' id='line_1_36' title="bbox 82 2832 931 2904; baseline 0.001 -18"><span class='ocrx_word' id='word_1_247' title='bbox 82 2833 244 2902; x_wconf 91' lang='lat' dir='ltr'><strong>oppositum</strong></span> <span class='ocrx_word' id='word_1_248' title='bbox 256 2833 367 2887; x_wconf 88' lang='lat' dir='ltr'><strong>videtur</strong></span> <span class='ocrx_word' id='word_1_249' title='bbox 381 2833 501 2903; x_wconf 91' lang='lat' dir='ltr'><strong>duplum</strong></span> <span class='ocrx_word' id='word_1_250' title='bbox 516 2832 630 2904; x_wconf 91' lang='lat' dir='ltr'><strong>simplo,</strong></span> <span class='ocrx_word' id='word_1_251' title='bbox 648 2835 691 2887; x_wconf 90' lang='lat' dir='ltr'><strong>vel</strong></span> <span class='ocrx_word' id='word_1_252' title='bbox 706 2837 788 2903; x_wconf 90' lang='lat' dir='ltr'><strong>pater</strong></span> <span class='ocrx_word' id='word_1_253' title='bbox 801 2833 871 2888; x_wconf 87' lang='lat' dir='ltr'><strong>filio.</strong></span> <span class='ocrx_word' id='word_1_254' title='bbox 885 2833 931 2889; x_wconf 91' lang='lat' dir='ltr'><strong>Se·</strong></span> 
     </span>
     <span class='ocr_line' id='line_1_37' title="bbox 82 2903 932 2973; baseline 0.002 -16"><span class='ocrx_word' id='word_1_255' title='bbox 82 2903 206 2957; x_wconf 91' lang='lat' dir='ltr'><strong>cundum</strong></span> <span class='ocrx_word' id='word_1_256' title='bbox 232 2919 300 2957; x_wconf 89' lang='lat' dir='ltr'><strong>vero</strong></span> <span class='ocrx_word' id='word_1_257' title='bbox 331 2904 542 2958; x_wconf 89' lang='lat' dir='ltr'><strong>contrariorum</strong></span> <span class='ocrx_word' id='word_1_258' title='bbox 566 2905 730 2973; x_wconf 84' lang='lat' dir='ltr'><strong>exemplum</strong></span> <span class='ocrx_word' id='word_1_259' title='bbox 754 2904 800 2969; x_wconf 89' lang='lat' dir='ltr'><strong>sit,</strong></span> <span class='ocrx_word' id='word_1_260' title='bbox 823 2905 932 2959; x_wconf 90' lang='lat' dir='ltr'><strong>malum</strong></span> 
     </span>
     <span class='ocr_line' id='line_1_38' title="bbox 82 2973 933 3046; baseline 0.001 -18"><span class='ocrx_word' id='word_1_261' title='bbox 82 2974 167 3029; x_wconf 91' lang='lat' dir='ltr'><strong>bono.</strong></span> <span class='ocrx_word' id='word_1_262' title='bbox 192 2974 319 3029; x_wconf 89' lang='lat' dir='ltr'><strong>Tertium</strong></span> <span class='ocrx_word' id='word_1_263' title='bbox 343 2991 443 3029; x_wconf 92' lang='lat' dir='ltr'><strong>eoruru</strong></span> <span class='ocrx_word' id='word_1_264' title='bbox 468 2990 584 3046; x_wconf 90' lang='lat' dir='ltr'><strong>quoque</strong></span> <span class='ocrx_word' id='word_1_265' title='bbox 606 2991 670 3046; x_wconf 78' lang='lat' dir='ltr'><strong>quer</strong></span> <span class='ocrx_word' id='word_1_266' title='bbox 687 2991 739 3045; x_wconf 90' lang='lat' dir='ltr'><strong>per</strong></span> <span class='ocrx_word' id='word_1_267' title='bbox 753 2973 884 3029; x_wconf 89' lang='lat' dir='ltr'><strong>habitum</strong></span> <span class='ocrx_word' id='word_1_268' title='bbox 904 2978 933 3029; x_wconf 91' lang='grc'><strong>11</strong></span> 
     </span>
     <span class='ocr_line' id='line_1_39' title="bbox 81 3044 932 3126; baseline 0.002 -27"><span class='ocrx_word' id='word_1_269' title='bbox 81 3044 272 3126; x_wconf 86' lang='lat' dir='ltr'><strong>privationem</strong></span> <span class='ocrx_word' id='word_1_270' title='bbox 285 3045 428 3111; x_wconf 88' lang='lat' dir='ltr'><strong>dicuntur,</strong></span> <span class='ocrx_word' id='word_1_271' title='bbox 442 3046 516 3100; x_wconf 89' lang='lat' dir='ltr'><strong>sicut</strong></span> <span class='ocrx_word' id='word_1_272' title='bbox 526 3046 637 3101; x_wconf 79' lang='lat' dir='ltr'><strong>caecitas</strong></span> <span class='ocrx_word' id='word_1_273' title='bbox 653 3050 682 3100; x_wconf 91' lang='lat' dir='ltr'><strong>et</strong></span> <span class='ocrx_word' id='word_1_274' title='bbox 695 3045 776 3100; x_wconf 92' lang='lat' dir='ltr'><strong>visio.</strong></span> <span class='ocrx_word' id='word_1_275' title='bbox 793 3046 932 3110; x_wconf 81' lang='lat' dir='ltr'><strong>Quartum</strong></span> 
     </span>
     <span class='ocr_line' id='line_1_40' title="bbox 81 3116 931 3187; baseline -0.001 -16"><span class='ocrx_word' id='word_1_276' title='bbox 81 3116 199 3171; x_wconf 82' lang='lat' dir='ltr'><strong>illorum</strong></span> <span class='ocrx_word' id='word_1_277' title='bbox 214 3116 300 3171; x_wconf 89' lang='lat' dir='ltr'><strong>etiam</strong></span> <span class='ocrx_word' id='word_1_278' title='bbox 314 3118 344 3171; x_wconf 91' lang='lat' dir='ltr'><strong>iu</strong></span> <span class='ocrx_word' id='word_1_279' title='bbox 360 3116 465 3187; x_wconf 90' lang='lat' dir='ltr'><strong>quibus</strong></span> <span class='ocrx_word' id='word_1_280' title='bbox 480 3121 521 3171; x_wconf 89' lang='lat' dir='ltr'><strong>est</strong></span> <span class='ocrx_word' id='word_1_281' title='bbox 535 3117 649 3187; x_wconf 87' lang='lat' dir='ltr'><strong>negatio</strong></span> <span class='ocrx_word' id='word_1_282' title='bbox 665 3121 694 3171; x_wconf 90' lang='lat' dir='ltr'><strong>et</strong></span> <span class='ocrx_word' id='word_1_283' title='bbox 707 3116 931 3184; x_wconf 87' lang='lat' dir='ltr'><strong>affirmatio,sic·</strong></span> 
     </span>
     <span class='ocr_line' id='line_1_41' title="bbox 82 3186 929 3254; baseline 0 -12"><span class='ocrx_word' id='word_1_284' title='bbox 82 3192 123 3253; x_wconf 89' lang='lat' dir='ltr'><strong>ut,</strong></span> <span class='ocrx_word' id='word_1_285' title='bbox 140 3186 237 3254; x_wconf 89' lang='lat' dir='ltr'><strong>currit,</strong></span> <span class='ocrx_word' id='word_1_286' title='bbox 259 3204 318 3242; x_wconf 92' lang='lat' dir='ltr'><strong>non</strong></span> <span class='ocrx_word' id='word_1_287' title='bbox 337 3188 435 3242; x_wconf 88' lang='lat' dir='ltr'><strong>currit.</strong></span> <span class='ocrx_word' id='word_1_288' title='bbox 462 3188 598 3242; x_wconf 88' lang='lat' dir='ltr'><strong>Discretio</strong></span> <span class='ocrx_word' id='word_1_289' title='bbox 620 3203 686 3242; x_wconf 90' lang='lat' dir='ltr'><strong>vero</strong></span> <span class='ocrx_word' id='word_1_290' title='bbox 708 3187 929 3253; x_wconf 83' lang='lat' dir='ltr'><strong>contrariorum,</strong></span> 
     </span>
     <span class='ocr_line' id='line_1_42' title="bbox 83 3258 932 3330; baseline 0.001 -18"><span class='ocrx_word' id='word_1_291' title='bbox 83 3264 225 3313; x_wconf 90' lang='lat' dir='ltr'><strong>eteorum</strong></span> <span class='ocrx_word' id='word_1_292' title='bbox 245 3275 310 3330; x_wconf 82' lang='lat' dir='ltr'><strong>quae</strong></span> <span class='ocrx_word' id='word_1_293' title='bbox 325 3258 360 3313; x_wconf 92' lang='lat' dir='ltr'><strong>ad</strong></span> <span class='ocrx_word' id='word_1_294' title='bbox 382 3258 490 3330; x_wconf 89' lang='lat' dir='ltr'><strong>aliquid</strong></span> <span class='ocrx_word' id='word_1_295' title='bbox 509 3259 654 3325; x_wconf 90' lang='lat' dir='ltr'><strong>dicuntur,</strong></span> <span class='ocrx_word' id='word_1_296' title='bbox 670 3258 932 3329; x_wconf 85' lang='lat' dir='ltr'><strong>contemplantibus</strong></span> 
     </span>
     <span class='ocr_line' id='line_1_43' title="bbox 83 3329 932 3401; baseline 0.002 -19"><span class='ocrx_word' id='word_1_297' title='bbox 83 3329 233 3384; x_wconf 81' lang='lat' dir='ltr'><strong>manifesta</strong></span> <span class='ocrx_word' id='word_1_298' title='bbox 248 3334 291 3383; x_wconf 87' lang='lat' dir='ltr'><strong>est</strong></span> <span class='ocrx_word' id='word_1_299' title='bbox 308 3330 362 3384; x_wconf 88' lang='lat' dir='ltr'><strong>:ad</strong></span> <span class='ocrx_word' id='word_1_300' title='bbox 378 3329 486 3401; x_wconf 88' lang='lat' dir='ltr'><strong>aliquid</strong></span> <span class='ocrx_word' id='word_1_301' title='bbox 500 3329 577 3384; x_wconf 91' lang='lat' dir='ltr'><strong>enim</strong></span> <span class='ocrx_word' id='word_1_302' title='bbox 594 3329 679 3397; x_wconf 88' lang='lat' dir='ltr'><strong>dicta,</strong></span> <span class='ocrx_word' id='word_1_303' title='bbox 695 3330 730 3384; x_wconf 94' lang='lat' dir='ltr'><strong>de</strong></span> <span class='ocrx_word' id='word_1_304' title='bbox 744 3329 798 3384; x_wconf 91' lang='lat' dir='ltr'><strong>sibi</strong></span> <span class='ocrx_word' id='word_1_305' title='bbox 813 3330 932 3399; x_wconf 88' lang='lat' dir='ltr'><strong>opposi-</strong></span> 
     </span>
     <span class='ocr_line' id='line_1_44' title="bbox 83 3400 931 3472; baseline 0.001 -19"><span class='ocrx_word' id='word_1_306' title='bbox 83 3400 119 3454; x_wconf 89' lang='lat' dir='ltr'><strong>tis</strong></span> <span class='ocrx_word' id='word_1_307' title='bbox 141 3401 343 3469; x_wconf 89' lang='lat' dir='ltr'><strong>nomiuantur;</strong></span> <span class='ocrx_word' id='word_1_308' title='bbox 369 3401 506 3471; x_wconf 91' lang='lat' dir='ltr'><strong>simplum</strong></span> <span class='ocrx_word' id='word_1_309' title='bbox 531 3417 656 3471; x_wconf 90' lang='lat' dir='ltr'><strong>namque</strong></span> <span class='ocrx_word' id='word_1_310' title='bbox 670 3401 836 3471; x_wconf 88' lang='lat' dir='ltr'><strong>oppositum</strong></span> <span class='ocrx_word' id='word_1_311' title='bbox 851 3400 931 3472; x_wconf 90' lang='lat' dir='ltr'><strong>dupli</strong></span> 
     </span>
     <span class='ocr_line' id='line_1_45' title="bbox 83 3471 932 3543; baseline 0 -18"><span class='ocrx_word' id='word_1_312' title='bbox 83 3474 136 3533; x_wconf 90' lang='lat' dir='ltr'><strong>est,</strong></span> <span class='ocrx_word' id='word_1_313' title='bbox 161 3476 189 3526; x_wconf 91' lang='lat' dir='ltr'><strong>et</strong></span> <span class='ocrx_word' id='word_1_314' title='bbox 208 3471 329 3543; x_wconf 93' lang='lat' dir='ltr'><strong>duplum</strong></span> <span class='ocrx_word' id='word_1_315' title='bbox 350 3473 515 3542; x_wconf 91' lang='lat' dir='ltr'><strong>oppositum</strong></span> <span class='ocrx_word' id='word_1_316' title='bbox 530 3471 647 3543; x_wconf 92' lang='lat' dir='ltr'><strong>simpli:</strong></span> <span class='ocrx_word' id='word_1_317' title='bbox 663 3471 806 3525; x_wconf 88' lang='lat' dir='ltr'><strong>contraria</strong></span> <span class='ocrx_word' id='word_1_318' title='bbox 820 3487 887 3525; x_wconf 90' lang='lat' dir='ltr'><strong>vero</strong></span> <span class='ocrx_word' id='word_1_319' title='bbox 903 3471 932 3525; x_wconf 93' lang='lat' dir='ltr'><strong>id</strong></span> 
     </span>
    </p>

    <p class='ocr_par' dir='ltr' id='par_1_7' title="bbox 79 3541 933 5156">
     <span class='ocr_line' id='line_1_46' title="bbox 103 3541 929 3614; baseline 0 -18"><span class='ocrx_word' id='word_1_320' title='bbox 103 3542 161 3598; x_wconf 91' lang='lat' dir='ltr'><strong>uod</strong></span> <span class='ocrx_word' id='word_1_321' title='bbox 175 3541 310 3597; x_wconf 90' lang='lat' dir='ltr'><strong>dicuntur</strong></span> <span class='ocrx_word' id='word_1_322' title='bbox 323 3558 357 3596; x_wconf 85' lang='lat' dir='ltr'><strong>ex</strong></span> <span class='ocrx_word' id='word_1_323' title='bbox 373 3560 402 3597; x_wconf 90' lang='lat' dir='ltr'><strong>se</strong></span> <span class='ocrx_word' id='word_1_324' title='bbox 416 3543 533 3606; x_wconf 88' lang='lat' dir='ltr'><strong>habent,</strong></span> <span class='ocrx_word' id='word_1_325' title='bbox 549 3559 642 3614; x_wconf 89' lang='lat' dir='ltr'><strong>neque</strong></span> <span class='ocrx_word' id='word_1_326' title='bbox 657 3543 776 3597; x_wconf 89' lang='lat' dir='ltr'><strong>alterius</strong></span> <span class='ocrx_word' id='word_1_327' title='bbox 790 3541 929 3612; x_wconf 88' lang='lat' dir='ltr'><strong>indigent.</strong></span> 
     </span>
     <span class='ocr_line' id='line_1_47' title="bbox 83 3558 933 3684; baseline 0 -17"><span class='ocrx_word' id='word_1_328' title='bbox 83 3558 151 3678; x_wconf 54' lang='lat' dir='ltr'><strong>guis</strong></span> <span class='ocrx_word' id='word_1_329' title='bbox 166 3614 243 3668; x_wconf 92' lang='lat' dir='ltr'><strong>euim</strong></span> <span class='ocrx_word' id='word_1_330' title='bbox 254 3613 362 3668; x_wconf 89' lang='lat' dir='ltr'><strong>malum</strong></span> <span class='ocrx_word' id='word_1_331' title='bbox 372 3613 440 3668; x_wconf 89' lang='lat' dir='ltr'><strong>boui</strong></span> <span class='ocrx_word' id='word_1_332' title='bbox 453 3612 566 3683; x_wconf 81' lang='lat' dir='ltr'><strong>dixerit,</strong></span> <span class='ocrx_word' id='word_1_333' title='bbox 582 3618 632 3667; x_wconf 92' lang='lat' dir='ltr'><strong>aut</strong></span> <span class='ocrx_word' id='word_1_334' title='bbox 645 3613 710 3684; x_wconf 93' lang='lat' dir='ltr'><strong>quis</strong></span> <span class='ocrx_word' id='word_1_335' title='bbox 722 3614 829 3668; x_wconf 92' lang='lat' dir='ltr'><strong>bonum</strong></span> <span class='ocrx_word' id='word_1_336' title='bbox 844 3611 933 3668; x_wconf 78' lang='lat' dir='ltr'><strong>mali?</strong></span> 
     </span>
     <span class='ocr_line' id='line_1_48' title="bbox 84 3684 933 3766; baseline -0.002 -28"><span class='ocrx_word' id='word_1_337' title='bbox 84 3686 204 3739; x_wconf 81' lang='grc'><strong>11111111</strong></span> <span class='ocrx_word' id='word_1_338' title='bbox 219 3700 287 3766; x_wconf 85' lang='lat' dir='ltr'><strong>ergo</strong></span> <span class='ocrx_word' id='word_1_339' title='bbox 302 3685 406 3751; x_wconf 89' lang='lat' dir='ltr'><strong>harum</strong></span> <span class='ocrx_word' id='word_1_340' title='bbox 426 3684 549 3738; x_wconf 88' lang='lat' dir='ltr'><strong>duarum</strong></span> <span class='ocrx_word' id='word_1_341' title='bbox 568 3684 737 3756; x_wconf 90' lang='lat' dir='ltr'><strong>specierum,</strong></span> <span class='ocrx_word' id='word_1_342' title='bbox 753 3700 818 3756; x_wconf 83' lang='lat' dir='ltr'><strong>quae</strong></span> <span class='ocrx_word' id='word_1_343' title='bbox 831 3699 865 3738; x_wconf 85' lang='lat' dir='ltr'><strong>ex</strong></span> <span class='ocrx_word' id='word_1_344' title='bbox 883 3699 933 3754; x_wconf 91' lang='lat' dir='ltr'><strong>op·</strong></span> 
     </span>
     <span class='ocr_line' id='line_1_49' title="bbox 82 3754 931 3826; baseline 0 -17"><span class='ocrx_word' id='word_1_345' title='bbox 82 3755 182 3826; x_wconf 86' lang='lat' dir='ltr'><strong>positis</strong></span> <span class='ocrx_word' id='word_1_346' title='bbox 196 3760 322 3822; x_wconf 84' lang='lat' dir='ltr'><strong>veniunt,</strong></span> <span class='ocrx_word' id='word_1_347' title='bbox 339 3754 509 3819; x_wconf 81' lang='lat' dir='ltr'><strong>dilucidact</strong></span> <span class='ocrx_word' id='word_1_348' title='bbox 522 3755 598 3809; x_wconf 88' lang='lat' dir='ltr'><strong>clara</strong></span> <span class='ocrx_word' id='word_1_349' title='bbox 618 3754 760 3809; x_wconf 79' lang='lat' dir='ltr'><strong>discretio,</strong></span> <span class='ocrx_word' id='word_1_350' title='bbox 784 3757 849 3825; x_wconf 88' lang='lat' dir='ltr'><strong>Ipsa</strong></span> <span class='ocrx_word' id='word_1_351' title='bbox 864 3770 931 3810; x_wconf 90' lang='lat' dir='ltr'><strong>vero</strong></span> 
     </span>
     <span class='ocr_line' id='line_1_50' title="bbox 83 3825 933 3899; baseline 0 -19"><span class='ocrx_word' id='word_1_352' title='bbox 83 3826 225 3881; x_wconf 88' lang='lat' dir='ltr'><strong>contraria</strong></span> <span class='ocrx_word' id='word_1_353' title='bbox 238 3827 268 3881; x_wconf 91' lang='grc'><strong>11</strong></span> <span class='ocrx_word' id='word_1_354' title='bbox 284 3832 342 3881; x_wconf 89' lang='lat' dir='ltr'><strong>tres</strong></span> <span class='ocrx_word' id='word_1_355' title='bbox 366 3826 474 3899; x_wconf 89' lang='lat' dir='ltr'><strong>species</strong></span> <span class='ocrx_word' id='word_1_356' title='bbox 494 3825 661 3881; x_wconf 90' lang='lat' dir='ltr'><strong>dividuntur</strong></span> <span class='ocrx_word' id='word_1_357' title='bbox 683 3842 690 3881; x_wconf 76' lang='grc' dir='ltr'>ε</span> <span class='ocrx_word' id='word_1_358' title='bbox 717 3830 768 3881; x_wconf 86' lang='grc'><strong>111</strong></span> <span class='ocrx_word' id='word_1_359' title='bbox 782 3825 858 3880; x_wconf 91' lang='lat' dir='ltr'><strong>enim</strong></span> <span class='ocrx_word' id='word_1_360' title='bbox 875 3841 933 3880; x_wconf 92' lang='lat' dir='ltr'><strong>me-</strong></span> 
     </span>
     <span class='ocr_line' id='line_1_51' title="bbox 83 3896 929 3980; baseline 0 -28"><span class='ocrx_word' id='word_1_361' title='bbox 83 3896 160 3952; x_wconf 87' lang='lat' dir='ltr'><strong>diata</strong></span> <span class='ocrx_word' id='word_1_362' title='bbox 177 3902 255 3966; x_wconf 91' lang='lat' dir='ltr'><strong>sunt,</strong></span> <span class='ocrx_word' id='word_1_363' title='bbox 275 3898 306 3952; x_wconf 92' lang='lat' dir='ltr'><strong>id</strong></span> <span class='ocrx_word' id='word_1_364' title='bbox 326 3898 502 3966; x_wconf 84' lang='lat' dir='ltr'><strong>cst,l1abent</strong></span> <span class='ocrx_word' id='word_1_365' title='bbox 523 3896 633 3980; x_wconf 84' lang='lat' dir='ltr'><strong>aliquid</strong></span> <span class='ocrx_word' id='word_1_366' title='bbox 650 3897 726 3951; x_wconf 87' lang='lat' dir='ltr'><strong>inter</strong></span> <span class='ocrx_word' id='word_1_367' title='bbox 740 3912 770 3951; x_wconf 92' lang='lat' dir='ltr'><strong>se</strong></span> <span class='ocrx_word' id='word_1_368' title='bbox 784 3896 929 3965; x_wconf 83' lang='lat' dir='ltr'><strong>medium3</strong></span> 
     </span>
     <span class='ocr_line' id='line_1_52' title="bbox 82 3967 930 4042; baseline -0.001 -19"><span class='ocrx_word' id='word_1_369' title='bbox 82 3973 132 4023; x_wconf 91' lang='lat' dir='ltr'><strong>aut</strong></span> <span class='ocrx_word' id='word_1_370' title='bbox 145 3970 207 4024; x_wconf 91' lang='lat' dir='ltr'><strong>siue</strong></span> <span class='ocrx_word' id='word_1_371' title='bbox 231 3968 341 4035; x_wconf 77' lang='lat' dir='ltr'><strong>medi03</strong></span> <span class='ocrx_word' id='word_1_372' title='bbox 364 3975 414 4024; x_wconf 89' lang='lat' dir='ltr'><strong>aut</strong></span> <span class='ocrx_word' id='word_1_373' title='bbox 436 3974 468 4023; x_wconf 93' lang='lat' dir='ltr'><strong>ut</strong></span> <span class='ocrx_word' id='word_1_374' title='bbox 482 3968 511 4023; x_wconf 96' lang='lat' dir='ltr'><strong>in</strong></span> <span class='ocrx_word' id='word_1_375' title='bbox 531 3968 704 4042; x_wconf 85' lang='lat' dir='ltr'><strong>quibusdam</strong></span> <span class='ocrx_word' id='word_1_376' title='bbox 727 3967 834 4039; x_wconf 89' lang='lat' dir='ltr'><strong>reperit</strong></span> <span class='ocrx_word' id='word_1_377' title='bbox 848 3968 930 4036; x_wconf 89' lang='lat' dir='ltr'><strong>ratio,</strong></span> 
     </span>
     <span class='ocr_line' id='line_1_53' title="bbox 81 4038 931 4121; baseline -0.001 -27"><span class='ocrx_word' id='word_1_378' title='bbox 81 4039 189 4094; x_wconf 88' lang='lat' dir='ltr'><strong>habent</strong></span> <span class='ocrx_word' id='word_1_379' title='bbox 203 4038 320 4121; x_wconf 89' lang='lat' dir='ltr'><strong>quidem</strong></span> <span class='ocrx_word' id='word_1_380' title='bbox 331 4040 471 4106; x_wconf 89' lang='lat' dir='ltr'><strong>medium,</strong></span> <span class='ocrx_word' id='word_1_381' title='bbox 485 4040 534 4094; x_wconf 91' lang='lat' dir='ltr'><strong>scd</strong></span> <span class='ocrx_word' id='word_1_382' title='bbox 547 4040 609 4111; x_wconf 85' lang='lat' dir='ltr'><strong>ejus</strong></span> <span class='ocrx_word' id='word_1_383' title='bbox 623 4039 792 4094; x_wconf 81' lang='lat' dir='ltr'><strong>vocabulum</strong></span> <span class='ocrx_word' id='word_1_384' title='bbox 807 4055 866 4094; x_wconf 94' lang='lat' dir='ltr'><strong>non</strong></span> <span class='ocrx_word' id='word_1_385' title='bbox 878 4055 931 4109; x_wconf 86' lang='lat' dir='ltr'><strong>ap·</strong></span> 
     </span>
     <span class='ocr_line' id='line_1_54' title="bbox 81 4109 933 4181; baseline 0.002 -17"><span class='ocrx_word' id='word_1_386' title='bbox 81 4115 173 4181; x_wconf 89' lang='lat' dir='ltr'><strong>paret,</strong></span> <span class='ocrx_word' id='word_1_387' title='bbox 186 4110 243 4163; x_wconf 91' lang='lat' dir='ltr'><strong>n1si</strong></span> <span class='ocrx_word' id='word_1_388' title='bbox 258 4110 349 4163; x_wconf 88' lang='lat' dir='ltr'><strong>utrius</strong></span> <span class='ocrx_word' id='word_1_389' title='bbox 371 4127 406 4165; x_wconf 94' lang='lat' dir='ltr'><strong>ue</strong></span> <span class='ocrx_word' id='word_1_390' title='bbox 419 4109 544 4181; x_wconf 90' lang='lat' dir='ltr'><strong>oppositi</strong></span> <span class='ocrx_word' id='word_1_391' title='bbox 556 4110 709 4181; x_wconf 78' lang='lat' dir='ltr'><strong>negatione</strong></span> <span class='ocrx_word' id='word_1_392' title='bbox 725 4109 870 4165; x_wconf 88' lang='lat' dir='ltr'><strong>consistat.</strong></span> <span class='ocrx_word' id='word_1_393' title='bbox 878 4111 933 4166; x_wconf 84' lang='grc'><strong>111-</strong></span> 
     </span>
     <span class='ocr_line' id='line_1_55' title="bbox 82 4127 932 4252; baseline 0 -16"><span class='ocrx_word' id='word_1_394' title='bbox 82 4181 159 4237; x_wconf 87' lang='lat' dir='ltr'><strong>diata</strong></span> <span class='ocrx_word' id='word_1_395' title='bbox 186 4196 254 4252; x_wconf 89' lang='lat' dir='ltr'><strong>ergo</strong></span> <span class='ocrx_word' id='word_1_396' title='bbox 279 4127 429 4249; x_wconf 75' lang='lat' dir='ltr'><strong>suntirmc,</strong></span> <span class='ocrx_word' id='word_1_397' title='bbox 452 4181 550 4235; x_wconf 90' lang='lat' dir='ltr'><strong>album</strong></span> <span class='ocrx_word' id='word_1_398' title='bbox 574 4185 603 4235; x_wconf 91' lang='lat' dir='ltr'><strong>et</strong></span> <span class='ocrx_word' id='word_1_399' title='bbox 625 4181 752 4252; x_wconf 86' lang='lat' dir='ltr'><strong>nigrum,</strong></span> <span class='ocrx_word' id='word_1_400' title='bbox 768 4180 844 4235; x_wconf 91' lang='lat' dir='ltr'><strong>iuter</strong></span> <span class='ocrx_word' id='word_1_401' title='bbox 866 4196 932 4251; x_wconf 79' lang='lat' dir='ltr'><strong>que</strong></span> 
     </span>
     <span class='ocr_line' id='line_1_56' title="bbox 83 4250 932 4324; baseline 0 -18"><span class='ocrx_word' id='word_1_402' title='bbox 83 4252 198 4324; x_wconf 92' lang='lat' dir='ltr'><strong>quando</strong></span> <span class='ocrx_word' id='word_1_403' title='bbox 210 4250 288 4307; x_wconf 92' lang='lat' dir='ltr'><strong>nasci</strong></span> <span class='ocrx_word' id='word_1_404' title='bbox 298 4256 391 4321; x_wconf 90' lang='lat' dir='ltr'><strong>potest</strong></span> <span class='ocrx_word' id='word_1_405' title='bbox 401 4251 541 4321; x_wconf 89' lang='lat' dir='ltr'><strong>pallidum</strong></span> <span class='ocrx_word' id='word_1_406' title='bbox 555 4251 599 4305; x_wconf 93' lang='lat' dir='ltr'><strong>vel</strong></span> <span class='ocrx_word' id='word_1_407' title='bbox 613 4251 861 4317; x_wconf 88' lang='lat' dir='ltr'><strong>luscum,mediata</strong></span> <span class='ocrx_word' id='word_1_408' title='bbox 871 4251 932 4307; x_wconf 78' lang='grc'><strong>11111</strong></span> 
     </span>
     <span class='ocr_line' id='line_1_57' title="bbox 83 4321 931 4395; baseline -0.001 -17"><span class='ocrx_word' id='word_1_409' title='bbox 83 4323 214 4395; x_wconf 88' lang='lat' dir='ltr'><strong>opposita</strong></span> <span class='ocrx_word' id='word_1_410' title='bbox 224 4323 366 4377; x_wconf 90' lang='lat' dir='ltr'><strong>dicuntur.</strong></span> <span class='ocrx_word' id='word_1_411' title='bbox 379 4321 447 4385; x_wconf 78' lang='grc'><strong>0111</strong></span> <span class='ocrx_word' id='word_1_412' title='bbox 461 4337 527 4376; x_wconf 90' lang='lat' dir='ltr'><strong>vero</strong></span> <span class='ocrx_word' id='word_1_413' title='bbox 540 4321 666 4376; x_wconf 87' lang='lat' dir='ltr'><strong>mediata</strong></span> <span class='ocrx_word' id='word_1_414' title='bbox 675 4328 931 4392; x_wconf 88' lang='lat' dir='ltr'><strong>suut,nonnecesse</strong></span> 
     </span>
     <span class='ocr_line' id='line_1_58' title="bbox 83 4391 932 4465; baseline -0.002 -16"><span class='ocrx_word' id='word_1_415' title='bbox 83 4400 125 4449; x_wconf 90' lang='lat' dir='ltr'><strong>est</strong></span> <span class='ocrx_word' id='word_1_416' title='bbox 140 4411 230 4449; x_wconf 92' lang='lat' dir='ltr'><strong>nuum</strong></span> <span class='ocrx_word' id='word_1_417' title='bbox 245 4395 280 4448; x_wconf 90' lang='grc'><strong>11</strong></span> <span class='ocrx_word' id='word_1_418' title='bbox 295 4393 406 4448; x_wconf 91' lang='lat' dir='ltr'><strong>duobus</strong></span> <span class='ocrx_word' id='word_1_419' title='bbox 420 4391 558 4462; x_wconf 88' lang='lat' dir='ltr'><strong>oppositis</strong></span> <span class='ocrx_word' id='word_1_420' title='bbox 571 4392 602 4447; x_wconf 93' lang='lat' dir='ltr'><strong>in</strong></span> <span class='ocrx_word' id='word_1_421' title='bbox 616 4408 663 4446; x_wconf 84' lang='lat' dir='ltr'><strong>cor</strong></span> <span class='ocrx_word' id='word_1_422' title='bbox 685 4410 734 4448; x_wconf 89' lang='lat' dir='ltr'><strong>ore</strong></span> <span class='ocrx_word' id='word_1_423' title='bbox 748 4394 869 4465; x_wconf 85' lang='lat' dir='ltr'><strong>reperiri</strong></span> <span class='ocrx_word' id='word_1_424' title='bbox 885 4410 891 4448; x_wconf 92' lang='lat'><strong>:</strong></span> <span class='ocrx_word' id='word_1_425' title='bbox 908 4393 932 4448; x_wconf 93' lang='lat' dir='ltr'><strong>si</strong></span> 
     </span>
     <span class='ocr_line' id='line_1_59' title="bbox 83 4409 933 4533; baseline 0.001 -15"><span class='ocrx_word' id='word_1_426' title='bbox 83 4465 161 4520; x_wconf 90' lang='lat' dir='ltr'><strong>enim</strong></span> <span class='ocrx_word' id='word_1_427' title='bbox 176 4466 204 4519; x_wconf 93' lang='lat' dir='ltr'><strong>ni</strong></span> <span class='ocrx_word' id='word_1_428' title='bbox 228 4482 291 4519; x_wconf 88' lang='lat' dir='ltr'><strong>rum</strong></span> <span class='ocrx_word' id='word_1_429' title='bbox 305 4464 468 4529; x_wconf 87' lang='lat' dir='ltr'><strong>nonfuerit,</strong></span> <span class='ocrx_word' id='word_1_430' title='bbox 480 4466 646 4533; x_wconf 88' lang='lat' dir='ltr'><strong>potestesse</strong></span> <span class='ocrx_word' id='word_1_431' title='bbox 659 4409 769 4519; x_wconf 78' lang='lat' dir='ltr'><strong>iirseum</strong></span> <span class='ocrx_word' id='word_1_432' title='bbox 779 4482 786 4530; x_wconf 72' lang='grc' dir='ltr'><strong>ς</strong></span> <span class='ocrx_word' id='word_1_433' title='bbox 798 4469 848 4519; x_wconf 90' lang='lat' dir='ltr'><strong>aut</strong></span> <span class='ocrx_word' id='word_1_434' title='bbox 857 4464 881 4519; x_wconf 89' lang='lat' dir='ltr'><strong>si</strong></span> <span class='ocrx_word' id='word_1_435' title='bbox 894 4465 933 4519; x_wconf 86' lang='lat' dir='ltr'><strong>al·</strong></span> 
     </span>
     <span class='ocr_line' id='line_1_60' title="bbox 82 4482 931 4606; baseline 0.001 -17"><span class='ocrx_word' id='word_1_436' title='bbox 82 4535 153 4590; x_wconf 90' lang='lat' dir='ltr'><strong>bum</strong></span> <span class='ocrx_word' id='word_1_437' title='bbox 172 4482 303 4603; x_wconf 64' lang='lat' dir='ltr'><strong>deiuerit,</strong></span> <span class='ocrx_word' id='word_1_438' title='bbox 328 4535 468 4606; x_wconf 91' lang='lat' dir='ltr'><strong>pallidum</strong></span> <span class='ocrx_word' id='word_1_439' title='bbox 488 4532 594 4605; x_wconf 84' lang='lat' dir='ltr'><strong>poterit</strong></span> <span class='ocrx_word' id='word_1_440' title='bbox 607 4533 740 4589; x_wconf 90' lang='lat' dir='ltr'><strong>inveniri.</strong></span> <span class='ocrx_word' id='word_1_441' title='bbox 765 4539 931 4591; x_wconf 72' lang='lat' dir='ltr'><strong>arvernen</strong></span> 
     </span>
     <span class='ocr_line' id='line_1_61' title="bbox 83 4604 932 4687; baseline 0 -27"><span class='ocrx_word' id='word_1_442' title='bbox 83 4605 128 4660; x_wconf 85' lang='lat' dir='ltr'><strong>his</strong></span> <span class='ocrx_word' id='word_1_443' title='bbox 151 4607 291 4687; x_wconf 88' lang='lat' dir='ltr'><strong>oppositis</strong></span> <span class='ocrx_word' id='word_1_444' title='bbox 310 4622 374 4678; x_wconf 83' lang='lat' dir='ltr'><strong>quae</strong></span> <span class='ocrx_word' id='word_1_445' title='bbox 400 4604 524 4660; x_wconf 89' lang='lat' dir='ltr'><strong>mediata</strong></span> <span class='ocrx_word' id='word_1_446' title='bbox 538 4620 595 4659; x_wconf 92' lang='lat' dir='ltr'><strong>non</strong></span> <span class='ocrx_word' id='word_1_447' title='bbox 620 4609 696 4672; x_wconf 89' lang='lat' dir='ltr'><strong>sunt,</strong></span> <span class='ocrx_word' id='word_1_448' title='bbox 713 4621 802 4659; x_wconf 93' lang='lat' dir='ltr'><strong>unum</strong></span> <span class='ocrx_word' id='word_1_449' title='bbox 818 4622 932 4661; x_wconf 88' lang='lat' dir='ltr'><strong>necesse</strong></span> 
     </span>
     <span class='ocr_line' id='line_1_62' title="bbox 84 4675 932 4747; baseline 0.002 -19"><span class='ocrx_word' id='word_1_450' title='bbox 84 4680 126 4729; x_wconf 90' lang='lat' dir='ltr'><strong>est</strong></span> <span class='ocrx_word' id='word_1_451' title='bbox 141 4679 268 4733; x_wconf 82' lang='lat' dir='ltr'><strong>accidere</strong></span> <span class='ocrx_word' id='word_1_452' title='bbox 282 4676 318 4731; x_wconf 90' lang='lat' dir='ltr'><strong>de</strong></span> <span class='ocrx_word' id='word_1_453' title='bbox 333 4676 454 4743; x_wconf 90' lang='lat' dir='ltr'><strong>duobus,</strong></span> <span class='ocrx_word' id='word_1_454' title='bbox 471 4680 503 4730; x_wconf 91' lang='lat' dir='ltr'><strong>ut</strong></span> <span class='ocrx_word' id='word_1_455' title='bbox 515 4680 557 4731; x_wconf 89' lang='lat' dir='ltr'><strong>est</strong></span> <span class='ocrx_word' id='word_1_456' title='bbox 571 4675 647 4730; x_wconf 92' lang='lat' dir='ltr'><strong>salus</strong></span> <span class='ocrx_word' id='word_1_457' title='bbox 663 4680 691 4730; x_wconf 91' lang='lat' dir='ltr'><strong>et</strong></span> <span class='ocrx_word' id='word_1_458' title='bbox 705 4676 854 4747; x_wconf 81' lang='lat' dir='ltr'><strong>aegritudo.</strong></span> <span class='ocrx_word' id='word_1_459' title='bbox 872 4678 932 4731; x_wconf 89' lang='lat' dir='ltr'><strong>llo·</strong></span> 
     </span>
     <span class='ocr_line' id='line_1_63' title="bbox 83 4747 933 4819; baseline 0.002 -19"><span class='ocrx_word' id='word_1_460' title='bbox 83 4762 149 4801; x_wconf 90' lang='lat' dir='ltr'><strong>rum</strong></span> <span class='ocrx_word' id='word_1_461' title='bbox 160 4749 286 4802; x_wconf 93' lang='lat' dir='ltr'><strong>medium</strong></span> <span class='ocrx_word' id='word_1_462' title='bbox 303 4748 374 4803; x_wconf 90' lang='lat' dir='ltr'><strong>nibil</strong></span> <span class='ocrx_word' id='word_1_463' title='bbox 390 4752 432 4802; x_wconf 90' lang='lat' dir='ltr'><strong>est</strong></span> <span class='ocrx_word' id='word_1_464' title='bbox 444 4752 596 4819; x_wconf 88' lang='lat' dir='ltr'><strong>propterea</strong></span> <span class='ocrx_word' id='word_1_465' title='bbox 605 4747 680 4818; x_wconf 95' lang='lat' dir='ltr'><strong>quod</strong></span> <span class='ocrx_word' id='word_1_466' title='bbox 693 4754 743 4801; x_wconf 89' lang='lat' dir='ltr'><strong>aut</strong></span> <span class='ocrx_word' id='word_1_467' title='bbox 753 4748 873 4802; x_wconf 85' lang='lat' dir='ltr'><strong>salutem</strong></span> <span class='ocrx_word' id='word_1_468' title='bbox 885 4763 933 4802; x_wconf 85' lang='lat' dir='ltr'><strong>ne·</strong></span> 
     </span>
     <span class='ocr_line' id='line_1_64' title="bbox 83 4818 930 4890; baseline 0.002 -19"><span class='ocrx_word' id='word_1_469' title='bbox 83 4820 160 4871; x_wconf 79' lang='lat' dir='ltr'><strong>cessa</strong></span> <span class='ocrx_word' id='word_1_470' title='bbox 175 4824 228 4887; x_wconf 90' lang='lat' dir='ltr'><strong>est,</strong></span> <span class='ocrx_word' id='word_1_471' title='bbox 244 4823 292 4874; x_wconf 89' lang='lat' dir='ltr'><strong>aut</strong></span> <span class='ocrx_word' id='word_1_472' title='bbox 306 4819 507 4890; x_wconf 74' lang='lat' dir='ltr'><strong>egritudinem</strong></span> <span class='ocrx_word' id='word_1_473' title='bbox 522 4818 648 4872; x_wconf 87' lang='lat' dir='ltr'><strong>humana</strong></span> <span class='ocrx_word' id='word_1_474' title='bbox 662 4833 783 4889; x_wconf 88' lang='lat' dir='ltr'><strong>corpora</strong></span> <span class='ocrx_word' id='word_1_475' title='bbox 797 4818 930 4885; x_wconf 70' lang='lat' dir='ltr'><strong>retinere.</strong></span> 
     </span>
     <span class='ocr_line' id='line_1_65' title="bbox 81 4887 930 4961; baseline 0.001 -18"><span class='ocrx_word' id='word_1_476' title='bbox 81 4889 179 4943; x_wconf 76' lang='lat' dir='ltr'><strong>Atilia</strong></span> <span class='ocrx_word' id='word_1_477' title='bbox 193 4890 297 4960; x_wconf 88' lang='lat' dir='ltr'><strong>quibus</strong></span> <span class='ocrx_word' id='word_1_478' title='bbox 312 4896 355 4944; x_wconf 89' lang='lat' dir='ltr'><strong>est</strong></span> <span class='ocrx_word' id='word_1_479' title='bbox 368 4890 485 4961; x_wconf 93' lang='lat' dir='ltr'><strong>quidem</strong></span> <span class='ocrx_word' id='word_1_480' title='bbox 502 4887 640 4953; x_wconf 90' lang='lat' dir='ltr'><strong>medium,</strong></span> <span class='ocrx_word' id='word_1_481' title='bbox 650 4888 700 4943; x_wconf 91' lang='lat' dir='ltr'><strong>sed</strong></span> <span class='ocrx_word' id='word_1_482' title='bbox 711 4893 788 4943; x_wconf 90' lang='lat' dir='ltr'><strong>caret</strong></span> <span class='ocrx_word' id='word_1_483' title='bbox 802 4889 930 4956; x_wconf 92' lang='lat' dir='ltr'><strong>nomine,</strong></span> 
     </span>
     <span class='ocr_line' id='line_1_66' title="bbox 82 4958 930 5031; baseline 0.004 -19"><span class='ocrx_word' id='word_1_484' title='bbox 82 4958 139 5013; x_wconf 90' lang='lat' dir='ltr'><strong>nisi</strong></span> <span class='ocrx_word' id='word_1_485' title='bbox 152 4959 219 5015; x_wconf 87' lang='grc'><strong>11111</strong></span> <span class='ocrx_word' id='word_1_486' title='bbox 234 4961 433 5031; x_wconf 90' lang='lat' dir='ltr'><strong>oppositorum</strong></span> <span class='ocrx_word' id='word_1_487' title='bbox 449 4960 602 5030; x_wconf 86' lang='lat' dir='ltr'><strong>negatione</strong></span> <span class='ocrx_word' id='word_1_488' title='bbox 615 4960 765 5028; x_wconf 82' lang='lat' dir='ltr'><strong>formetur,</strong></span> <span class='ocrx_word' id='word_1_489' title='bbox 777 4965 845 5015; x_wconf 92' lang='lat' dir='ltr'><strong>suut</strong></span> <span class='ocrx_word' id='word_1_490' title='bbox 859 4960 930 5027; x_wconf 85' lang='grc'><strong>11111,</strong></span> 
     </span>
     <span class='ocr_line' id='line_1_67' title="bbox 79 5028 931 5156; baseline 0.001 -72"><span class='ocrx_word' id='word_1_491' title='bbox 79 5030 175 5156; x_wconf 55' lang='lat' dir='ltr'><strong>iusum</strong></span> <span class='ocrx_word' id='word_1_492' title='bbox 188 5034 216 5085; x_wconf 90' lang='lat' dir='ltr'><strong>et</strong></span> <span class='ocrx_word' id='word_1_493' title='bbox 227 5030 351 5102; x_wconf 87' lang='lat' dir='ltr'><strong>injustus</strong></span> <span class='ocrx_word' id='word_1_494' title='bbox 367 5048 374 5087; x_wconf 77' lang='grc' dir='ltr'>ε</span> <span class='ocrx_word' id='word_1_495' title='bbox 391 5036 433 5086; x_wconf 89' lang='lat' dir='ltr'><strong>est</strong></span> <span class='ocrx_word' id='word_1_496' title='bbox 454 5030 563 5102; x_wconf 89' lang='lat' dir='ltr'><strong>aliquid</strong></span> <span class='ocrx_word' id='word_1_497' title='bbox 577 5028 608 5082; x_wconf 93' lang='grc'><strong>11</strong></span> <span class='ocrx_word' id='word_1_498' title='bbox 623 5031 727 5098; x_wconf 93' lang='lat' dir='ltr'><strong>medio,</strong></span> <span class='ocrx_word' id='word_1_499' title='bbox 742 5028 792 5085; x_wconf 87' lang='lat' dir='ltr'><strong>sed</strong></span> <span class='ocrx_word' id='word_1_500' title='bbox 806 5046 865 5084; x_wconf 92' lang='lat' dir='ltr'><strong>non</strong></span> <span class='ocrx_word' id='word_1_501' title='bbox 879 5031 931 5085; x_wconf 86' lang='grc'><strong>111·</strong></span> 
     </span>
    </p>

    <p class='ocr_par' dir='ltr' id='par_1_8' title="bbox 81 5101 933 5816">
     <span class='ocr_line' id='line_1_68' title="bbox 102 5101 931 5173; baseline 0.002 -18"><span class='ocrx_word' id='word_1_502' title='bbox 102 5106 131 5155; x_wconf 89' lang='grc'><strong>11</strong></span> <span class='ocrx_word' id='word_1_503' title='bbox 145 5117 268 5167; x_wconf 84' lang='grc'><strong>111111;</strong></span> <span class='ocrx_word' id='word_1_504' title='bbox 284 5106 370 5173; x_wconf 91' lang='lat' dir='ltr'><strong>atque</strong></span> <span class='ocrx_word' id='word_1_505' title='bbox 388 5101 453 5156; x_wconf 91' lang='lat' dir='ltr'><strong>ideo</strong></span> <span class='ocrx_word' id='word_1_506' title='bbox 472 5101 622 5171; x_wconf 89' lang='lat' dir='ltr'><strong>utriusque</strong></span> <span class='ocrx_word' id='word_1_507' title='bbox 636 5101 761 5172; x_wconf 92' lang='lat' dir='ltr'><strong>oppositi</strong></span> <span class='ocrx_word' id='word_1_508' title='bbox 776 5101 891 5172; x_wconf 89' lang='lat' dir='ltr'><strong>negatio</strong></span> <span class='ocrx_word' id='word_1_509' title='bbox 904 5102 931 5157; x_wconf 90' lang='lat' dir='ltr'><strong>ei</strong></span> 
     </span>
     <span class='ocr_line' id='line_1_69' title="bbox 82 5171 930 5243; baseline 0.001 -16"><span class='ocrx_word' id='word_1_510' title='bbox 82 5173 252 5227; x_wconf 89' lang='lat' dir='ltr'><strong>vocabulum</strong></span> <span class='ocrx_word' id='word_1_511' title='bbox 276 5177 363 5240; x_wconf 88' lang='lat' dir='ltr'><strong>creat,</strong></span> <span class='ocrx_word' id='word_1_512' title='bbox 383 5177 415 5227; x_wconf 90' lang='lat' dir='ltr'><strong>ut</strong></span> <span class='ocrx_word' id='word_1_513' title='bbox 430 5188 481 5227; x_wconf 90' lang='lat' dir='ltr'><strong>nec</strong></span> <span class='ocrx_word' id='word_1_514' title='bbox 493 5173 613 5243; x_wconf 89' lang='lat' dir='ltr'><strong>justum,</strong></span> <span class='ocrx_word' id='word_1_515' title='bbox 630 5187 682 5226; x_wconf 90' lang='lat' dir='ltr'><strong>nec</strong></span> <span class='ocrx_word' id='word_1_516' title='bbox 696 5172 836 5242; x_wconf 89' lang='lat' dir='ltr'><strong>injustum</strong></span> <span class='ocrx_word' id='word_1_517' title='bbox 850 5171 930 5228; x_wconf 88' lang='lat' dir='ltr'><strong>dica·</strong></span> 
     </span>
     <span class='ocr_line' id='line_1_70' title="bbox 82 5242 931 5316; baseline 0.004 -19"><span class='ocrx_word' id='word_1_518' title='bbox 82 5260 145 5298; x_wconf 90' lang='lat' dir='ltr'><strong>mus</strong></span> <span class='ocrx_word' id='word_1_519' title='bbox 161 5243 200 5306; x_wconf 91' lang='lat' dir='ltr'><strong>id,</strong></span> <span class='ocrx_word' id='word_1_520' title='bbox 215 5242 292 5315; x_wconf 87' lang='lat' dir='ltr'><strong>quod</strong></span> <span class='ocrx_word' id='word_1_521' title='bbox 308 5247 350 5297; x_wconf 91' lang='lat' dir='ltr'><strong>est</strong></span> <span class='ocrx_word' id='word_1_522' title='bbox 366 5243 500 5299; x_wconf 87' lang='lat' dir='ltr'><strong>medium.</strong></span> <span class='ocrx_word' id='word_1_523' title='bbox 511 5244 592 5297; x_wconf 86' lang='lat' dir='ltr'><strong>Nunc</strong></span> <span class='ocrx_word' id='word_1_524' title='bbox 606 5259 640 5297; x_wconf 92' lang='lat' dir='ltr'><strong>ea</strong></span> <span class='ocrx_word' id='word_1_525' title='bbox 654 5243 785 5313; x_wconf 91' lang='lat' dir='ltr'><strong>opposita</strong></span> <span class='ocrx_word' id='word_1_526' title='bbox 800 5260 864 5315; x_wconf 81' lang='lat' dir='ltr'><strong>quoe</strong></span> <span class='ocrx_word' id='word_1_527' title='bbox 880 5260 931 5316; x_wconf 88' lang='lat' dir='ltr'><strong>per</strong></span> 
     </span>
     <span class='ocr_line' id='line_1_71' title="bbox 82 5313 930 5386; baseline 0.002 -17"><span class='ocrx_word' id='word_1_528' title='bbox 82 5314 214 5373; x_wconf 88' lang='lat' dir='ltr'><strong>habitum</strong></span> <span class='ocrx_word' id='word_1_529' title='bbox 236 5313 486 5386; x_wconf 88' lang='lat' dir='ltr'><strong>privationemque</strong></span> <span class='ocrx_word' id='word_1_530' title='bbox 505 5313 587 5375; x_wconf 89' lang='lat' dir='ltr'><strong>liunt,</strong></span> <span class='ocrx_word' id='word_1_531' title='bbox 611 5313 776 5384; x_wconf 87' lang='lat' dir='ltr'><strong>diligentius</strong></span> <span class='ocrx_word' id='word_1_532' title='bbox 795 5320 930 5371; x_wconf 89' lang='lat' dir='ltr'><strong>retracte-</strong></span> 
     </span>
     <span class='ocr_line' id='line_1_72' title="bbox 81 5384 932 5456; baseline 0.002 -16"><span class='ocrx_word' id='word_1_533' title='bbox 81 5402 146 5440; x_wconf 89' lang='lat' dir='ltr'><strong>mus</strong></span> <span class='ocrx_word' id='word_1_534' title='bbox 162 5402 169 5440; x_wconf 74' lang='grc' dir='ltr'><strong><em>ε</em></strong></span> <span class='ocrx_word' id='word_1_535' title='bbox 185 5385 216 5440; x_wconf 92' lang='grc'><strong>11</strong></span> <span class='ocrx_word' id='word_1_536' title='bbox 230 5385 275 5440; x_wconf 82' lang='lat' dir='ltr'><strong>liis</strong></span> <span class='ocrx_word' id='word_1_537' title='bbox 290 5400 416 5456; x_wconf 91' lang='lat' dir='ltr'><strong>namque</strong></span> <span class='ocrx_word' id='word_1_538' title='bbox 436 5384 577 5441; x_wconf 88' lang='lat' dir='ltr'><strong>observari</strong></span> <span class='ocrx_word' id='word_1_539' title='bbox 600 5391 723 5455; x_wconf 90' lang='lat' dir='ltr'><strong>oportet,</strong></span> <span class='ocrx_word' id='word_1_540' title='bbox 740 5388 770 5439; x_wconf 92' lang='lat' dir='ltr'><strong>nt</strong></span> <span class='ocrx_word' id='word_1_541' title='bbox 783 5385 841 5441; x_wconf 87' lang='lat' dir='ltr'><strong>sint</strong></span> <span class='ocrx_word' id='word_1_542' title='bbox 856 5391 932 5442; x_wconf 88' lang='lat' dir='ltr'><strong>utra·</strong></span> 
     </span>
     <span class='ocr_line' id='line_1_73' title="bbox 82 5455 932 5529; baseline 0.005 -19"><span class='ocrx_word' id='word_1_543' title='bbox 82 5473 138 5529; x_wconf 89' lang='lat' dir='ltr'><strong>que</strong></span> <span class='ocrx_word' id='word_1_544' title='bbox 152 5455 182 5510; x_wconf 93' lang='lat' dir='ltr'><strong>in</strong></span> <span class='ocrx_word' id='word_1_545' title='bbox 196 5457 299 5512; x_wconf 91' lang='lat' dir='ltr'><strong>eodem</strong></span> <span class='ocrx_word' id='word_1_546' title='bbox 315 5456 442 5527; x_wconf 91' lang='lat' dir='ltr'><strong>negotio,</strong></span> <span class='ocrx_word' id='word_1_547' title='bbox 467 5456 498 5511; x_wconf 94' lang='lat' dir='ltr'><strong>in</strong></span> <span class='ocrx_word' id='word_1_548' title='bbox 520 5455 621 5511; x_wconf 85' lang='lat' dir='ltr'><strong>eodem</strong></span> <span class='ocrx_word' id='word_1_549' title='bbox 636 5456 708 5525; x_wconf 89' lang='lat' dir='ltr'><strong>loco,</strong></span> <span class='ocrx_word' id='word_1_550' title='bbox 723 5455 753 5511; x_wconf 94' lang='lat' dir='ltr'><strong>in</strong></span> <span class='ocrx_word' id='word_1_551' title='bbox 768 5461 932 5528; x_wconf 90' lang='lat' dir='ltr'><strong>opportuno</strong></span> 
     </span>
     <span class='ocr_line' id='line_1_74' title="bbox 82 5527 929 5609; baseline 0.002 -27"><span class='ocrx_word' id='word_1_552' title='bbox 82 5532 221 5609; x_wconf 89' lang='lat' dir='ltr'><strong>tempore.</strong></span> <span class='ocrx_word' id='word_1_553' title='bbox 250 5529 282 5583; x_wconf 93' lang='lat' dir='ltr'><strong>ln</strong></span> <span class='ocrx_word' id='word_1_554' title='bbox 309 5529 410 5583; x_wconf 89' lang='lat' dir='ltr'><strong>eodem</strong></span> <span class='ocrx_word' id='word_1_555' title='bbox 425 5527 540 5598; x_wconf 90' lang='lat' dir='ltr'><strong>negotio</strong></span> <span class='ocrx_word' id='word_1_556' title='bbox 563 5532 639 5595; x_wconf 90' lang='lat' dir='ltr'><strong>sunt,</strong></span> <span class='ocrx_word' id='word_1_557' title='bbox 654 5527 766 5582; x_wconf 80' lang='lat' dir='ltr'><strong>cecitas</strong></span> <span class='ocrx_word' id='word_1_558' title='bbox 787 5533 817 5585; x_wconf 88' lang='grc'><strong>11</strong></span> <span class='ocrx_word' id='word_1_559' title='bbox 842 5528 929 5600; x_wconf 84' lang='lat' dir='ltr'><strong>risio;</strong></span> 
     </span>
     <span class='ocr_line' id='line_1_75' title="bbox 83 5597 933 5666; baseline 0.005 -14"><span class='ocrx_word' id='word_1_560' title='bbox 83 5597 113 5652; x_wconf 91' lang='lat' dir='ltr'><strong>in</strong></span> <span class='ocrx_word' id='word_1_561' title='bbox 127 5599 432 5666; x_wconf 87' lang='lat' dir='ltr'><strong>v1dend0cnim,etin</strong></span> <span class='ocrx_word' id='word_1_562' title='bbox 448 5614 507 5654; x_wconf 89' lang='lat' dir='ltr'><strong>non</strong></span> <span class='ocrx_word' id='word_1_563' title='bbox 521 5597 644 5655; x_wconf 84' lang='lat' dir='ltr'><strong>videndo</strong></span> <span class='ocrx_word' id='word_1_564' title='bbox 659 5598 893 5656; x_wconf 81' lang='lat' dir='ltr'><strong>consistuntllaec</strong></span> <span class='ocrx_word' id='word_1_565' title='bbox 903 5605 933 5657; x_wconf 91' lang='lat' dir='ltr'><strong>et</strong></span> 
     </span>
     <span class='ocr_line' id='line_1_76' title="bbox 83 5668 932 5742; baseline 0.006 -20"><span class='ocrx_word' id='word_1_566' title='bbox 83 5668 113 5723; x_wconf 93' lang='lat' dir='ltr'><strong>in</strong></span> <span class='ocrx_word' id='word_1_567' title='bbox 128 5670 227 5726; x_wconf 90' lang='lat' dir='ltr'><strong>eodem</strong></span> <span class='ocrx_word' id='word_1_568' title='bbox 242 5673 304 5727; x_wconf 93' lang='lat' dir='ltr'><strong>loco</strong></span> <span class='ocrx_word' id='word_1_569' title='bbox 318 5675 400 5739; x_wconf 91' lang='lat' dir='ltr'><strong>sunt;</strong></span> <span class='ocrx_word' id='word_1_570' title='bbox 415 5670 473 5726; x_wconf 86' lang='grc'><strong>1111</strong></span> <span class='ocrx_word' id='word_1_571' title='bbox 495 5686 530 5725; x_wconf 90' lang='lat' dir='ltr'><strong>ue</strong></span> <span class='ocrx_word' id='word_1_572' title='bbox 543 5685 669 5742; x_wconf 87' lang='lat' dir='ltr'><strong>namque</strong></span> <span class='ocrx_word' id='word_1_573' title='bbox 679 5675 707 5726; x_wconf 93' lang='lat' dir='ltr'><strong>et</strong></span> <span class='ocrx_word' id='word_1_574' title='bbox 718 5669 837 5727; x_wconf 69' lang='lat' dir='ltr'><strong>caecitati</strong></span> <span class='ocrx_word' id='word_1_575' title='bbox 851 5675 880 5727; x_wconf 89' lang='lat' dir='ltr'><strong>et</strong></span> <span class='ocrx_word' id='word_1_576' title='bbox 893 5671 932 5726; x_wconf 85' lang='lat' dir='ltr'><strong>ri·</strong></span> 
     </span>
     <span class='ocr_line' id='line_1_77' title="bbox 84 5740 931 5816; baseline 0.005 -21"><span class='ocrx_word' id='word_1_577' title='bbox 84 5740 158 5796; x_wconf 91' lang='lat' dir='ltr'><strong>sioni</strong></span> <span class='ocrx_word' id='word_1_578' title='bbox 171 5741 202 5798; x_wconf 96' lang='grc'><strong>11</strong></span> <span class='ocrx_word' id='word_1_579' title='bbox 217 5743 307 5799; x_wconf 83' lang='grc'><strong>111111</strong></span> <span class='ocrx_word' id='word_1_580' title='bbox 321 5743 401 5799; x_wconf 91' lang='lat' dir='ltr'><strong>locus</strong></span> <span class='ocrx_word' id='word_1_581' title='bbox 415 5747 468 5799; x_wconf 87' lang='lat' dir='ltr'><strong>est.</strong></span> <span class='ocrx_word' id='word_1_582' title='bbox 510 5740 603 5800; x_wconf 81' lang='lat' dir='ltr'><strong>exime</strong></span> <span class='ocrx_word' id='word_1_583' title='bbox 619 5746 715 5801; x_wconf 91' lang='lat' dir='ltr'><strong>tumen</strong></span> <span class='ocrx_word' id='word_1_584' title='bbox 727 5741 759 5799; x_wconf 91' lang='lat' dir='ltr'><strong>iu</strong></span> <span class='ocrx_word' id='word_1_585' title='bbox 770 5742 816 5800; x_wconf 88' lang='lat' dir='ltr'><strong>bis</strong></span> <span class='ocrx_word' id='word_1_586' title='bbox 828 5759 931 5816; x_wconf 89' lang='lat' dir='ltr'><strong>oppor-</strong></span> 
     </span>
    </p>
   </div>
   <div class='ocr_carea' id='block_1_7' title="bbox 856 227 1057 286">
    <p class='ocr_par' dir='ltr' id='par_1_9' title="bbox 856 227 1057 286">
     <span class='ocr_line' id='line_1_78' title="bbox 856 227 1057 286; baseline -0.005 -1"><span class='ocrx_word' id='word_1_587' title='bbox 856 227 1057 286; x_wconf 80' lang='lat' dir='ltr'><strong>APPENDIX.</strong></span> 
     </span>
    </p>
   </div>
   <div class='ocr_carea' id='block_1_8' title="bbox 1763 230 1832 287">
    <p class='ocr_par' dir='ltr' id='par_1_10' title="bbox 1763 230 1832 287">
     <span class='ocr_line' id='line_1_79' title="bbox 1763 230 1832 287; baseline 0.014 -1"><span class='ocrx_word' id='word_1_588' title='bbox 1763 230 1832 287; x_wconf 80' lang='lat' dir='ltr'><strong>ttae</strong></span> 
     </span>
    </p>
   </div>
   <div class='ocr_carea' id='block_1_9' title="bbox 979 334 1900 5814">
    <p class='ocr_par' dir='ltr' id='par_1_11' title="bbox 979 334 1898 2125">
     <span class='ocr_line' id='line_1_80' title="bbox 979 334 1898 432; baseline 0.003 -27"><span class='ocrx_word' id='word_1_589' title='bbox 979 334 1086 406; x_wconf 82' lang='lat' dir='ltr'><strong>tiruitas</strong></span> <span class='ocrx_word' id='word_1_590' title='bbox 1108 351 1247 432; x_wconf 85' lang='lat' dir='ltr'><strong>temporis</strong></span> <span class='ocrx_word' id='word_1_591' title='bbox 1261 351 1401 422; x_wconf 78' lang='lat' dir='ltr'><strong>queritur</strong></span> <span class='ocrx_word' id='word_1_592' title='bbox 1417 368 1424 407; x_wconf 90' lang='lat'><strong>:</strong></span> <span class='ocrx_word' id='word_1_593' title='bbox 1441 366 1527 408; x_wconf 92' lang='lat' dir='ltr'><strong>nemo</strong></span> <span class='ocrx_word' id='word_1_594' title='bbox 1550 353 1628 408; x_wconf 93' lang='lat' dir='ltr'><strong>enim</strong></span> <span class='ocrx_word' id='word_1_595' title='bbox 1641 355 1718 409; x_wconf 90' lang='grc'><strong>11111</strong></span> <span class='ocrx_word' id='word_1_596' title='bbox 1733 354 1829 409; x_wconf 88' lang='lat' dir='ltr'><strong>calvus</strong></span> <span class='ocrx_word' id='word_1_597' title='bbox 1894 362 1898 369; x_wconf 87' lang='lat'>&#39;</span> 
     </span>
     <span class='ocr_line' id='line_1_81' title="bbox 980 422 1830 505; baseline 0.004 -28"><span class='ocrx_word' id='word_1_598' title='bbox 980 422 1094 490; x_wconf 90' lang='lat' dir='ltr'><strong>dicitur,</strong></span> <span class='ocrx_word' id='word_1_599' title='bbox 1119 422 1175 477; x_wconf 86' lang='lat' dir='ltr'><strong>nisi</strong></span> <span class='ocrx_word' id='word_1_600' title='bbox 1198 422 1228 477; x_wconf 94' lang='lat' dir='ltr'><strong>in</strong></span> <span class='ocrx_word' id='word_1_601' title='bbox 1244 438 1277 476; x_wconf 92' lang='grc' dir='ltr'><strong>1ο</strong></span> <span class='ocrx_word' id='word_1_602' title='bbox 1292 429 1431 494; x_wconf 87' lang='lat' dir='ltr'><strong>tempore,</strong></span> <span class='ocrx_word' id='word_1_603' title='bbox 1456 425 1644 505; x_wconf 89' lang='lat' dir='ltr'><strong>quocapillos</strong></span> <span class='ocrx_word' id='word_1_604' title='bbox 1659 424 1830 499; x_wconf 78' lang='grc'><strong>1111111111-</strong></span> 
     </span>
     <span class='ocr_line' id='line_1_82' title="bbox 979 490 1829 563; baseline 0.002 -16"><span class='ocrx_word' id='word_1_605' title='bbox 979 493 1085 563; x_wconf 89' lang='lat' dir='ltr'><strong>buerit,</strong></span> <span class='ocrx_word' id='word_1_606' title='bbox 1108 510 1163 548; x_wconf 92' lang='lat' dir='ltr'><strong>uon</strong></span> <span class='ocrx_word' id='word_1_607' title='bbox 1188 490 1304 549; x_wconf 83' lang='lat' dir='ltr'><strong>habebit</strong></span> <span class='ocrx_word' id='word_1_608' title='bbox 1328 510 1402 549; x_wconf 90' lang='lat' dir='ltr'><strong>:uec</strong></span> <span class='ocrx_word' id='word_1_609' title='bbox 1417 495 1478 549; x_wconf 93' lang='lat' dir='ltr'><strong>siue</strong></span> <span class='ocrx_word' id='word_1_610' title='bbox 1493 495 1638 556; x_wconf 80' lang='lat' dir='ltr'><strong>dentibus.</strong></span> <span class='ocrx_word' id='word_1_611' title='bbox 1674 512 1739 550; x_wconf 89' lang='lat' dir='ltr'><strong>uem</strong></span> <span class='ocrx_word' id='word_1_612' title='bbox 1752 502 1829 552; x_wconf 72' lang='grc' dir='ltr'>νωδὸν</span> 
     </span>
     <span class='ocr_line' id='line_1_83' title="bbox 980 511 1827 637; baseline 0.001 -17"><span class='ocrx_word' id='word_1_613' title='bbox 980 565 1070 620; x_wconf 81' lang='lat' dir='ltr'><strong>Graeci</strong></span> <span class='ocrx_word' id='word_1_614' title='bbox 1085 569 1196 630; x_wconf 88' lang='lat' dir='ltr'><strong>vocant,</strong></span> <span class='ocrx_word' id='word_1_615' title='bbox 1213 565 1352 618; x_wconf 83' lang='lat' dir='ltr'><strong>infantem</strong></span> <span class='ocrx_word' id='word_1_616' title='bbox 1368 565 1520 637; x_wconf 90' lang='lat' dir='ltr'><strong>quisquam</strong></span> <span class='ocrx_word' id='word_1_617' title='bbox 1534 566 1639 636; x_wconf 88' lang='lat' dir='ltr'><strong>poterit</strong></span> <span class='ocrx_word' id='word_1_618' title='bbox 1652 511 1745 621; x_wconf 65' lang='lat' dir='ltr'><strong>iicere</strong></span> <span class='ocrx_word' id='word_1_619' title='bbox 1759 582 1827 621; x_wconf 92' lang='lat' dir='ltr'><strong>eum</strong></span> 
     </span>
     <span class='ocr_line' id='line_1_84' title="bbox 980 635 1828 707; baseline 0.005 -19"><span class='ocrx_word' id='word_1_620' title='bbox 980 636 1026 690; x_wconf 93' lang='lat' dir='ltr'><strong>cui</strong></span> <span class='ocrx_word' id='word_1_621' title='bbox 1051 637 1150 691; x_wconf 89' lang='lat' dir='ltr'><strong>dentes</strong></span> <span class='ocrx_word' id='word_1_622' title='bbox 1179 637 1270 690; x_wconf 90' lang='lat' dir='ltr'><strong>adbuc</strong></span> <span class='ocrx_word' id='word_1_623' title='bbox 1300 641 1369 689; x_wconf 83' lang='lat' dir='ltr'><strong>aetas</strong></span> <span class='ocrx_word' id='word_1_624' title='bbox 1389 653 1476 706; x_wconf 91' lang='lat' dir='ltr'><strong>parva</strong></span> <span class='ocrx_word' id='word_1_625' title='bbox 1497 635 1655 707; x_wconf 86' lang='lat' dir='ltr'><strong>denegavit.</strong></span> <span class='ocrx_word' id='word_1_626' title='bbox 1680 635 1828 707; x_wconf 90' lang='lat' dir='ltr'><strong>Siquidem</strong></span> 
     </span>
     <span class='ocr_line' id='line_1_85' title="bbox 981 706 1829 779; baseline 0.004 -20"><span class='ocrx_word' id='word_1_627' title='bbox 981 707 1110 778; x_wconf 90' lang='lat' dir='ltr'><strong>privatio,</strong></span> <span class='ocrx_word' id='word_1_628' title='bbox 1124 723 1189 778; x_wconf 76' lang='lat' dir='ltr'><strong>quse</strong></span> <span class='ocrx_word' id='word_1_629' title='bbox 1202 722 1292 778; x_wconf 78' lang='lat' dir='ltr'><strong>graece</strong></span> <span class='ocrx_word' id='word_1_630' title='bbox 1302 714 1412 779; x_wconf 68' lang='grc' dir='ltr'><strong>στέρησις</strong></span> <span class='ocrx_word' id='word_1_631' title='bbox 1428 707 1542 774; x_wconf 86' lang='grc'><strong>1111111,</strong></span> <span class='ocrx_word' id='word_1_632' title='bbox 1554 709 1627 762; x_wconf 92' lang='lat' dir='ltr'><strong>hanc</strong></span> <span class='ocrx_word' id='word_1_633' title='bbox 1637 706 1694 761; x_wconf 91' lang='lat' dir='ltr'><strong>vim</strong></span> <span class='ocrx_word' id='word_1_634' title='bbox 1708 712 1829 777; x_wconf 87' lang='lat' dir='ltr'><strong>tenet,ut</strong></span> 
     </span>
     <span class='ocr_line' id='line_1_86' title="bbox 981 777 1828 850; baseline 0 -18"><span class='ocrx_word' id='word_1_635' title='bbox 981 777 1110 832; x_wconf 87' lang='lat' dir='ltr'><strong>ostendat</strong></span> <span class='ocrx_word' id='word_1_636' title='bbox 1124 778 1281 849; x_wconf 88' lang='lat' dir='ltr'><strong>quemlibet</strong></span> <span class='ocrx_word' id='word_1_637' title='bbox 1294 778 1427 833; x_wconf 88' lang='lat' dir='ltr'><strong>habuisse</strong></span> <span class='ocrx_word' id='word_1_638' title='bbox 1451 778 1558 850; x_wconf 91' lang='lat' dir='ltr'><strong>aliquid</strong></span> <span class='ocrx_word' id='word_1_639' title='bbox 1574 791 1626 849; x_wconf 91' lang='lat' dir='ltr'><strong>per</strong></span> <span class='ocrx_word' id='word_1_640' title='bbox 1639 783 1783 840; x_wconf 86' lang='lat' dir='ltr'><strong>naturam,</strong></span> <span class='ocrx_word' id='word_1_641' title='bbox 1799 783 1828 832; x_wconf 90' lang='lat' dir='ltr'><strong>et</strong></span> 
     </span>
     <span class='ocr_line' id='line_1_87' title="bbox 980 848 1827 915; baseline -0.001 -11"><span class='ocrx_word' id='word_1_642' title='bbox 980 864 1039 904; x_wconf 92' lang='lat' dir='ltr'><strong>non</strong></span> <span class='ocrx_word' id='word_1_643' title='bbox 1052 849 1166 903; x_wconf 91' lang='lat' dir='ltr'><strong>habere.</strong></span> <span class='ocrx_word' id='word_1_644' title='bbox 1183 849 1259 903; x_wconf 90' lang='lat' dir='ltr'><strong>luter</strong></span> <span class='ocrx_word' id='word_1_645' title='bbox 1273 849 1333 902; x_wconf 83' lang='lat' dir='ltr'><strong>baec</strong></span> <span class='ocrx_word' id='word_1_646' title='bbox 1344 848 1509 904; x_wconf 90' lang='lat' dir='ltr'><strong>meminisse</strong></span> <span class='ocrx_word' id='word_1_647' title='bbox 1522 865 1574 904; x_wconf 89' lang='lat' dir='ltr'><strong>nos</strong></span> <span class='ocrx_word' id='word_1_648' title='bbox 1588 848 1733 915; x_wconf 89' lang='lat' dir='ltr'><strong>convenit,</strong></span> <span class='ocrx_word' id='word_1_649' title='bbox 1749 848 1827 904; x_wconf 88' lang='lat' dir='ltr'><strong>aliud</strong></span> 
     </span>
     <span class='ocr_line' id='line_1_88' title="bbox 982 919 1829 983; baseline 0.001 -9"><span class='ocrx_word' id='word_1_650' title='bbox 982 936 1043 974; x_wconf 91' lang='lat' dir='ltr'><strong>esse</strong></span> <span class='ocrx_word' id='word_1_651' title='bbox 1056 920 1195 974; x_wconf 81' lang='lat' dir='ltr'><strong>visionem</strong></span> <span class='ocrx_word' id='word_1_652' title='bbox 1210 924 1238 974; x_wconf 89' lang='lat' dir='ltr'><strong>at</strong></span> <span class='ocrx_word' id='word_1_653' title='bbox 1250 921 1413 983; x_wconf 67' lang='lat' dir='ltr'><strong>caecitatem,</strong></span> <span class='ocrx_word' id='word_1_654' title='bbox 1432 920 1508 975; x_wconf 90' lang='lat' dir='ltr'><strong>aliud</strong></span> <span class='ocrx_word' id='word_1_655' title='bbox 1523 920 1627 975; x_wconf 89' lang='lat' dir='ltr'><strong>habere</strong></span> <span class='ocrx_word' id='word_1_656' title='bbox 1645 919 1785 975; x_wconf 91' lang='lat' dir='ltr'><strong>visionem</strong></span> <span class='ocrx_word' id='word_1_657' title='bbox 1799 923 1829 975; x_wconf 90' lang='lat' dir='ltr'><strong>et</strong></span> 
     </span>
     <span class='ocr_line' id='line_1_89' title="bbox 982 990 1829 1071; baseline -0.002 -27"><span class='ocrx_word' id='word_1_658' title='bbox 982 1006 1016 1044; x_wconf 90' lang='lat' dir='ltr'><strong>ea</strong></span> <span class='ocrx_word' id='word_1_659' title='bbox 1038 1006 1099 1044; x_wconf 91' lang='lat' dir='ltr'><strong>esse</strong></span> <span class='ocrx_word' id='word_1_660' title='bbox 1111 990 1273 1071; x_wconf 64' lang='lat' dir='ltr'><strong>privatum</strong></span> <span class='ocrx_word' id='word_1_661' title='bbox 1298 1007 1334 1045; x_wconf 91' lang='lat' dir='ltr'><strong>ue</strong></span> <span class='ocrx_word' id='word_1_662' title='bbox 1356 991 1379 1046; x_wconf 91' lang='lat' dir='ltr'><strong>si</strong></span> <span class='ocrx_word' id='word_1_663' title='bbox 1395 993 1456 1046; x_wconf 77' lang='lat' dir='ltr'><strong>bec</strong></span> <span class='ocrx_word' id='word_1_664' title='bbox 1471 991 1571 1046; x_wconf 90' lang='lat' dir='ltr'><strong>eadem</strong></span> <span class='ocrx_word' id='word_1_665' title='bbox 1585 1005 1646 1045; x_wconf 90' lang='lat' dir='ltr'><strong>esse</strong></span> <span class='ocrx_word' id='word_1_666' title='bbox 1662 990 1829 1056; x_wconf 69' lang='lat' dir='ltr'><strong>edicemus,</strong></span> 
     </span>
     <span class='ocr_line' id='line_1_90' title="bbox 982 1007 1832 1133; baseline 0.001 -18"><span class='ocrx_word' id='word_1_667' title='bbox 982 1061 1118 1116; x_wconf 81' lang='lat' dir='ltr'><strong>conlundi</strong></span> <span class='ocrx_word' id='word_1_668' title='bbox 1133 1061 1205 1116; x_wconf 88' lang='lat' dir='ltr'><strong>ratio</strong></span> <span class='ocrx_word' id='word_1_669' title='bbox 1220 1061 1356 1117; x_wconf 86' lang='lat' dir='ltr'><strong>rideatur.</strong></span> <span class='ocrx_word' id='word_1_670' title='bbox 1371 1062 1488 1127; x_wconf 79' lang='lat' dir='ltr'><strong>Quodsi</strong></span> <span class='ocrx_word' id='word_1_671' title='bbox 1502 1061 1566 1133; x_wconf 90' lang='lat' dir='ltr'><strong>quis</strong></span> <span class='ocrx_word' id='word_1_672' title='bbox 1580 1062 1634 1117; x_wconf 91' lang='lat' dir='ltr'><strong>hoc</strong></span> <span class='ocrx_word' id='word_1_673' title='bbox 1650 1007 1832 1132; x_wconf 85' lang='lat' dir='ltr'><strong>(iubiumpu-</strong></span> 
     </span>
     <span class='ocr_line' id='line_1_91' title="bbox 982 1133 1830 1204; baseline 0 -18"><span class='ocrx_word' id='word_1_674' title='bbox 982 1136 1032 1198; x_wconf 89' lang='lat' dir='ltr'><strong>tat,</strong></span> <span class='ocrx_word' id='word_1_675' title='bbox 1050 1136 1099 1186; x_wconf 89' lang='lat' dir='ltr'><strong>aut</strong></span> <span class='ocrx_word' id='word_1_676' title='bbox 1113 1148 1216 1204; x_wconf 89' lang='lat' dir='ltr'><strong>parum</strong></span> <span class='ocrx_word' id='word_1_677' title='bbox 1238 1137 1358 1201; x_wconf 90' lang='lat' dir='ltr'><strong>certum,</strong></span> <span class='ocrx_word' id='word_1_678' title='bbox 1374 1133 1442 1204; x_wconf 95' lang='lat' dir='ltr'><strong>quid</strong></span> <span class='ocrx_word' id='word_1_679' title='bbox 1458 1148 1603 1204; x_wconf 87' lang='lat' dir='ltr'><strong>quamque</strong></span> <span class='ocrx_word' id='word_1_680' title='bbox 1618 1148 1679 1187; x_wconf 89' lang='lat' dir='ltr'><strong>rem</strong></span> <span class='ocrx_word' id='word_1_681' title='bbox 1694 1137 1830 1203; x_wconf 86' lang='lat' dir='ltr'><strong>sequatur</strong></span> 
     </span>
     <span class='ocr_line' id='line_1_92' title="bbox 983 1201 1831 1270; baseline -0.002 -12"><span class='ocrx_word' id='word_1_682' title='bbox 983 1204 1119 1258; x_wconf 87' lang='lat' dir='ltr'><strong>advertat.</strong></span> <span class='ocrx_word' id='word_1_683' title='bbox 1144 1202 1254 1258; x_wconf 84' lang='lat' dir='ltr'><strong>Etenim</strong></span> <span class='ocrx_word' id='word_1_684' title='bbox 1274 1203 1298 1257; x_wconf 91' lang='lat' dir='ltr'><strong>si</strong></span> <span class='ocrx_word' id='word_1_685' title='bbox 1318 1210 1392 1258; x_wconf 91' lang='lat' dir='ltr'><strong>esset</strong></span> <span class='ocrx_word' id='word_1_686' title='bbox 1413 1204 1490 1259; x_wconf 90' lang='lat' dir='ltr'><strong>idem</strong></span> <span class='ocrx_word' id='word_1_687' title='bbox 1506 1220 1596 1259; x_wconf 79' lang='lat' dir='ltr'><strong>cecus</strong></span> <span class='ocrx_word' id='word_1_688' title='bbox 1616 1207 1644 1258; x_wconf 91' lang='grc'><strong>11</strong></span> <span class='ocrx_word' id='word_1_689' title='bbox 1657 1202 1780 1270; x_wconf 78' lang='lat' dir='ltr'><strong>cecitas,</strong></span> <span class='ocrx_word' id='word_1_690' title='bbox 1795 1201 1831 1256; x_wconf 92' lang='lat' dir='ltr'><strong>de</strong></span> 
     </span>
     <span class='ocr_line' id='line_1_93' title="bbox 983 1273 1830 1346; baseline -0.001 -18"><span class='ocrx_word' id='word_1_691' title='bbox 983 1291 1041 1328; x_wconf 92' lang='lat' dir='ltr'><strong>uno</strong></span> <span class='ocrx_word' id='word_1_692' title='bbox 1057 1278 1175 1346; x_wconf 89' lang='lat' dir='ltr'><strong>utraque</strong></span> <span class='ocrx_word' id='word_1_693' title='bbox 1186 1274 1349 1328; x_wconf 84' lang='lat' dir='ltr'><strong>dicerentur</strong></span> <span class='ocrx_word' id='word_1_694' title='bbox 1360 1291 1367 1329; x_wconf 74' lang='grc' dir='ltr'><strong><em>ε</em></strong></span> <span class='ocrx_word' id='word_1_695' title='bbox 1379 1274 1500 1330; x_wconf 90' lang='lat' dir='ltr'><strong>dicimus</strong></span> <span class='ocrx_word' id='word_1_696' title='bbox 1510 1281 1607 1329; x_wconf 91' lang='lat' dir='ltr'><strong>autem</strong></span> <span class='ocrx_word' id='word_1_697' title='bbox 1616 1273 1765 1329; x_wconf 90' lang='lat' dir='ltr'><strong>hominem</strong></span> <span class='ocrx_word' id='word_1_698' title='bbox 1775 1288 1830 1327; x_wconf 78' lang='lat' dir='ltr'><strong>cae·</strong></span> 
     </span>
     <span class='ocr_line' id='line_1_94' title="bbox 983 1343 1830 1416; baseline 0 -18"><span class='ocrx_word' id='word_1_699' title='bbox 983 1361 1063 1412; x_wconf 91' lang='lat' dir='ltr'><strong>cum;</strong></span> <span class='ocrx_word' id='word_1_700' title='bbox 1080 1345 1127 1398; x_wconf 92' lang='lat' dir='ltr'><strong>sed</strong></span> <span class='ocrx_word' id='word_1_701' title='bbox 1141 1347 1226 1399; x_wconf 90' lang='lat' dir='ltr'><strong>bomo</strong></span> <span class='ocrx_word' id='word_1_702' title='bbox 1240 1345 1296 1399; x_wconf 93' lang='lat' dir='ltr'><strong>dici</strong></span> <span class='ocrx_word' id='word_1_703' title='bbox 1310 1346 1421 1399; x_wconf 78' lang='lat' dir='ltr'><strong>cecitas</strong></span> <span class='ocrx_word' id='word_1_704' title='bbox 1431 1361 1488 1399; x_wconf 92' lang='lat' dir='ltr'><strong>uon</strong></span> <span class='ocrx_word' id='word_1_705' title='bbox 1498 1349 1611 1416; x_wconf 87' lang='lat' dir='ltr'><strong>potest:</strong></span> <span class='ocrx_word' id='word_1_706' title='bbox 1629 1347 1717 1399; x_wconf 88' lang='lat' dir='ltr'><strong>claret</strong></span> <span class='ocrx_word' id='word_1_707' title='bbox 1730 1343 1830 1416; x_wconf 89' lang='lat' dir='ltr'><strong>igitur,</strong></span> 
     </span>
     <span class='ocr_line' id='line_1_95' title="bbox 983 1415 1832 1483; baseline 0 -13"><span class='ocrx_word' id='word_1_708' title='bbox 983 1416 1061 1471; x_wconf 91' lang='lat' dir='ltr'><strong>aliud</strong></span> <span class='ocrx_word' id='word_1_709' title='bbox 1077 1431 1184 1470; x_wconf 69' lang='lat' dir='ltr'><strong>cascum</strong></span> <span class='ocrx_word' id='word_1_710' title='bbox 1201 1432 1271 1483; x_wconf 88' lang='lat' dir='ltr'><strong>esse,</strong></span> <span class='ocrx_word' id='word_1_711' title='bbox 1290 1416 1368 1470; x_wconf 91' lang='lat' dir='ltr'><strong>aliud</strong></span> <span class='ocrx_word' id='word_1_712' title='bbox 1382 1417 1548 1470; x_wconf 80' lang='lat' dir='ltr'><strong>caecitatem.</strong></span> <span class='ocrx_word' id='word_1_713' title='bbox 1566 1417 1621 1470; x_wconf 87' lang='lat' dir='ltr'><strong>Nec</strong></span> <span class='ocrx_word' id='word_1_714' title='bbox 1635 1415 1788 1470; x_wconf 84' lang='lat' dir='ltr'><strong>alllrmatio</strong></span> <span class='ocrx_word' id='word_1_715' title='bbox 1802 1418 1832 1470; x_wconf 92' lang='lat' dir='ltr'><strong>et</strong></span> 
     </span>
     <span class='ocr_line' id='line_1_96' title="bbox 983 1486 1832 1558; baseline -0.004 -15"><span class='ocrx_word' id='word_1_716' title='bbox 983 1486 1098 1558; x_wconf 86' lang='lat' dir='ltr'><strong>negatio</strong></span> <span class='ocrx_word' id='word_1_717' title='bbox 1122 1486 1199 1541; x_wconf 92' lang='lat' dir='ltr'><strong>idem</strong></span> <span class='ocrx_word' id='word_1_718' title='bbox 1230 1490 1282 1551; x_wconf 86' lang='lat' dir='ltr'><strong>est,</strong></span> <span class='ocrx_word' id='word_1_719' title='bbox 1307 1486 1384 1557; x_wconf 93' lang='lat' dir='ltr'><strong>quod</strong></span> <span class='ocrx_word' id='word_1_720' title='bbox 1404 1490 1470 1540; x_wconf 87' lang='lat' dir='ltr'><strong>sunt</strong></span> <span class='ocrx_word' id='word_1_721' title='bbox 1491 1487 1543 1541; x_wconf 91' lang='lat' dir='ltr'><strong>sub</strong></span> <span class='ocrx_word' id='word_1_722' title='bbox 1564 1486 1754 1541; x_wconf 84' lang='lat' dir='ltr'><strong>affirmatione</strong></span> <span class='ocrx_word' id='word_1_723' title='bbox 1777 1501 1832 1540; x_wconf 90' lang='lat' dir='ltr'><strong>ne-</strong></span> 
     </span>
     <span class='ocr_line' id='line_1_97' title="bbox 984 1555 1835 1630; baseline -0.001 -19"><span class='ocrx_word' id='word_1_724' title='bbox 984 1559 1156 1630; x_wconf 89' lang='lat' dir='ltr'><strong>gationeque</strong></span> <span class='ocrx_word' id='word_1_725' title='bbox 1170 1556 1310 1612; x_wconf 89' lang='lat' dir='ltr'><strong>cadentia.</strong></span> <span class='ocrx_word' id='word_1_726' title='bbox 1324 1557 1485 1612; x_wconf 80' lang='lat' dir='ltr'><strong>Allirmatio</strong></span> <span class='ocrx_word' id='word_1_727' title='bbox 1498 1557 1574 1611; x_wconf 91' lang='lat' dir='ltr'><strong>euim</strong></span> <span class='ocrx_word' id='word_1_728' title='bbox 1590 1557 1649 1611; x_wconf 90' lang='lat' dir='ltr'><strong>sive</strong></span> <span class='ocrx_word' id='word_1_729' title='bbox 1662 1555 1835 1623; x_wconf 85' lang='lat' dir='ltr'><strong>negatio,est</strong></span> 
     </span>
     <span class='ocr_line' id='line_1_98' title="bbox 984 1627 1833 1699; baseline -0.002 -17"><span class='ocrx_word' id='word_1_730' title='bbox 984 1629 1103 1686; x_wconf 89' lang='lat' dir='ltr'><strong>verbum</strong></span> <span class='ocrx_word' id='word_1_731' title='bbox 1125 1627 1298 1682; x_wconf 89' lang='lat' dir='ltr'><strong>coulirmans</strong></span> <span class='ocrx_word' id='word_1_732' title='bbox 1324 1628 1432 1699; x_wconf 91' lang='lat' dir='ltr'><strong>aliquid</strong></span> <span class='ocrx_word' id='word_1_733' title='bbox 1457 1632 1506 1682; x_wconf 89' lang='lat' dir='ltr'><strong>aut</strong></span> <span class='ocrx_word' id='word_1_734' title='bbox 1529 1644 1655 1698; x_wconf 75' lang='lat' dir='ltr'><strong>negans,</strong></span> <span class='ocrx_word' id='word_1_735' title='bbox 1686 1627 1741 1681; x_wconf 90' lang='lat' dir='ltr'><strong>alia</strong></span> <span class='ocrx_word' id='word_1_736' title='bbox 1766 1640 1833 1680; x_wconf 83' lang='lat' dir='ltr'><strong>roro</strong></span> 
     </span>
     <span class='ocr_line' id='line_1_99' title="bbox 985 1696 1833 1824; baseline -0.002 -71"><span class='ocrx_word' id='word_1_737' title='bbox 985 1706 1061 1765; x_wconf 88' lang='lat' dir='ltr'><strong>sunt,</strong></span> <span class='ocrx_word' id='word_1_738' title='bbox 1087 1715 1151 1824; x_wconf 60' lang='lat' dir='ltr'><strong>quae</strong></span> <span class='ocrx_word' id='word_1_739' title='bbox 1166 1698 1219 1752; x_wconf 93' lang='lat' dir='ltr'><strong>sub</strong></span> <span class='ocrx_word' id='word_1_740' title='bbox 1235 1698 1279 1752; x_wconf 89' lang='lat' dir='ltr'><strong>his</strong></span> <span class='ocrx_word' id='word_1_741' title='bbox 1295 1698 1491 1762; x_wconf 88' lang='lat' dir='ltr'><strong>inveniuntur,</strong></span> <span class='ocrx_word' id='word_1_742' title='bbox 1515 1702 1548 1751; x_wconf 91' lang='lat' dir='ltr'><strong>ut</strong></span> <span class='ocrx_word' id='word_1_743' title='bbox 1563 1705 1615 1766; x_wconf 93' lang='lat' dir='ltr'><strong>est,</strong></span> <span class='ocrx_word' id='word_1_744' title='bbox 1630 1698 1760 1753; x_wconf 89' lang='lat' dir='ltr'><strong>Socrates</strong></span> <span class='ocrx_word' id='word_1_745' title='bbox 1775 1696 1833 1752; x_wconf 89' lang='lat' dir='ltr'><strong>dis·</strong></span> 
     </span>
     <span class='ocr_line' id='line_1_100' title="bbox 984 1766 1835 1833; baseline -0.002 -10"><span class='ocrx_word' id='word_1_746' title='bbox 984 1770 1064 1833; x_wconf 89' lang='lat' dir='ltr'><strong>serit,</strong></span> <span class='ocrx_word' id='word_1_747' title='bbox 1108 1773 1217 1822; x_wconf 87' lang='lat' dir='ltr'><strong>cerates</strong></span> <span class='ocrx_word' id='word_1_748' title='bbox 1241 1784 1298 1822; x_wconf 92' lang='lat' dir='ltr'><strong>non</strong></span> <span class='ocrx_word' id='word_1_749' title='bbox 1322 1767 1443 1823; x_wconf 85' lang='lat' dir='ltr'><strong>disserit.</strong></span> <span class='ocrx_word' id='word_1_750' title='bbox 1469 1767 1607 1823; x_wconf 88' lang='lat' dir='ltr'><strong>Similiter</strong></span> <span class='ocrx_word' id='word_1_751' title='bbox 1621 1772 1717 1822; x_wconf 90' lang='lat' dir='ltr'><strong>tamen</strong></span> <span class='ocrx_word' id='word_1_752' title='bbox 1737 1766 1835 1822; x_wconf 87' lang='lat' dir='ltr'><strong>omnia</strong></span> 
     </span>
     <span class='ocr_line' id='line_1_101' title="bbox 984 1837 1833 1910; baseline -0.004 -16"><span class='ocrx_word' id='word_1_753' title='bbox 984 1840 1038 1894; x_wconf 87' lang='lat' dir='ltr'><strong>sibi</strong></span> <span class='ocrx_word' id='word_1_754' title='bbox 1053 1840 1196 1894; x_wconf 88' lang='lat' dir='ltr'><strong>habentur</strong></span> <span class='ocrx_word' id='word_1_755' title='bbox 1213 1839 1354 1910; x_wconf 89' lang='lat' dir='ltr'><strong>opposita.</strong></span> <span class='ocrx_word' id='word_1_756' title='bbox 1369 1838 1528 1910; x_wconf 84' lang='lat' dir='ltr'><strong>Aliquoties</strong></span> <span class='ocrx_word' id='word_1_757' title='bbox 1543 1845 1638 1892; x_wconf 88' lang='lat' dir='ltr'><strong>autem</strong></span> <span class='ocrx_word' id='word_1_758' title='bbox 1654 1838 1729 1892; x_wconf 88' lang='lat' dir='ltr'><strong>mala</strong></span> <span class='ocrx_word' id='word_1_759' title='bbox 1751 1837 1833 1893; x_wconf 88' lang='lat' dir='ltr'><strong>malis</strong></span> 
     </span>
     <span class='ocr_line' id='line_1_102' title="bbox 984 1908 1834 1981; baseline -0.005 -15"><span class='ocrx_word' id='word_1_760' title='bbox 984 1916 1182 1981; x_wconf 91' lang='lat' dir='ltr'><strong>opponuntur,</strong></span> <span class='ocrx_word' id='word_1_761' title='bbox 1202 1909 1314 1980; x_wconf 87' lang='lat' dir='ltr'><strong>quoties</strong></span> <span class='ocrx_word' id='word_1_762' title='bbox 1335 1910 1544 1964; x_wconf 88' lang='lat' dir='ltr'><strong>contrariorum</strong></span> <span class='ocrx_word' id='word_1_763' title='bbox 1559 1909 1653 1964; x_wconf 87' lang='lat' dir='ltr'><strong>media</strong></span> <span class='ocrx_word' id='word_1_764' title='bbox 1665 1908 1742 1963; x_wconf 88' lang='lat' dir='ltr'><strong>bona</strong></span> <span class='ocrx_word' id='word_1_765' title='bbox 1756 1911 1834 1977; x_wconf 90' lang='lat' dir='ltr'><strong>sunt,</strong></span> 
     </span>
     <span class='ocr_line' id='line_1_103' title="bbox 985 1978 1833 2052; baseline -0.007 -16"><span class='ocrx_word' id='word_1_766' title='bbox 985 1986 1016 2036; x_wconf 91' lang='lat' dir='ltr'><strong>ut</strong></span> <span class='ocrx_word' id='word_1_767' title='bbox 1037 1987 1079 2036; x_wconf 91' lang='lat' dir='ltr'><strong>est</strong></span> <span class='ocrx_word' id='word_1_768' title='bbox 1101 1980 1260 2052; x_wconf 87' lang='lat' dir='ltr'><strong>indigentia</strong></span> <span class='ocrx_word' id='word_1_769' title='bbox 1275 1984 1303 2036; x_wconf 92' lang='lat' dir='ltr'><strong>et</strong></span> <span class='ocrx_word' id='word_1_770' title='bbox 1324 1980 1523 2047; x_wconf 82' lang='lat' dir='ltr'><strong>redundantia,</strong></span> <span class='ocrx_word' id='word_1_771' title='bbox 1548 1997 1612 2052; x_wconf 74' lang='lat' dir='ltr'><strong>quaa</strong></span> <span class='ocrx_word' id='word_1_772' title='bbox 1632 1978 1721 2034; x_wconf 74' lang='lat' dir='ltr'><strong>Graeci</strong></span> <span class='ocrx_word' id='word_1_773' title='bbox 1740 1984 1833 2034; x_wconf 73' lang='lat' dir='ltr'><strong>traciae</strong></span> 
     </span>
     <span class='ocr_line' id='line_1_104' title="bbox 984 2049 1833 2125; baseline -0.008 -16"><span class='ocrx_word' id='word_1_774' title='bbox 984 2059 1175 2125; x_wconf 72' lang='grc' dir='ltr'>ιαῑὺπερόολὴν</span> <span class='ocrx_word' id='word_1_775' title='bbox 1194 2055 1305 2106; x_wconf 80' lang='lat' dir='ltr'><strong>vocant.</strong></span> <span class='ocrx_word' id='word_1_776' title='bbox 1327 2051 1376 2106; x_wconf 88' lang='lat' dir='ltr'><strong>llis</strong></span> <span class='ocrx_word' id='word_1_777' title='bbox 1390 2051 1468 2107; x_wconf 91' lang='lat' dir='ltr'><strong>enim</strong></span> <span class='ocrx_word' id='word_1_778' title='bbox 1489 2051 1600 2106; x_wconf 88' lang='lat' dir='ltr'><strong>duobus</strong></span> <span class='ocrx_word' id='word_1_779' title='bbox 1619 2050 1701 2105; x_wconf 88' lang='lat' dir='ltr'><strong>malis</strong></span> <span class='ocrx_word' id='word_1_780' title='bbox 1714 2049 1769 2104; x_wconf 88' lang='lat' dir='ltr'><strong>sibi</strong></span> <span class='ocrx_word' id='word_1_781' title='bbox 1781 2064 1833 2120; x_wconf 91' lang='lat' dir='ltr'><strong>op·</strong></span> 
     </span>
    </p>

    <p class='ocr_par' dir='ltr' id='par_1_12' title="bbox 984 2119 1878 3170">
     <span class='ocr_line' id='line_1_105' title="bbox 1006 2119 1833 2192; baseline -0.004 -15"><span class='ocrx_word' id='word_1_782' title='bbox 1006 2123 1096 2188; x_wconf 78' lang='lat' dir='ltr'><strong>oritis,</strong></span> <span class='ocrx_word' id='word_1_783' title='bbox 1114 2122 1295 2177; x_wconf 83' lang='lat' dir='ltr'><strong>mediocritas</strong></span> <span class='ocrx_word' id='word_1_784' title='bbox 1317 2122 1413 2178; x_wconf 89' lang='lat' dir='ltr'><strong>media</strong></span> <span class='ocrx_word' id='word_1_785' title='bbox 1426 2122 1579 2192; x_wconf 90' lang='lat' dir='ltr'><strong>reperitur.</strong></span> <span class='ocrx_word' id='word_1_786' title='bbox 1602 2123 1678 2177; x_wconf 86' lang='lat' dir='ltr'><strong>lianc</strong></span> <span class='ocrx_word' id='word_1_787' title='bbox 1693 2119 1833 2176; x_wconf 89' lang='lat' dir='ltr'><strong>rationem</strong></span> 
     </span>
     <span class='ocr_line' id='line_1_106' title="bbox 984 2140 1878 2266; baseline -0.004 -16"><span class='ocrx_word' id='word_1_788' title='bbox 984 2140 1166 2266; x_wconf 61' lang='lat' dir='ltr'><strong>ieripatetici</strong></span> <span class='ocrx_word' id='word_1_789' title='bbox 1181 2193 1279 2255; x_wconf 89' lang='lat' dir='ltr'><strong>secuti,</strong></span> <span class='ocrx_word' id='word_1_790' title='bbox 1300 2192 1419 2249; x_wconf 90' lang='lat' dir='ltr'><strong>virtutes</strong></span> <span class='ocrx_word' id='word_1_791' title='bbox 1439 2193 1546 2248; x_wconf 89' lang='lat' dir='ltr'><strong>medias</strong></span> <span class='ocrx_word' id='word_1_792' title='bbox 1560 2209 1620 2247; x_wconf 86' lang='lat' dir='ltr'><strong>esse</strong></span> <span class='ocrx_word' id='word_1_793' title='bbox 1643 2192 1786 2256; x_wconf 81' lang='lat' dir='ltr'><strong>dixerunt,</strong></span> <span class='ocrx_word' id='word_1_794' title='bbox 1801 2193 1835 2246; x_wconf 89' lang='lat' dir='ltr'><strong>ut</strong></span> <span class='ocrx_word' id='word_1_795' title='bbox 1875 2248 1878 2253; x_wconf 75' lang='grc'><strong>,</strong></span> 
     </span>
     <span class='ocr_line' id='line_1_107' title="bbox 984 2262 1834 2347; baseline -0.004 -27"><span class='ocrx_word' id='word_1_796' title='bbox 984 2267 1049 2347; x_wconf 86' lang='lat' dir='ltr'><strong>plus</strong></span> <span class='ocrx_word' id='word_1_797' title='bbox 1068 2267 1146 2336; x_wconf 89' lang='lat' dir='ltr'><strong>justo</strong></span> <span class='ocrx_word' id='word_1_798' title='bbox 1168 2271 1318 2332; x_wconf 70' lang='grc' dir='ltr'><strong>πλεονεξίαν,</strong></span> <span class='ocrx_word' id='word_1_799' title='bbox 1334 2265 1429 2319; x_wconf 91' lang='lat' dir='ltr'><strong>minus</strong></span> <span class='ocrx_word' id='word_1_800' title='bbox 1446 2265 1525 2345; x_wconf 72' lang='lat' dir='ltr'><strong>justo</strong></span> <span class='ocrx_word' id='word_1_801' title='bbox 1573 2269 1673 2330; x_wconf 74' lang='grc' dir='ltr'>ιονιξίαν</span> <span class='ocrx_word' id='word_1_802' title='bbox 1685 2262 1834 2318; x_wconf 89' lang='lat' dir='ltr'><strong>dicerent:</strong></span> 
     </span>
     <span class='ocr_line' id='line_1_108' title="bbox 986 2330 1835 2461; baseline -0.006 -69"><span class='ocrx_word' id='word_1_803' title='bbox 986 2342 1062 2392; x_wconf 84' lang='lat' dir='ltr'><strong>iuter</strong></span> <span class='ocrx_word' id='word_1_804' title='bbox 1075 2353 1138 2408; x_wconf 70' lang='lat' dir='ltr'><strong>(quer</strong></span> <span class='ocrx_word' id='word_1_805' title='bbox 1151 2337 1236 2402; x_wconf 88' lang='lat' dir='ltr'><strong>mala,</strong></span> <span class='ocrx_word' id='word_1_806' title='bbox 1251 2336 1375 2392; x_wconf 89' lang='lat' dir='ltr'><strong>mediam</strong></span> <span class='ocrx_word' id='word_1_807' title='bbox 1388 2336 1529 2461; x_wconf 50' lang='lat' dir='ltr'><strong>{ustitiam</strong></span> <span class='ocrx_word' id='word_1_808' title='bbox 1555 2339 1718 2390; x_wconf 81' lang='lat' dir='ltr'><strong>ocarerunt.</strong></span> <span class='ocrx_word' id='word_1_809' title='bbox 1731 2330 1835 2388; x_wconf 91' lang='lat' dir='ltr'><strong>Simili·</strong></span> 
     </span>
     <span class='ocr_line' id='line_1_109' title="bbox 986 2403 1835 2476; baseline -0.004 -15"><span class='ocrx_word' id='word_1_810' title='bbox 986 2411 1030 2461; x_wconf 89' lang='lat' dir='ltr'><strong>ter</strong></span> <span class='ocrx_word' id='word_1_811' title='bbox 1043 2407 1118 2461; x_wconf 88' lang='lat' dir='ltr'><strong>inter</strong></span> <span class='ocrx_word' id='word_1_812' title='bbox 1138 2406 1292 2461; x_wconf 90' lang='lat' dir='ltr'><strong>versutiam</strong></span> <span class='ocrx_word' id='word_1_813' title='bbox 1308 2412 1337 2461; x_wconf 90' lang='lat' dir='ltr'><strong>et</strong></span> <span class='ocrx_word' id='word_1_814' title='bbox 1351 2408 1387 2461; x_wconf 92' lang='lat' dir='ltr'><strong>he</strong></span> <span class='ocrx_word' id='word_1_815' title='bbox 1408 2407 1566 2472; x_wconf 89' lang='lat' dir='ltr'><strong>etudinem,</strong></span> <span class='ocrx_word' id='word_1_816' title='bbox 1582 2403 1764 2476; x_wconf 88' lang='lat' dir='ltr'><strong>prudentiam</strong></span> <span class='ocrx_word' id='word_1_817' title='bbox 1779 2418 1835 2474; x_wconf 91' lang='lat' dir='ltr'><strong>po·</strong></span> 
     </span>
     <span class='ocr_line' id='line_1_110' title="bbox 987 2476 1835 2546; baseline -0.004 -14"><span class='ocrx_word' id='word_1_818' title='bbox 987 2484 1122 2545; x_wconf 84' lang='lat' dir='ltr'><strong>suerunt3</strong></span> <span class='ocrx_word' id='word_1_819' title='bbox 1145 2477 1222 2532; x_wconf 89' lang='lat' dir='ltr'><strong>iuter</strong></span> <span class='ocrx_word' id='word_1_820' title='bbox 1244 2478 1392 2533; x_wconf 90' lang='lat' dir='ltr'><strong>libidinem</strong></span> <span class='ocrx_word' id='word_1_821' title='bbox 1414 2476 1731 2546; x_wconf 87' lang='lat' dir='ltr'><strong>insensibilitatemque,</strong></span> <span class='ocrx_word' id='word_1_822' title='bbox 1748 2489 1835 2546; x_wconf 89' lang='lat' dir='ltr'><strong>quam</strong></span> 
     </span>
     <span class='ocr_line' id='line_1_111' title="bbox 988 2545 1834 2618; baseline -0.004 -15"><span class='ocrx_word' id='word_1_823' title='bbox 988 2548 1077 2604; x_wconf 80' lang='lat' dir='ltr'><strong>Graeci</strong></span> <span class='ocrx_word' id='word_1_824' title='bbox 1095 2555 1253 2616; x_wconf 65' lang='grc' dir='ltr'>ἀναισθησίαν</span> <span class='ocrx_word' id='word_1_825' title='bbox 1272 2555 1382 2615; x_wconf 88' lang='lat' dir='ltr'><strong>vocant,</strong></span> <span class='ocrx_word' id='word_1_826' title='bbox 1407 2546 1598 2618; x_wconf 87' lang='lat' dir='ltr'><strong>temperantia</strong></span> <span class='ocrx_word' id='word_1_827' title='bbox 1611 2545 1763 2601; x_wconf 89' lang='lat' dir='ltr'><strong>constituta</strong></span> <span class='ocrx_word' id='word_1_828' title='bbox 1778 2550 1834 2613; x_wconf 88' lang='lat' dir='ltr'><strong>ost;</strong></span> 
     </span>
     <span class='ocr_line' id='line_1_112' title="bbox 987 2616 1836 2685; baseline -0.004 -12"><span class='ocrx_word' id='word_1_829' title='bbox 987 2619 1063 2674; x_wconf 91' lang='lat' dir='ltr'><strong>iuter</strong></span> <span class='ocrx_word' id='word_1_830' title='bbox 1077 2619 1261 2673; x_wconf 88' lang='lat' dir='ltr'><strong>timiditatem</strong></span> <span class='ocrx_word' id='word_1_831' title='bbox 1271 2624 1299 2673; x_wconf 91' lang='lat' dir='ltr'><strong>et</strong></span> <span class='ocrx_word' id='word_1_832' title='bbox 1309 2619 1468 2685; x_wconf 87' lang='lat' dir='ltr'><strong>audaciam,</strong></span> <span class='ocrx_word' id='word_1_833' title='bbox 1479 2617 1628 2672; x_wconf 83' lang='lat' dir='ltr'><strong>fortitudo.</strong></span> <span class='ocrx_word' id='word_1_834' title='bbox 1643 2619 1684 2672; x_wconf 88' lang='lat' dir='ltr'><strong>lta</strong></span> <span class='ocrx_word' id='word_1_835' title='bbox 1694 2616 1836 2671; x_wconf 91' lang='lat' dir='ltr'><strong>occultum</strong></span> 
     </span>
     <span class='ocr_line' id='line_1_113' title="bbox 986 2688 1836 2771; baseline -0.004 -28"><span class='ocrx_word' id='word_1_836' title='bbox 986 2690 1130 2771; x_wconf 88' lang='lat' dir='ltr'><strong>quoddam</strong></span> <span class='ocrx_word' id='word_1_837' title='bbox 1152 2705 1243 2758; x_wconf 85' lang='lat' dir='ltr'><strong>genus</strong></span> <span class='ocrx_word' id='word_1_838' title='bbox 1257 2688 1456 2760; x_wconf 87' lang='lat' dir='ltr'><strong>oppositorum</strong></span> <span class='ocrx_word' id='word_1_839' title='bbox 1477 2688 1584 2758; x_wconf 90' lang='lat' dir='ltr'><strong>reperit</strong></span> <span class='ocrx_word' id='word_1_840' title='bbox 1598 2691 1773 2758; x_wconf 87' lang='lat' dir='ltr'><strong>perscrutata</strong></span> <span class='ocrx_word' id='word_1_841' title='bbox 1790 2702 1836 2741; x_wconf 87' lang='lat' dir='ltr'><strong>ra·</strong></span> 
     </span>
     <span class='ocr_line' id='line_1_114' title="bbox 986 2758 1836 2830; baseline -0.005 -15"><span class='ocrx_word' id='word_1_842' title='bbox 986 2767 1038 2830; x_wconf 82' lang='lat' dir='ltr'><strong>tro,</strong></span> <span class='ocrx_word' id='word_1_843' title='bbox 1053 2766 1084 2814; x_wconf 91' lang='lat' dir='ltr'><strong>ut</strong></span> <span class='ocrx_word' id='word_1_844' title='bbox 1096 2760 1243 2814; x_wconf 88' lang='lat' dir='ltr'><strong>interdum</strong></span> <span class='ocrx_word' id='word_1_845' title='bbox 1263 2761 1338 2814; x_wconf 89' lang='lat' dir='ltr'><strong>mala</strong></span> <span class='ocrx_word' id='word_1_846' title='bbox 1353 2759 1435 2814; x_wconf 90' lang='lat' dir='ltr'><strong>malis</strong></span> <span class='ocrx_word' id='word_1_847' title='bbox 1450 2758 1633 2813; x_wconf 88' lang='lat' dir='ltr'><strong>inveniantur</strong></span> <span class='ocrx_word' id='word_1_848' title='bbox 1647 2773 1708 2811; x_wconf 88' lang='lat' dir='ltr'><strong>esse</strong></span> <span class='ocrx_word' id='word_1_849' title='bbox 1723 2762 1836 2812; x_wconf 85' lang='lat' dir='ltr'><strong>contra·</strong></span> 
     </span>
     <span class='ocr_line' id='line_1_115' title="bbox 987 2827 1836 2901; baseline -0.002 -16"><span class='ocrx_word' id='word_1_850' title='bbox 987 2831 1038 2887; x_wconf 89' lang='lat' dir='ltr'><strong>ria.</strong></span> <span class='ocrx_word' id='word_1_851' title='bbox 1055 2831 1110 2886; x_wconf 91' lang='lat' dir='ltr'><strong>Sed</strong></span> <span class='ocrx_word' id='word_1_852' title='bbox 1130 2830 1296 2885; x_wconf 81' lang='lat' dir='ltr'><strong>Aristoteles</strong></span> <span class='ocrx_word' id='word_1_853' title='bbox 1318 2831 1421 2885; x_wconf 92' lang='lat' dir='ltr'><strong>barum</strong></span> <span class='ocrx_word' id='word_1_854' title='bbox 1446 2835 1596 2901; x_wconf 91' lang='lat' dir='ltr'><strong>quatuors</strong></span> <span class='ocrx_word' id='word_1_855' title='bbox 1619 2827 1836 2897; x_wconf 71' lang='lat' dir='ltr'><strong>celerumque</strong></span> 
     </span>
     <span class='ocr_line' id='line_1_116' title="bbox 986 2845 1854 3026; baseline -0.005 -70"><span class='ocrx_word' id='word_1_856' title='bbox 986 2919 1019 2957; x_wconf 85' lang='lat' dir='ltr'><strong>ex</strong></span> <span class='ocrx_word' id='word_1_857' title='bbox 1030 2901 1168 2973; x_wconf 86' lang='lat' dir='ltr'><strong>oppositis</strong></span> <span class='ocrx_word' id='word_1_858' title='bbox 1178 2900 1306 2967; x_wconf 90' lang='lat' dir='ltr'><strong>veniunt,</strong></span> <span class='ocrx_word' id='word_1_859' title='bbox 1318 2900 1508 3026; x_wconf 58' lang='lat' dir='ltr'><strong>proprietates</strong></span> <span class='ocrx_word' id='word_1_860' title='bbox 1522 2905 1551 2955; x_wconf 89' lang='lat' dir='ltr'><strong>et</strong></span> <span class='ocrx_word' id='word_1_861' title='bbox 1563 2845 1736 2954; x_wconf 75' lang='lat' dir='ltr'><strong>dilierentias</strong></span> <span class='ocrx_word' id='word_1_862' title='bbox 1750 2897 1836 2953; x_wconf 87' lang='lat' dir='ltr'><strong>latius</strong></span> <span class='ocrx_word' id='word_1_863' title='bbox 1851 2954 1854 2959; x_wconf 77' lang='grc'><strong>,</strong></span> 
     </span>
     <span class='ocr_line' id='line_1_117' title="bbox 986 2971 1838 3039; baseline -0.005 -11"><span class='ocrx_word' id='word_1_864' title='bbox 986 2978 1014 3029; x_wconf 91' lang='grc'><strong>11</strong></span> <span class='ocrx_word' id='word_1_865' title='bbox 1038 2974 1135 3027; x_wconf 91' lang='lat' dir='ltr'><strong>multis</strong></span> <span class='ocrx_word' id='word_1_866' title='bbox 1156 2972 1248 3026; x_wconf 93' lang='lat' dir='ltr'><strong>modis</strong></span> <span class='ocrx_word' id='word_1_867' title='bbox 1264 2988 1296 3026; x_wconf 81' lang='lat' dir='ltr'><strong>ex</strong></span> <span class='ocrx_word' id='word_1_868' title='bbox 1331 2971 1438 3027; x_wconf 86' lang='lat' dir='ltr'><strong>icavit:</strong></span> <span class='ocrx_word' id='word_1_869' title='bbox 1466 2987 1517 3026; x_wconf 88' lang='lat' dir='ltr'><strong>nos</strong></span> <span class='ocrx_word' id='word_1_870' title='bbox 1539 2975 1637 3025; x_wconf 90' lang='lat' dir='ltr'><strong>autem</strong></span> <span class='ocrx_word' id='word_1_871' title='bbox 1660 2975 1689 3025; x_wconf 90' lang='lat' dir='ltr'><strong>et</strong></span> <span class='ocrx_word' id='word_1_872' title='bbox 1703 2985 1794 3039; x_wconf 82' lang='lat' dir='ltr'><strong>genus</strong></span> <span class='ocrx_word' id='word_1_873' title='bbox 1808 2971 1838 3024; x_wconf 91' lang='lat' dir='ltr'><strong>et</strong></span> 
     </span>
     <span class='ocr_line' id='line_1_118' title="bbox 985 3038 1833 3115; baseline -0.007 -17"><span class='ocrx_word' id='word_1_874' title='bbox 985 3043 1093 3115; x_wconf 86' lang='lat' dir='ltr'><strong>species</strong></span> <span class='ocrx_word' id='word_1_875' title='bbox 1113 3043 1241 3112; x_wconf 88' lang='lat' dir='ltr'><strong>posuisse</strong></span> <span class='ocrx_word' id='word_1_876' title='bbox 1260 3060 1291 3097; x_wconf 91' lang='lat' dir='ltr'><strong>su</strong></span> <span class='ocrx_word' id='word_1_877' title='bbox 1327 3043 1391 3111; x_wconf 91' lang='lat' dir='ltr'><strong>ciat,</strong></span> <span class='ocrx_word' id='word_1_878' title='bbox 1416 3058 1452 3097; x_wconf 92' lang='lat' dir='ltr'><strong>ue</strong></span> <span class='ocrx_word' id='word_1_879' title='bbox 1467 3041 1669 3097; x_wconf 88' lang='lat' dir='ltr'><strong>minutioribus</strong></span> <span class='ocrx_word' id='word_1_880' title='bbox 1693 3038 1833 3112; x_wconf 88' lang='lat' dir='ltr'><strong>occupati,</strong></span> 
     </span>
     <span class='ocr_line' id='line_1_119' title="bbox 985 3114 1491 3170; baseline -0.006 0"><span class='ocrx_word' id='word_1_881' title='bbox 985 3114 1133 3170; x_wconf 81' lang='lat' dir='ltr'><strong>fastidium</strong></span> <span class='ocrx_word' id='word_1_882' title='bbox 1149 3114 1315 3169; x_wconf 86' lang='lat' dir='ltr'><strong>necessariis</strong></span> <span class='ocrx_word' id='word_1_883' title='bbox 1330 3114 1491 3168; x_wconf 89' lang='lat' dir='ltr'><strong>alleramus.</strong></span> 
     </span>
    </p>

    <p class='ocr_par' dir='ltr' id='par_1_13' title="bbox 1203 3185 1610 3266">
     <span class='ocr_line' id='line_1_120' title="bbox 1203 3185 1610 3266; baseline -0.002 -27"><span class='ocrx_word' id='word_1_884' title='bbox 1203 3185 1315 3241; x_wconf 80' lang='lat' dir='ltr'>CAPUT</span> <span class='ocrx_word' id='word_1_885' title='bbox 1333 3186 1398 3242; x_wconf 87' lang='grc'><strong>11111.</strong></span> <span class='ocrx_word' id='word_1_886' title='bbox 1414 3215 1448 3226; x_wconf 95' lang='grc'>-</span> <span class='ocrx_word' id='word_1_887' title='bbox 1463 3188 1500 3240; x_wconf 86' lang='grc'><strong>111</strong></span> <span class='ocrx_word' id='word_1_888' title='bbox 1512 3185 1610 3266; x_wconf 80' lang='lat' dir='ltr'><strong>priori.</strong></span> 
     </span>
    </p>

    <p class='ocr_par' dir='ltr' id='par_1_14' title="bbox 983 3254 1900 5814">
     <span class='ocr_line' id='line_1_121' title="bbox 1021 3254 1836 3328; baseline -0.001 -19"><span class='ocrx_word' id='word_1_889' title='bbox 1021 3255 1154 3327; x_wconf 83' lang='lat' dir='ltr'><strong>Quinque</strong></span> <span class='ocrx_word' id='word_1_890' title='bbox 1169 3256 1261 3311; x_wconf 90' lang='lat' dir='ltr'><strong>modis</strong></span> <span class='ocrx_word' id='word_1_891' title='bbox 1277 3255 1355 3312; x_wconf 89' lang='lat' dir='ltr'><strong>aliud</strong></span> <span class='ocrx_word' id='word_1_892' title='bbox 1370 3257 1460 3311; x_wconf 89' lang='lat' dir='ltr'><strong>altero</strong></span> <span class='ocrx_word' id='word_1_893' title='bbox 1475 3272 1555 3328; x_wconf 80' lang='lat' dir='ltr'><strong>prius</strong></span> <span class='ocrx_word' id='word_1_894' title='bbox 1570 3254 1695 3310; x_wconf 89' lang='lat' dir='ltr'><strong>dicitur:</strong></span> <span class='ocrx_word' id='word_1_895' title='bbox 1712 3269 1836 3326; x_wconf 87' lang='lat' dir='ltr'><strong>quorum</strong></span> 
     </span>
     <span class='ocr_line' id='line_1_122' title="bbox 986 3325 1834 3399; baseline -0.004 -18"><span class='ocrx_word' id='word_1_896' title='bbox 986 3328 1097 3395; x_wconf 89' lang='lat' dir='ltr'><strong>primus</strong></span> <span class='ocrx_word' id='word_1_897' title='bbox 1113 3331 1165 3393; x_wconf 92' lang='lat' dir='ltr'><strong>est,</strong></span> <span class='ocrx_word' id='word_1_898' title='bbox 1182 3343 1247 3381; x_wconf 92' lang='lat' dir='ltr'><strong>eum</strong></span> <span class='ocrx_word' id='word_1_899' title='bbox 1262 3328 1384 3383; x_wconf 92' lang='lat' dir='ltr'><strong>dicimus</strong></span> <span class='ocrx_word' id='word_1_900' title='bbox 1400 3327 1525 3399; x_wconf 91' lang='lat' dir='ltr'><strong>aliquem</strong></span> <span class='ocrx_word' id='word_1_901' title='bbox 1542 3332 1669 3398; x_wconf 89' lang='lat' dir='ltr'><strong>ternpore</strong></span> <span class='ocrx_word' id='word_1_902' title='bbox 1680 3325 1834 3385; x_wconf 79' lang='lat' dir='ltr'><strong>senioretti.</strong></span> 
     </span>
     <span class='ocr_line' id='line_1_123' title="bbox 986 3396 1837 3470; baseline -0.006 -16"><span class='ocrx_word' id='word_1_903' title='bbox 986 3398 1132 3454; x_wconf 90' lang='lat' dir='ltr'><strong>Secundus</strong></span> <span class='ocrx_word' id='word_1_904' title='bbox 1161 3398 1264 3453; x_wconf 90' lang='lat' dir='ltr'><strong>modus</strong></span> <span class='ocrx_word' id='word_1_905' title='bbox 1288 3404 1341 3468; x_wconf 90' lang='lat' dir='ltr'><strong>est,</strong></span> <span class='ocrx_word' id='word_1_906' title='bbox 1369 3398 1399 3452; x_wconf 92' lang='lat' dir='ltr'><strong>in</strong></span> <span class='ocrx_word' id='word_1_907' title='bbox 1428 3414 1485 3470; x_wconf 96' lang='lat' dir='ltr'><strong>quo</strong></span> <span class='ocrx_word' id='word_1_908' title='bbox 1516 3397 1624 3470; x_wconf 91' lang='lat' dir='ltr'><strong>aliquid</strong></span> <span class='ocrx_word' id='word_1_909' title='bbox 1648 3396 1775 3451; x_wconf 89' lang='lat' dir='ltr'><strong>nascitur</strong></span> <span class='ocrx_word' id='word_1_910' title='bbox 1802 3410 1837 3450; x_wconf 85' lang='lat' dir='ltr'><strong>ex</strong></span> 
     </span>
     <span class='ocr_line' id='line_1_124' title="bbox 986 3466 1836 3540; baseline -0.004 -17"><span class='ocrx_word' id='word_1_911' title='bbox 986 3469 1096 3540; x_wconf 88' lang='lat' dir='ltr'><strong>priore;</strong></span> <span class='ocrx_word' id='word_1_912' title='bbox 1112 3469 1159 3524; x_wconf 90' lang='lat' dir='ltr'><strong>sed</strong></span> <span class='ocrx_word' id='word_1_913' title='bbox 1175 3468 1271 3540; x_wconf 92' lang='lat' dir='ltr'><strong>priore</strong></span> <span class='ocrx_word' id='word_1_914' title='bbox 1291 3473 1430 3539; x_wconf 91' lang='lat' dir='ltr'><strong>pereunte</strong></span> <span class='ocrx_word' id='word_1_915' title='bbox 1441 3468 1599 3523; x_wconf 86' lang='lat' dir='ltr'><strong>secundum</strong></span> <span class='ocrx_word' id='word_1_916' title='bbox 1613 3467 1697 3540; x_wconf 91' lang='lat' dir='ltr'><strong>perit,</strong></span> <span class='ocrx_word' id='word_1_917' title='bbox 1712 3466 1836 3521; x_wconf 89' lang='lat' dir='ltr'><strong>secundo</strong></span> 
     </span>
     <span class='ocr_line' id='line_1_125' title="bbox 986 3540 1837 3611; baseline -0.002 -18"><span class='ocrx_word' id='word_1_918' title='bbox 986 3543 1125 3611; x_wconf 89' lang='lat' dir='ltr'><strong>pereunte</strong></span> <span class='ocrx_word' id='word_1_919' title='bbox 1140 3543 1220 3610; x_wconf 89' lang='lat' dir='ltr'><strong>prius</strong></span> <span class='ocrx_word' id='word_1_920' title='bbox 1235 3540 1377 3595; x_wconf 92' lang='lat' dir='ltr'><strong>incolume</strong></span> <span class='ocrx_word' id='word_1_921' title='bbox 1390 3546 1570 3611; x_wconf 72' lang='lat' dir='ltr'><strong>perseverat,</strong></span> <span class='ocrx_word' id='word_1_922' title='bbox 1585 3546 1617 3594; x_wconf 90' lang='lat' dir='ltr'><strong>ut</strong></span> <span class='ocrx_word' id='word_1_923' title='bbox 1630 3544 1673 3593; x_wconf 90' lang='lat' dir='ltr'><strong>est</strong></span> <span class='ocrx_word' id='word_1_924' title='bbox 1683 3553 1775 3593; x_wconf 80' lang='lat' dir='ltr'><strong>riuum</strong></span> <span class='ocrx_word' id='word_1_925' title='bbox 1790 3554 1837 3591; x_wconf 94' lang='lat' dir='ltr'><strong>na-</strong></span> 
     </span>
     <span class='ocr_line' id='line_1_126' title="bbox 986 3608 1836 3681; baseline -0.002 -16"><span class='ocrx_word' id='word_1_926' title='bbox 986 3612 1117 3666; x_wconf 90' lang='lat' dir='ltr'><strong>turaliter</strong></span> <span class='ocrx_word' id='word_1_927' title='bbox 1143 3612 1224 3681; x_wconf 92' lang='lat' dir='ltr'><strong>prius</strong></span> <span class='ocrx_word' id='word_1_928' title='bbox 1239 3611 1349 3666; x_wconf 93' lang='lat' dir='ltr'><strong>duobus</strong></span> <span class='ocrx_word' id='word_1_929' title='bbox 1365 3626 1372 3665; x_wconf 75' lang='grc' dir='ltr'><strong>ε</strong></span> <span class='ocrx_word' id='word_1_930' title='bbox 1397 3627 1431 3666; x_wconf 84' lang='grc'><strong>11</strong></span> <span class='ocrx_word' id='word_1_931' title='bbox 1453 3627 1488 3664; x_wconf 88' lang='grc'><strong>11</strong></span> <span class='ocrx_word' id='word_1_932' title='bbox 1503 3610 1581 3664; x_wconf 91' lang='lat' dir='ltr'><strong>enim</strong></span> <span class='ocrx_word' id='word_1_933' title='bbox 1595 3614 1753 3665; x_wconf 88' lang='lat' dir='ltr'><strong>nascuntur</strong></span> <span class='ocrx_word' id='word_1_934' title='bbox 1767 3608 1836 3676; x_wconf 91' lang='lat' dir='ltr'><strong>duo,</strong></span> 
     </span>
     <span class='ocr_line' id='line_1_127' title="bbox 986 3680 1837 3753; baseline -0.004 -17"><span class='ocrx_word' id='word_1_935' title='bbox 986 3682 1033 3737; x_wconf 90' lang='lat' dir='ltr'><strong>sed</strong></span> <span class='ocrx_word' id='word_1_936' title='bbox 1049 3681 1109 3736; x_wconf 92' lang='lat' dir='ltr'><strong>sine</strong></span> <span class='ocrx_word' id='word_1_937' title='bbox 1124 3698 1182 3736; x_wconf 91' lang='lat' dir='ltr'><strong>uno</strong></span> <span class='ocrx_word' id='word_1_938' title='bbox 1195 3682 1253 3737; x_wconf 92' lang='lat' dir='ltr'><strong>duo</strong></span> <span class='ocrx_word' id='word_1_939' title='bbox 1268 3698 1394 3736; x_wconf 90' lang='lat' dir='ltr'><strong>essenon</strong></span> <span class='ocrx_word' id='word_1_940' title='bbox 1410 3686 1539 3753; x_wconf 88' lang='lat' dir='ltr'><strong>possunt,</strong></span> <span class='ocrx_word' id='word_1_941' title='bbox 1550 3682 1612 3736; x_wconf 89' lang='lat' dir='ltr'><strong>sine</strong></span> <span class='ocrx_word' id='word_1_942' title='bbox 1623 3680 1735 3735; x_wconf 89' lang='lat' dir='ltr'><strong>duobus</strong></span> <span class='ocrx_word' id='word_1_943' title='bbox 1745 3683 1837 3734; x_wconf 78' lang='lat' dir='ltr'><strong>status</strong></span> 
     </span>
     <span class='ocr_line' id='line_1_128' title="bbox 986 3752 1834 3820; baseline -0.002 -14"><span class='ocrx_word' id='word_1_944' title='bbox 986 3752 1071 3807; x_wconf 91' lang='lat' dir='ltr'><strong>unius</strong></span> <span class='ocrx_word' id='word_1_945' title='bbox 1094 3757 1206 3820; x_wconf 76' lang='lat' dir='ltr'><strong>manet,</strong></span> <span class='ocrx_word' id='word_1_946' title='bbox 1226 3757 1253 3807; x_wconf 89' lang='lat' dir='ltr'><strong>et</strong></span> <span class='ocrx_word' id='word_1_947' title='bbox 1272 3753 1383 3808; x_wconf 87' lang='lat' dir='ltr'><strong>dnobus</strong></span> <span class='ocrx_word' id='word_1_948' title='bbox 1405 3752 1579 3807; x_wconf 86' lang='lat' dir='ltr'><strong>exstantibus</strong></span> <span class='ocrx_word' id='word_1_949' title='bbox 1594 3767 1655 3806; x_wconf 90' lang='lat' dir='ltr'><strong>esse</strong></span> <span class='ocrx_word' id='word_1_950' title='bbox 1677 3766 1769 3806; x_wconf 91' lang='lat' dir='ltr'><strong>unum</strong></span> <span class='ocrx_word' id='word_1_951' title='bbox 1783 3765 1834 3805; x_wconf 93' lang='lat' dir='ltr'><strong>ue·</strong></span> 
     </span>
     <span class='ocr_line' id='line_1_129' title="bbox 986 3819 1835 3895; baseline -0.004 -17"><span class='ocrx_word' id='word_1_952' title='bbox 986 3839 1063 3879; x_wconf 91' lang='lat' dir='ltr'><strong>cesse</strong></span> <span class='ocrx_word' id='word_1_953' title='bbox 1077 3827 1130 3890; x_wconf 90' lang='lat' dir='ltr'><strong>est,</strong></span> <span class='ocrx_word' id='word_1_954' title='bbox 1146 3839 1204 3878; x_wconf 93' lang='lat' dir='ltr'><strong>uno</strong></span> <span class='ocrx_word' id='word_1_955' title='bbox 1218 3839 1284 3879; x_wconf 89' lang='lat' dir='ltr'><strong>vero</strong></span> <span class='ocrx_word' id='word_1_956' title='bbox 1300 3829 1455 3895; x_wconf 88' lang='lat' dir='ltr'><strong>apparente</strong></span> <span class='ocrx_word' id='word_1_957' title='bbox 1469 3823 1526 3878; x_wconf 93' lang='lat' dir='ltr'><strong>duo</strong></span> <span class='ocrx_word' id='word_1_958' title='bbox 1539 3837 1600 3878; x_wconf 89' lang='lat' dir='ltr'><strong>esse</strong></span> <span class='ocrx_word' id='word_1_959' title='bbox 1614 3821 1694 3877; x_wconf 85' lang='lat' dir='ltr'><strong>nulla</strong></span> <span class='ocrx_word' id='word_1_960' title='bbox 1708 3819 1835 3878; x_wconf 87' lang='lat' dir='ltr'><strong>necessi·</strong></span> 
     </span>
     <span class='ocr_line' id='line_1_130' title="bbox 986 3892 1837 4020; baseline -0.004 -70"><span class='ocrx_word' id='word_1_961' title='bbox 986 3899 1029 3950; x_wconf 89' lang='lat' dir='ltr'><strong>tas</strong></span> <span class='ocrx_word' id='word_1_962' title='bbox 1050 3894 1136 4020; x_wconf 61' lang='lat' dir='ltr'><strong>cogit.</strong></span> <span class='ocrx_word' id='word_1_963' title='bbox 1160 3893 1255 3951; x_wconf 88' lang='lat' dir='ltr'><strong>Tertio</strong></span> <span class='ocrx_word' id='word_1_964' title='bbox 1276 3897 1358 3951; x_wconf 92' lang='lat' dir='ltr'><strong>modo</strong></span> <span class='ocrx_word' id='word_1_965' title='bbox 1381 3894 1451 3950; x_wconf 86' lang='lat' dir='ltr'><strong>ordo</strong></span> <span class='ocrx_word' id='word_1_966' title='bbox 1473 3893 1592 3965; x_wconf 90' lang='lat' dir='ltr'><strong>quidam</strong></span> <span class='ocrx_word' id='word_1_967' title='bbox 1612 3892 1693 4019; x_wconf 62' lang='lat' dir='ltr'><strong>prius</strong></span> <span class='ocrx_word' id='word_1_968' title='bbox 1714 3893 1837 3948; x_wconf 92' lang='lat' dir='ltr'><strong>alterum</strong></span> 
     </span>
     <span class='ocr_line' id='line_1_131' title="bbox 986 3961 1837 4036; baseline -0.005 -15"><span class='ocrx_word' id='word_1_969' title='bbox 986 3966 1068 4021; x_wconf 90' lang='lat' dir='ltr'><strong>alteri</strong></span> <span class='ocrx_word' id='word_1_970' title='bbox 1093 3964 1157 4031; x_wconf 87' lang='grc'><strong>1111,</strong></span> <span class='ocrx_word' id='word_1_971' title='bbox 1174 3968 1207 4020; x_wconf 89' lang='grc'><strong>11</strong></span> <span class='ocrx_word' id='word_1_972' title='bbox 1224 3964 1254 4020; x_wconf 87' lang='grc'><strong>11</strong></span> <span class='ocrx_word' id='word_1_973' title='bbox 1274 3964 1432 4036; x_wconf 88' lang='lat' dir='ltr'><strong>disciplinis</strong></span> <span class='ocrx_word' id='word_1_974' title='bbox 1448 3968 1477 4020; x_wconf 88' lang='lat' dir='ltr'><strong>et</strong></span> <span class='ocrx_word' id='word_1_975' title='bbox 1487 3965 1596 4022; x_wconf 88' lang='lat' dir='ltr'><strong>artibus</strong></span> <span class='ocrx_word' id='word_1_976' title='bbox 1625 3963 1780 4020; x_wconf 88' lang='lat' dir='ltr'><strong>iberalibus</strong></span> <span class='ocrx_word' id='word_1_977' title='bbox 1793 3961 1837 4018; x_wconf 92' lang='lat' dir='ltr'><strong>in·</strong></span> 
     </span>
     <span class='ocr_line' id='line_1_132' title="bbox 986 4033 1839 4108; baseline -0.004 -15"><span class='ocrx_word' id='word_1_978' title='bbox 986 4037 1117 4093; x_wconf 82' lang='lat' dir='ltr'><strong>venimus</strong></span> <span class='ocrx_word' id='word_1_979' title='bbox 1137 4052 1144 4092; x_wconf 90' lang='lat'>:</span> <span class='ocrx_word' id='word_1_980' title='bbox 1160 4052 1285 4108; x_wconf 89' lang='lat' dir='ltr'><strong>namque</strong></span> <span class='ocrx_word' id='word_1_981' title='bbox 1306 4035 1337 4092; x_wconf 91' lang='lat' dir='ltr'><strong>in</strong></span> <span class='ocrx_word' id='word_1_982' title='bbox 1351 4037 1538 4108; x_wconf 88' lang='lat' dir='ltr'><strong>grammatica</strong></span> <span class='ocrx_word' id='word_1_983' title='bbox 1553 4035 1635 4107; x_wconf 88' lang='lat' dir='ltr'><strong>prius</strong></span> <span class='ocrx_word' id='word_1_984' title='bbox 1656 4039 1700 4090; x_wconf 91' lang='lat' dir='ltr'><strong>est</strong></span> <span class='ocrx_word' id='word_1_985' title='bbox 1713 4033 1839 4104; x_wconf 88' lang='lat' dir='ltr'><strong>singula·</strong></span> 
     </span>
     <span class='ocr_line' id='line_1_133' title="bbox 988 4104 1838 4172; baseline -0.004 -10"><span class='ocrx_word' id='word_1_986' title='bbox 988 4124 1053 4163; x_wconf 92' lang='lat' dir='ltr'><strong>rum</strong></span> <span class='ocrx_word' id='word_1_987' title='bbox 1079 4107 1172 4162; x_wconf 89' lang='lat' dir='ltr'><strong>dicere</strong></span> <span class='ocrx_word' id='word_1_988' title='bbox 1202 4108 1310 4162; x_wconf 85' lang='lat' dir='ltr'><strong>formas</strong></span> <span class='ocrx_word' id='word_1_989' title='bbox 1338 4113 1367 4161; x_wconf 91' lang='grc'><strong>11</strong></span> <span class='ocrx_word' id='word_1_990' title='bbox 1384 4106 1503 4162; x_wconf 89' lang='lat' dir='ltr'><strong>nomina</strong></span> <span class='ocrx_word' id='word_1_991' title='bbox 1531 4107 1704 4172; x_wconf 90' lang='lat' dir='ltr'><strong>litterarum,</strong></span> <span class='ocrx_word' id='word_1_992' title='bbox 1734 4104 1838 4160; x_wconf 90' lang='lat' dir='ltr'><strong>dehine</strong></span> 
     </span>
     <span class='ocr_line' id='line_1_134' title="bbox 987 4173 1837 4249; baseline -0.005 -17"><span class='ocrx_word' id='word_1_993' title='bbox 987 4179 1158 4249; x_wconf 86' lang='lat' dir='ltr'><strong>syllabarum</strong></span> <span class='ocrx_word' id='word_1_994' title='bbox 1174 4177 1390 4249; x_wconf 88' lang='lat' dir='ltr'><strong>conjunctiones</strong></span> <span class='ocrx_word' id='word_1_995' title='bbox 1405 4191 1585 4248; x_wconf 86' lang='lat' dir='ltr'><strong>cognoscere,</strong></span> <span class='ocrx_word' id='word_1_996' title='bbox 1608 4180 1670 4230; x_wconf 90' lang='lat' dir='ltr'><strong>tum</strong></span> <span class='ocrx_word' id='word_1_997' title='bbox 1683 4173 1837 4231; x_wconf 84' lang='lat' dir='ltr'><strong>verborum</strong></span> 
     </span>
     <span class='ocr_line' id='line_1_135' title="bbox 987 4245 1837 4320; baseline -0.005 -17"><span class='ocrx_word' id='word_1_998' title='bbox 987 4265 1100 4303; x_wconf 89' lang='lat' dir='ltr'><strong>sumere</strong></span> <span class='ocrx_word' id='word_1_999' title='bbox 1124 4249 1273 4303; x_wconf 91' lang='lat' dir='ltr'><strong>notionem</strong></span> <span class='ocrx_word' id='word_1_1000' title='bbox 1301 4265 1308 4304; x_wconf 93' lang='lat'><strong>:</strong></span> <span class='ocrx_word' id='word_1_1001' title='bbox 1335 4253 1496 4320; x_wconf 89' lang='lat' dir='ltr'><strong>postremus</strong></span> <span class='ocrx_word' id='word_1_1002' title='bbox 1518 4246 1600 4302; x_wconf 91' lang='lat' dir='ltr'><strong>uobis</strong></span> <span class='ocrx_word' id='word_1_1003' title='bbox 1629 4250 1672 4300; x_wconf 91' lang='lat' dir='ltr'><strong>est</strong></span> <span class='ocrx_word' id='word_1_1004' title='bbox 1697 4245 1837 4300; x_wconf 88' lang='lat' dir='ltr'><strong>orationis</strong></span> 
     </span>
     <span class='ocr_line' id='line_1_136' title="bbox 987 4315 1838 4391; baseline -0.007 -16"><span class='ocrx_word' id='word_1_1005' title='bbox 987 4336 1055 4375; x_wconf 90' lang='lat' dir='ltr'><strong>usus</strong></span> <span class='ocrx_word' id='word_1_1006' title='bbox 1078 4319 1276 4387; x_wconf 92' lang='lat' dir='ltr'><strong>assumendus,</strong></span> <span class='ocrx_word' id='word_1_1007' title='bbox 1300 4326 1419 4391; x_wconf 89' lang='lat' dir='ltr'><strong>propter</strong></span> <span class='ocrx_word' id='word_1_1008' title='bbox 1432 4334 1518 4390; x_wconf 91' lang='lat' dir='ltr'><strong>quem</strong></span> <span class='ocrx_word' id='word_1_1009' title='bbox 1540 4321 1640 4372; x_wconf 88' lang='lat' dir='ltr'><strong>cuncta</strong></span> <span class='ocrx_word' id='word_1_1010' title='bbox 1663 4315 1736 4387; x_wconf 84' lang='lat' dir='ltr'><strong>ejus,</strong></span> <span class='ocrx_word' id='word_1_1011' title='bbox 1754 4315 1838 4388; x_wconf 91' lang='lat' dir='ltr'><strong>quasi</strong></span> 
     </span>
     <span class='ocr_line' id='line_1_137' title="bbox 986 4386 1837 4514; baseline -0.004 -69"><span class='ocrx_word' id='word_1_1012' title='bbox 986 4390 1192 4462; x_wconf 84' lang='lat' dir='ltr'><strong>praecurrentia</strong></span> <span class='ocrx_word' id='word_1_1013' title='bbox 1207 4391 1347 4457; x_wconf 88' lang='lat' dir='ltr'><strong>membra,</strong></span> <span class='ocrx_word' id='word_1_1014' title='bbox 1368 4389 1575 4514; x_wconf 64' lang='lat' dir='ltr'><strong>cognoscimus.</strong></span> <span class='ocrx_word' id='word_1_1015' title='bbox 1602 4389 1635 4442; x_wconf 88' lang='lat' dir='ltr'><strong>Et</strong></span> <span class='ocrx_word' id='word_1_1016' title='bbox 1650 4387 1679 4441; x_wconf 92' lang='lat' dir='ltr'><strong>in</strong></span> <span class='ocrx_word' id='word_1_1017' title='bbox 1695 4386 1837 4442; x_wconf 86' lang='lat' dir='ltr'><strong>rhetorica</strong></span> 
     </span>
     <span class='ocr_line' id='line_1_138' title="bbox 986 4457 1837 4533; baseline -0.004 -17"><span class='ocrx_word' id='word_1_1018' title='bbox 986 4461 1090 4533; x_wconf 90' lang='lat' dir='ltr'><strong>prioris</strong></span> <span class='ocrx_word' id='word_1_1019' title='bbox 1112 4463 1191 4516; x_wconf 91' lang='lat' dir='ltr'><strong>locus</strong></span> <span class='ocrx_word' id='word_1_1020' title='bbox 1215 4461 1348 4517; x_wconf 90' lang='lat' dir='ltr'><strong>similiter</strong></span> <span class='ocrx_word' id='word_1_1021' title='bbox 1367 4478 1399 4515; x_wconf 92' lang='lat' dir='ltr'><strong>co</strong></span> <span class='ocrx_word' id='word_1_1022' title='bbox 1413 4462 1543 4515; x_wconf 90' lang='lat' dir='ltr'><strong>locatur:</strong></span> <span class='ocrx_word' id='word_1_1023' title='bbox 1569 4475 1636 4513; x_wconf 90' lang='lat' dir='ltr'><strong>nam</strong></span> <span class='ocrx_word' id='word_1_1024' title='bbox 1648 4457 1729 4529; x_wconf 85' lang='lat' dir='ltr'><strong>prius</strong></span> <span class='ocrx_word' id='word_1_1025' title='bbox 1743 4474 1837 4529; x_wconf 89' lang='lat' dir='ltr'><strong>prooe·</strong></span> 
     </span>
     <span class='ocr_line' id='line_1_139' title="bbox 987 4528 1839 4610; baseline -0.005 -23"><span class='ocrx_word' id='word_1_1026' title='bbox 987 4533 1079 4588; x_wconf 92' lang='lat' dir='ltr'><strong>mium</strong></span> <span class='ocrx_word' id='word_1_1027' title='bbox 1094 4532 1226 4598; x_wconf 92' lang='lat' dir='ltr'><strong>dicimus,</strong></span> <span class='ocrx_word' id='word_1_1028' title='bbox 1252 4532 1355 4588; x_wconf 89' lang='lat' dir='ltr'><strong>dehinc</strong></span> <span class='ocrx_word' id='word_1_1029' title='bbox 1378 4531 1582 4598; x_wconf 88' lang='lat' dir='ltr'><strong>narrationem,</strong></span> <span class='ocrx_word' id='word_1_1030' title='bbox 1608 4533 1673 4609; x_wconf 78' lang='lat' dir='ltr'><strong>post</strong></span> <span class='ocrx_word' id='word_1_1031' title='bbox 1696 4528 1839 4610; x_wconf 82' lang='lat' dir='ltr'><strong>depulsio·</strong></span> 
     </span>
     <span class='ocr_line' id='line_1_140' title="bbox 987 4601 1837 4673; baseline -0.006 -14"><span class='ocrx_word' id='word_1_1032' title='bbox 987 4621 1063 4672; x_wconf 87' lang='lat' dir='ltr'><strong>nem,</strong></span> <span class='ocrx_word' id='word_1_1033' title='bbox 1078 4609 1140 4659; x_wconf 91' lang='lat' dir='ltr'><strong>tum</strong></span> <span class='ocrx_word' id='word_1_1034' title='bbox 1157 4603 1418 4670; x_wconf 80' lang='lat' dir='ltr'><strong>confirmationem3</strong></span> <span class='ocrx_word' id='word_1_1035' title='bbox 1435 4607 1595 4673; x_wconf 90' lang='lat' dir='ltr'><strong>postremus</strong></span> <span class='ocrx_word' id='word_1_1036' title='bbox 1610 4601 1740 4672; x_wconf 86' lang='lat' dir='ltr'><strong>epilogus</strong></span> <span class='ocrx_word' id='word_1_1037' title='bbox 1754 4615 1837 4671; x_wconf 88' lang='lat' dir='ltr'><strong>pom·</strong></span> 
     </span>
     <span class='ocr_line' id='line_1_141' title="bbox 986 4671 1836 4746; baseline -0.002 -17"><span class='ocrx_word' id='word_1_1038' title='bbox 986 4680 1042 4731; x_wconf 89' lang='lat' dir='ltr'><strong>tur.</strong></span> <span class='ocrx_word' id='word_1_1039' title='bbox 1075 4676 1122 4730; x_wconf 91' lang='lat' dir='ltr'><strong>llis</strong></span> <span class='ocrx_word' id='word_1_1040' title='bbox 1150 4675 1239 4746; x_wconf 87' lang='lat' dir='ltr'><strong>igitur</strong></span> <span class='ocrx_word' id='word_1_1041' title='bbox 1276 4673 1413 4744; x_wconf 77' lang='lat' dir='ltr'><strong>exemplis</strong></span> <span class='ocrx_word' id='word_1_1042' title='bbox 1440 4671 1558 4728; x_wconf 88' lang='lat' dir='ltr'><strong>tertium</strong></span> <span class='ocrx_word' id='word_1_1043' title='bbox 1586 4671 1691 4742; x_wconf 90' lang='lat' dir='ltr'><strong>prioris</strong></span> <span class='ocrx_word' id='word_1_1044' title='bbox 1718 4672 1836 4727; x_wconf 92' lang='lat' dir='ltr'><strong>modum</strong></span> 
     </span>
     <span class='ocr_line' id='line_1_142' title="bbox 986 4742 1837 4808; baseline -0.002 -8"><span class='ocrx_word' id='word_1_1045' title='bbox 986 4745 1108 4801; x_wconf 87' lang='lat' dir='ltr'><strong>sulliciat</strong></span> <span class='ocrx_word' id='word_1_1046' title='bbox 1129 4747 1347 4801; x_wconf 83' lang='lat' dir='ltr'><strong>demonstrasse.</strong></span> <span class='ocrx_word' id='word_1_1047' title='bbox 1373 4744 1496 4808; x_wconf 84' lang='lat' dir='ltr'><strong>Quartus</strong></span> <span class='ocrx_word' id='word_1_1048' title='bbox 1509 4758 1576 4796; x_wconf 85' lang='lat' dir='ltr'><strong>vero</strong></span> <span class='ocrx_word' id='word_1_1049' title='bbox 1592 4742 1694 4797; x_wconf 90' lang='lat' dir='ltr'><strong>modus</strong></span> <span class='ocrx_word' id='word_1_1050' title='bbox 1717 4747 1837 4798; x_wconf 87' lang='lat' dir='ltr'><strong>estnon</strong></span> 
     </span>
     <span class='ocr_line' id='line_1_143' title="bbox 986 4813 1837 4889; baseline -0.005 -18"><span class='ocrx_word' id='word_1_1051' title='bbox 986 4818 1110 4872; x_wconf 92' lang='lat' dir='ltr'><strong>multum</strong></span> <span class='ocrx_word' id='word_1_1052' title='bbox 1132 4815 1303 4889; x_wconf 83' lang='lat' dir='ltr'><strong>probabilis3</strong></span> <span class='ocrx_word' id='word_1_1053' title='bbox 1318 4821 1347 4870; x_wconf 92' lang='grc'><strong>11</strong></span> <span class='ocrx_word' id='word_1_1054' title='bbox 1358 4815 1394 4872; x_wconf 89' lang='lat' dir='ltr'><strong>ab</strong></span> <span class='ocrx_word' id='word_1_1055' title='bbox 1408 4814 1470 4886; x_wconf 90' lang='lat' dir='ltr'><strong>ipso</strong></span> <span class='ocrx_word' id='word_1_1056' title='bbox 1485 4813 1635 4869; x_wconf 81' lang='lat' dir='ltr'><strong>Aristotele</strong></span> <span class='ocrx_word' id='word_1_1057' title='bbox 1658 4814 1837 4885; x_wconf 87' lang='lat' dir='ltr'><strong>improbatus</strong></span> 
     </span>
     <span class='ocr_line' id='line_1_144' title="bbox 986 4883 1838 4959; baseline -0.004 -17"><span class='ocrx_word' id='word_1_1058' title='bbox 986 4889 1151 4959; x_wconf 81' lang='lat' dir='ltr'><strong>exponitur,</strong></span> <span class='ocrx_word' id='word_1_1059' title='bbox 1167 4893 1200 4943; x_wconf 91' lang='lat' dir='ltr'><strong>ut</strong></span> <span class='ocrx_word' id='word_1_1060' title='bbox 1209 4902 1274 4941; x_wconf 91' lang='lat' dir='ltr'><strong>cum</strong></span> <span class='ocrx_word' id='word_1_1061' title='bbox 1288 4888 1401 4942; x_wconf 84' lang='lat' dir='ltr'><strong>fortuna</strong></span> <span class='ocrx_word' id='word_1_1062' title='bbox 1412 4886 1546 4939; x_wconf 89' lang='lat' dir='ltr'><strong>meliores</strong></span> <span class='ocrx_word' id='word_1_1063' title='bbox 1560 4886 1604 4941; x_wconf 83' lang='lat' dir='ltr'><strong>rel</strong></span> <span class='ocrx_word' id='word_1_1064' title='bbox 1617 4883 1838 4956; x_wconf 77' lang='lat' dir='ltr'><strong>clarioresprio·</strong></span> 
     </span>
     <span class='ocr_line' id='line_1_145' title="bbox 986 4955 1837 5031; baseline -0.002 -19"><span class='ocrx_word' id='word_1_1065' title='bbox 986 4976 1032 5013; x_wconf 89' lang='lat' dir='ltr'><strong>res</strong></span> <span class='ocrx_word' id='word_1_1066' title='bbox 1046 4961 1148 5031; x_wconf 90' lang='lat' dir='ltr'><strong>vulgus</strong></span> <span class='ocrx_word' id='word_1_1067' title='bbox 1163 4959 1267 5013; x_wconf 86' lang='lat' dir='ltr'><strong>assolet</strong></span> <span class='ocrx_word' id='word_1_1068' title='bbox 1282 4958 1386 5013; x_wconf 88' lang='lat' dir='ltr'><strong>dicere.</strong></span> <span class='ocrx_word' id='word_1_1069' title='bbox 1402 4956 1457 5012; x_wconf 86' lang='lat' dir='ltr'><strong>Sed</strong></span> <span class='ocrx_word' id='word_1_1070' title='bbox 1475 4972 1539 5011; x_wconf 89' lang='lat' dir='ltr'><strong>mea</strong></span> <span class='ocrx_word' id='word_1_1071' title='bbox 1554 4956 1705 5021; x_wconf 92' lang='lat' dir='ltr'><strong>sententia,</strong></span> <span class='ocrx_word' id='word_1_1072' title='bbox 1721 4955 1763 5009; x_wconf 90' lang='lat' dir='ltr'><strong>vis</strong></span> <span class='ocrx_word' id='word_1_1073' title='bbox 1782 4955 1837 5010; x_wconf 75' lang='lat' dir='ltr'><strong>lim</strong></span> 
     </span>
     <span class='ocr_line' id='line_1_146' title="bbox 983 5024 1836 5102; baseline -0.006 -17"><span class='ocrx_word' id='word_1_1074' title='bbox 983 5030 1032 5102; x_wconf 86' lang='lat' dir='ltr'><strong>jus</strong></span> <span class='ocrx_word' id='word_1_1075' title='bbox 1055 5030 1158 5102; x_wconf 88' lang='lat' dir='ltr'><strong>prioris</strong></span> <span class='ocrx_word' id='word_1_1076' title='bbox 1182 5030 1299 5101; x_wconf 85' lang='lat' dir='ltr'><strong>explosa</strong></span> <span class='ocrx_word' id='word_1_1077' title='bbox 1322 5033 1375 5084; x_wconf 89' lang='lat' dir='ltr'><strong>est.</strong></span> <span class='ocrx_word' id='word_1_1078' title='bbox 1392 5027 1427 5083; x_wconf 87' lang='lat' dir='ltr'><strong>lli</strong></span> <span class='ocrx_word' id='word_1_1079' title='bbox 1441 5033 1507 5083; x_wconf 93' lang='lat' dir='ltr'><strong>sunt</strong></span> <span class='ocrx_word' id='word_1_1080' title='bbox 1521 5033 1646 5099; x_wconf 90' lang='lat' dir='ltr'><strong>quatuor</strong></span> <span class='ocrx_word' id='word_1_1081' title='bbox 1666 5027 1737 5096; x_wconf 90' lang='lat' dir='ltr'><strong>ejus,</strong></span> <span class='ocrx_word' id='word_1_1082' title='bbox 1759 5024 1836 5096; x_wconf 92' lang='lat' dir='ltr'><strong>quod</strong></span> 
     </span>
     <span class='ocr_line' id='line_1_147' title="bbox 987 5095 1837 5176; baseline -0.006 -22"><span class='ocrx_word' id='word_1_1083' title='bbox 987 5101 1066 5173; x_wconf 90' lang='lat' dir='ltr'><strong>prius</strong></span> <span class='ocrx_word' id='word_1_1084' title='bbox 1091 5101 1203 5165; x_wconf 92' lang='lat' dir='ltr'><strong>dicitur,</strong></span> <span class='ocrx_word' id='word_1_1085' title='bbox 1230 5099 1310 5154; x_wconf 92' lang='lat' dir='ltr'><strong>modi</strong></span> <span class='ocrx_word' id='word_1_1086' title='bbox 1326 5116 1333 5154; x_wconf 88' lang='lat'>:</span> <span class='ocrx_word' id='word_1_1087' title='bbox 1350 5099 1397 5154; x_wconf 90' lang='lat' dir='ltr'><strong>sed</strong></span> <span class='ocrx_word' id='word_1_1088' title='bbox 1423 5099 1560 5153; x_wconf 89' lang='lat' dir='ltr'><strong>occultior</strong></span> <span class='ocrx_word' id='word_1_1089' title='bbox 1580 5098 1695 5171; x_wconf 89' lang='lat' dir='ltr'><strong>quidam</strong></span> <span class='ocrx_word' id='word_1_1090' title='bbox 1719 5095 1837 5176; x_wconf 84' lang='lat' dir='ltr'><strong>quintus</strong></span> 
     </span>
     <span class='ocr_line' id='line_1_148' title="bbox 987 5166 1836 5244; baseline -0.007 -17"><span class='ocrx_word' id='word_1_1091' title='bbox 987 5173 1165 5244; x_wconf 83' lang='lat' dir='ltr'><strong>adjungitur,</strong></span> <span class='ocrx_word' id='word_1_1092' title='bbox 1188 5172 1312 5244; x_wconf 91' lang='lat' dir='ltr'><strong>quoties,</strong></span> <span class='ocrx_word' id='word_1_1093' title='bbox 1332 5186 1365 5225; x_wconf 82' lang='lat' dir='ltr'><strong>ex</strong></span> <span class='ocrx_word' id='word_1_1094' title='bbox 1387 5169 1507 5238; x_wconf 91' lang='lat' dir='ltr'><strong>duobus,</strong></span> <span class='ocrx_word' id='word_1_1095' title='bbox 1529 5185 1593 5242; x_wconf 80' lang='lat' dir='ltr'><strong>qnae</strong></span> <span class='ocrx_word' id='word_1_1096' title='bbox 1609 5169 1639 5222; x_wconf 94' lang='lat' dir='ltr'><strong>in</strong></span> <span class='ocrx_word' id='word_1_1097' title='bbox 1661 5183 1691 5221; x_wconf 92' lang='lat' dir='ltr'><strong>se</strong></span> <span class='ocrx_word' id='word_1_1098' title='bbox 1713 5166 1836 5221; x_wconf 82' lang='lat' dir='ltr'><strong>invicem</strong></span> 
     </span>
     <span class='ocr_line' id='line_1_149' title="bbox 987 5235 1833 5313; baseline -0.006 -16"><span class='ocrx_word' id='word_1_1099' title='bbox 987 5248 1200 5307; x_wconf 76' lang='lat' dir='ltr'><strong>convertuntur,</strong></span> <span class='ocrx_word' id='word_1_1100' title='bbox 1213 5242 1282 5296; x_wconf 92' lang='lat' dir='ltr'><strong>illud</strong></span> <span class='ocrx_word' id='word_1_1101' title='bbox 1298 5246 1340 5295; x_wconf 90' lang='lat' dir='ltr'><strong>est</strong></span> <span class='ocrx_word' id='word_1_1102' title='bbox 1352 5241 1450 5313; x_wconf 87' lang='lat' dir='ltr'><strong>potius</strong></span> <span class='ocrx_word' id='word_1_1103' title='bbox 1462 5241 1538 5312; x_wconf 91' lang='lat' dir='ltr'><strong>qnod</strong></span> <span class='ocrx_word' id='word_1_1104' title='bbox 1551 5255 1611 5293; x_wconf 89' lang='lat' dir='ltr'><strong>esse</strong></span> <span class='ocrx_word' id='word_1_1105' title='bbox 1622 5238 1744 5292; x_wconf 90' lang='lat' dir='ltr'><strong>alterum</strong></span> <span class='ocrx_word' id='word_1_1106' title='bbox 1751 5235 1833 5292; x_wconf 88' lang='lat' dir='ltr'><strong>lacit:</strong></span> 
     </span>
     <span class='ocr_line' id='line_1_150' title="bbox 987 5308 1837 5389; baseline -0.009 -21"><span class='ocrx_word' id='word_1_1107' title='bbox 987 5319 1019 5368; x_wconf 88' lang='lat' dir='ltr'><strong>ut</strong></span> <span class='ocrx_word' id='word_1_1108' title='bbox 1034 5314 1157 5386; x_wconf 79' lang='lat' dir='ltr'><strong>exempli</strong></span> <span class='ocrx_word' id='word_1_1109' title='bbox 1180 5314 1283 5384; x_wconf 86' lang='lat' dir='ltr'><strong>gratia,</strong></span> <span class='ocrx_word' id='word_1_1110' title='bbox 1308 5312 1331 5366; x_wconf 92' lang='lat' dir='ltr'><strong>si</strong></span> <span class='ocrx_word' id='word_1_1111' title='bbox 1353 5318 1396 5368; x_wconf 88' lang='lat' dir='ltr'><strong>est</strong></span> <span class='ocrx_word' id='word_1_1112' title='bbox 1420 5312 1518 5371; x_wconf 86' lang='lat' dir='ltr'><strong>bomo,</strong></span> <span class='ocrx_word' id='word_1_1113' title='bbox 1534 5315 1609 5364; x_wconf 85' lang='lat' dir='ltr'><strong>recte</strong></span> <span class='ocrx_word' id='word_1_1114' title='bbox 1633 5308 1755 5389; x_wconf 84' lang='lat' dir='ltr'><strong>dicimus</strong></span> <span class='ocrx_word' id='word_1_1115' title='bbox 1769 5323 1837 5361; x_wconf 94' lang='lat' dir='ltr'><strong>eum</strong></span> 
     </span>
     <span class='ocr_line' id='line_1_151' title="bbox 986 5381 1900 5451; baseline -0.008 -12"><span class='ocrx_word' id='word_1_1116' title='bbox 986 5385 1093 5439; x_wconf 89' lang='lat' dir='ltr'><strong>animat</strong></span> <span class='ocrx_word' id='word_1_1117' title='bbox 1109 5384 1256 5447; x_wconf 88' lang='lat' dir='ltr'><strong>rationale,</strong></span> <span class='ocrx_word' id='word_1_1118' title='bbox 1271 5384 1400 5449; x_wconf 90' lang='lat' dir='ltr'><strong>mortale,</strong></span> <span class='ocrx_word' id='word_1_1119' title='bbox 1421 5383 1496 5438; x_wconf 91' lang='lat' dir='ltr'><strong>risus</strong></span> <span class='ocrx_word' id='word_1_1120' title='bbox 1510 5396 1608 5451; x_wconf 86' lang='lat' dir='ltr'><strong>capax.</strong></span> <span class='ocrx_word' id='word_1_1121' title='bbox 1627 5381 1658 5434; x_wconf 82' lang='lat' dir='ltr'><strong>Et</strong></span> <span class='ocrx_word' id='word_1_1122' title='bbox 1676 5395 1701 5433; x_wconf 88' lang='grc'><strong>11</strong></span> <span class='ocrx_word' id='word_1_1123' title='bbox 1714 5394 1780 5433; x_wconf 89' lang='lat' dir='ltr'><strong>vera</strong></span> <span class='ocrx_word' id='word_1_1124' title='bbox 1795 5382 1838 5433; x_wconf 87' lang='lat' dir='ltr'><strong>est</strong></span> <span class='ocrx_word' id='word_1_1125' title='bbox 1895 5404 1900 5415; x_wconf 88' lang='lat'><strong>·</strong></span> 
     </span>
     <span class='ocr_line' id='line_1_152' title="bbox 986 5449 1838 5521; baseline -0.007 -10"><span class='ocrx_word' id='word_1_1126' title='bbox 986 5455 1112 5511; x_wconf 91' lang='lat' dir='ltr'><strong>hominis</strong></span> <span class='ocrx_word' id='word_1_1127' title='bbox 1132 5455 1185 5510; x_wconf 90' lang='lat' dir='ltr'><strong>ista</strong></span> <span class='ocrx_word' id='word_1_1128' title='bbox 1201 5455 1341 5521; x_wconf 90' lang='lat' dir='ltr'><strong>delinitio,</strong></span> <span class='ocrx_word' id='word_1_1129' title='bbox 1363 5471 1423 5509; x_wconf 90' lang='lat' dir='ltr'><strong>esse</strong></span> <span class='ocrx_word' id='word_1_1130' title='bbox 1447 5452 1595 5508; x_wconf 86' lang='lat' dir='ltr'><strong>hominem</strong></span> <span class='ocrx_word' id='word_1_1131' title='bbox 1610 5453 1709 5505; x_wconf 87' lang='lat' dir='ltr'><strong>verunt</strong></span> <span class='ocrx_word' id='word_1_1132' title='bbox 1725 5453 1777 5503; x_wconf 89' lang='lat' dir='ltr'><strong>est.</strong></span> <span class='ocrx_word' id='word_1_1133' title='bbox 1795 5449 1838 5505; x_wconf 87' lang='lat' dir='ltr'><strong>lta</strong></span> 
     </span>
     <span class='ocr_line' id='line_1_153' title="bbox 986 5521 1837 5603; baseline -0.007 -22"><span class='ocrx_word' id='word_1_1134' title='bbox 986 5532 1141 5598; x_wconf 90' lang='lat' dir='ltr'><strong>utrumque</strong></span> <span class='ocrx_word' id='word_1_1135' title='bbox 1153 5526 1183 5580; x_wconf 94' lang='lat' dir='ltr'><strong>in</strong></span> <span class='ocrx_word' id='word_1_1136' title='bbox 1196 5542 1225 5582; x_wconf 90' lang='lat' dir='ltr'><strong>se</strong></span> <span class='ocrx_word' id='word_1_1137' title='bbox 1238 5526 1422 5590; x_wconf 89' lang='lat' dir='ltr'><strong>convertitur,</strong></span> <span class='ocrx_word' id='word_1_1138' title='bbox 1436 5525 1491 5578; x_wconf 91' lang='lat' dir='ltr'><strong>hoc</strong></span> <span class='ocrx_word' id='word_1_1139' title='bbox 1504 5526 1547 5577; x_wconf 91' lang='lat' dir='ltr'><strong>est</strong></span> <span class='ocrx_word' id='word_1_1140' title='bbox 1557 5527 1586 5577; x_wconf 93' lang='grc'><strong>11</strong></span> <span class='ocrx_word' id='word_1_1141' title='bbox 1600 5521 1726 5603; x_wconf 84' lang='lat' dir='ltr'><strong>hominis</strong></span> <span class='ocrx_word' id='word_1_1142' title='bbox 1740 5535 1837 5575; x_wconf 89' lang='lat' dir='ltr'><strong>veram</strong></span> 
     </span>
     <span class='ocr_line' id='line_1_154' title="bbox 986 5594 1837 5663; baseline -0.009 -9"><span class='ocrx_word' id='word_1_1143' title='bbox 986 5615 1047 5654; x_wconf 89' lang='lat' dir='ltr'><strong>csse</strong></span> <span class='ocrx_word' id='word_1_1144' title='bbox 1074 5597 1284 5663; x_wconf 84' lang='lat' dir='ltr'><strong>definitionem,</strong></span> <span class='ocrx_word' id='word_1_1145' title='bbox 1310 5603 1339 5653; x_wconf 91' lang='lat' dir='ltr'><strong>et</strong></span> <span class='ocrx_word' id='word_1_1146' title='bbox 1354 5594 1529 5652; x_wconf 88' lang='lat' dir='ltr'><strong>delinitionis</strong></span> <span class='ocrx_word' id='word_1_1147' title='bbox 1552 5594 1701 5648; x_wconf 84' lang='lat' dir='ltr'><strong>hominem</strong></span> <span class='ocrx_word' id='word_1_1148' title='bbox 1723 5607 1837 5647; x_wconf 91' lang='lat' dir='ltr'><strong>verum.</strong></span> 
     </span>
     <span class='ocr_line' id='line_1_155' title="bbox 986 5661 1838 5742; baseline -0.009 -16"><span class='ocrx_word' id='word_1_1149' title='bbox 986 5670 1041 5727; x_wconf 88' lang='lat' dir='ltr'><strong>Sed</strong></span> <span class='ocrx_word' id='word_1_1150' title='bbox 1071 5669 1210 5742; x_wconf 86' lang='lat' dir='ltr'><strong>quoniam</strong></span> <span class='ocrx_word' id='word_1_1151' title='bbox 1235 5667 1365 5725; x_wconf 87' lang='lat' dir='ltr'><strong>definitio</strong></span> <span class='ocrx_word' id='word_1_1152' title='bbox 1386 5682 1454 5721; x_wconf 91' lang='lat' dir='ltr'><strong>vera</strong></span> <span class='ocrx_word' id='word_1_1153' title='bbox 1479 5682 1541 5721; x_wconf 87' lang='lat' dir='ltr'><strong>esse</strong></span> <span class='ocrx_word' id='word_1_1154' title='bbox 1563 5680 1623 5720; x_wconf 95' lang='lat' dir='ltr'><strong>non</strong></span> <span class='ocrx_word' id='word_1_1155' title='bbox 1644 5667 1767 5736; x_wconf 84' lang='lat' dir='ltr'><strong>poterat,</strong></span> <span class='ocrx_word' id='word_1_1156' title='bbox 1782 5661 1838 5719; x_wconf 91' lang='lat' dir='ltr'><strong>uisi</strong></span> 
     </span>
     <span class='ocr_line' id='line_1_156' title="bbox 986 5734 1835 5814; baseline -0.007 -18"><span class='ocrx_word' id='word_1_1157' title='bbox 986 5741 1065 5814; x_wconf 89' lang='lat' dir='ltr'><strong>prius</strong></span> <span class='ocrx_word' id='word_1_1158' title='bbox 1073 5745 1177 5797; x_wconf 89' lang='lat' dir='ltr'><strong>natura</strong></span> <span class='ocrx_word' id='word_1_1159' title='bbox 1186 5740 1486 5810; x_wconf 87' lang='lat' dir='ltr'><strong>hominisappareret;</strong></span> <span class='ocrx_word' id='word_1_1160' title='bbox 1498 5735 1603 5793; x_wconf 89' lang='lat' dir='ltr'><strong>idcirco</strong></span> <span class='ocrx_word' id='word_1_1161' title='bbox 1614 5752 1648 5792; x_wconf 82' lang='lat' dir='ltr'><strong>ex</strong></span> <span class='ocrx_word' id='word_1_1162' title='bbox 1657 5735 1702 5792; x_wconf 89' lang='lat' dir='ltr'><strong>his</strong></span> <span class='ocrx_word' id='word_1_1163' title='bbox 1712 5734 1835 5791; x_wconf 84' lang='lat' dir='ltr'><strong>duobus.</strong></span> 
     </span>
    </p>
   </div>
   <div class='ocr_carea' id='block_1_10' title="bbox 0 0 1954 6112">
    <p class='ocr_par' dir='ltr' id='par_1_15' title="bbox 0 0 1954 6112">
     <span class='ocr_line' id='line_1_157' title="bbox 0 0 1954 6112; baseline 0 0"><span class='ocrx_word' id='word_1_1164' title='bbox 0 0 1954 6112; x_wconf 95' lang='lat' dir='ltr'><strong> </strong></span> 
     </span>
    </p>
   </div>
  </div>
 </body>
</html>
