3884 6112
111 303 144 357 2³
785 286 969 345 PRAEFATIO
989 286 1192 346 cuneatus
1833 287 1869 340 24

112 421 212 495 gratia
227 420 343 482 auxilio,
359 418 505 490 possibilia
519 434 580 473 esse
595 416 815 472 contendebant.
832 416 903 471 Hinc
916 414 1101 469 manifestum
1117 417 1161 468 cst
1174 412 1262 468 cuivis
1273 412 1384 467 sincero
1395 416 1424 467 et
1436 426 1520 484 aquo
1533 410 1713 484 lectorique
1726 426 1812 467 sensu
1822 412 1868 467 di-

109 511 237 567 xerimus
250 509 281 564 in
295 508 418 563 sectione
433 507 552 579 septima
568 504 746 562 Praetationis
760 503 797 559 ad
809 509 922 558 tomum
935 499 1100 570 septimum,
1118 502 1223 557 bedam
1233 501 1263 555 in
1278 500 1496 556 Commentariis
1511 515 1596 570 super
1610 499 1725 555 Cantica
1740 499 1866 555 cantico·

110 616 176 655 rum
191 603 428 653 commonstrasse
444 595 618 651 reconditum
641 594 718 649 virus
737 593 768 647 in
786 592 855 647 locis
873 589 1033 660 Pelagianae
1047 591 1083 645 ad
1099 589 1310 645 Demetriadem
1332 588 1469 660 epistolae,
1485 603 1550 642 cum
1566 588 1595 642 in
1610 588 1683 651 aliis,
1700 591 1762 642 tum
1778 588 1808 642 in
1823 589 1867 643 lris

111 691 172 760 ejus
184 687 287 753 verbis,
301 686 373 757 quod
385 689 454 741 Deus
469 701 516 740 aec
532 683 696 755 impossibile
710 681 818 750 aliquid
830 681 921 750 patuit
934 681 1136 749 apparareque·
1146 680 1238 750 justus
1253 684 1310 744 est;
1323 694 1369 733 aea
1384 678 1564 733 damnotmus
1579 681 1617 731 est
1633 678 1764 732 bominem
1778 693 1830 746 pro
1840 693 1869 742 eo

26 812 30 820 ι
111 778 183 848 quod
197 780 286 843 vitare
300 791 354 830 aaa
367 780 462 844 petest,
480 777 528 843 qui
542 776 605 844 pius
618 777 666 827 est.
682 770 744 835 Quo
758 769 790 823 in
803 770 875 834 loco,
891 768 972 838 cujus
985 783 1083 823 sensus
1094 768 1155 838 jam
1169 767 1284 823 aliunde
1298 767 1366 821 satis
1381 766 1543 837 exploratus
1557 770 1628 832 crat,
1642 765 1803 820 antidotum
1818 765 1869 820 ad·

109 866 209 923 hibere
224 864 417 921 necessarium
432 861 644 925 conduximus,
660 859 694 913 ad
710 856 927 929 praecavendum
942 855 1064 912 abusum
1076 856 1152 911 illius
1165 856 1251 924 allati,
1267 854 1343 927 quod
1359 854 1420 909 sine
1435 854 1522 909 dubio
1535 870 1635 909 verum
1649 859 1677 909 et
1692 855 1868 909 catholicum

110 961 154 1011 est
167 961 229 1010 turn
243 953 319 1025 apud
334 953 450 1007 beatum
465 949 667 1020 Augustinum,
679 952 741 1002 tam
755 946 832 1017 apud
842 943 989 999 universos
1001 943 1068 999 tidei
1079 944 1223 999 catholica
1238 945 1369 999 cultores.
1382 943 1455 1008 Quin
1469 943 1555 1014 etiam
1569 942 1599 997 in
1614 941 1777 1013 Appendice
1790 944 1867 1014 ejus-

110 1043 175 1099 dem
189 1042 260 1097 tomi
270 1042 414 1112 integrum
429 1040 509 1095 Bedae
521 1039 615 1093 locum
626 1036 787 1105 retulimus,
797 1033 847 1106 qui
859 1033 1002 1104 duplicem
1013 1033 1074 1105 ejus
1087 1034 1163 1089 eliati
1174 1050 1288 1088 sensum
1305 1032 1408 1088 diserte
1418 1031 1552 1104 exprimit
1564 1049 1570 1086 ε
1588 1047 1753 1103 quanquam
1765 1036 1794 1086 et
1809 1032 1868 1087 vel-

110 1133 202 1186 lenius
216 1131 298 1185 illum
320 1134 474 1201 utrumque
498 1128 528 1183 in
550 1126 717 1199 praelatione
738 1124 800 1196 ipsa
820 1124 1114 1194 repraesentaremus
1137 1123 1180 1176 rel
1201 1122 1372 1177 levissimam
1396 1119 1561 1176 offendiculi
1585 1119 1764 1174 occasionem
1788 1136 1866 1174 amo·

109 1234 249 1274 veramne.

146 1328 203 1384 Nos
227 1341 353 1399 quoque,
367 1327 400 1378 ut
424 1321 582 1379 Catholicos
605 1321 696 1389 decet,
709 1320 833 1375 liberum
861 1317 891 1373 in
905 1316 1021 1372 homine
1041 1317 1128 1371 ctiam
1147 1317 1227 1387 lapso
1248 1316 1399 1372 arbitrium
1419 1315 1617 1370 incunctanter
1631 1313 1823 1385 agnoscimus,
1839 1318 1867 1368 et

109 1416 195 1488 hujus
216 1414 361 1471 catholicae
385 1413 511 1468 veritatis
526 1407 695 1467 aisertorcm
716 1407 911 1480 Augustinum
927 1405 1105 1471 escaticum
1128 1405 1191 1477 ipso
1207 1411 1235 1460 et
1254 1405 1388 1461 omnibus
1407 1404 1558 1461 Catholicis
1571 1404 1720 1471 sentimus,
1738 1404 1866 1458 volunta-

110 1511 169 1560 tem
183 1502 310 1558 hominis
332 1502 464 1558 sulficere
478 1501 532 1555 sibi
555 1501 588 1556 ad
604 1500 723 1565 malum,
738 1513 796 1553 nou
812 1511 875 1551 vero
891 1495 926 1550 ad
941 1495 1050 1550 bonum
1068 1494 1175 1566 absque
1198 1494 1290 1565 gratia
1306 1511 1312 1549 :
1329 1510 1394 1549 eam
1409 1511 1424 1549 e
1440 1491 1580 1548 contrario
1595 1493 1741 1564 Pelagiani
1757 1508 1866 1547 asserc-

110 1597 184 1660 rent,
200 1594 343 1664 integram
367 1608 418 1647 nec
440 1594 556 1661 peccato
580 1588 666 1661 primi
680 1585 805 1643 bominis
820 1584 948 1641 vitiatam
963 1583 1124 1659 libertatern
1144 1599 1227 1654 oequa
1240 1583 1320 1638 lance
1340 1581 1408 1636 ferri
1423 1583 1480 1636 sive
1495 1581 1532 1636 ad
1551 1583 1670 1648 bonum,
1686 1580 1744 1634 sive
1758 1581 1794 1636 ad
1811 1596 1868 1635 ma·

111 1682 180 1737 lum.
199 1680 268 1736 ilinc
282 1696 347 1736 eum
362 1684 459 1734 sancto
471 1678 604 1734 Antistite
616 1681 716 1732 notare
730 1680 759 1731 et
772 1674 889 1745 rejicere
905 1673 990 1728 libuit
1004 1671 1140 1727 libertatis
1153 1670 1334 1726 definitiones
1347 1688 1363 1726 a
1376 1670 1489 1726 tuliano
1503 1671 1533 1725 in
1546 1670 1646 1741 gratita
1668 1668 1868 1742 prejudicium

112 1768 255 1834 adductas,
272 1767 376 1840 quibus
389 1764 546 1838 aequilibris
559 1765 594 1819 ad
616 1765 725 1820 bonum
740 1767 768 1817 et
784 1762 890 1817 malurn
904 1760 1022 1815 facilitas
1042 1759 1185 1815 statuitur.
1203 1759 1256 1815 Ubi
1276 1765 1371 1815 umen
1386 1759 1511 1831 ingenue
1534 1758 1714 1831 profitemur,
1728 1758 1763 1813 de.
1779 1758 1869 1813 libero

98 1857 228 1921 ,arbitrio
242 1855 399 1911 secundnm
422 1872 452 1909 se
472 1858 596 1925 spectato
615 1853 688 1908 lorte
710 1867 828 1924 parvam
851 1853 901 1905 aut
924 1849 1032 1904 nullam
1053 1848 1129 1903 inter
1149 1847 1308 1904 catholicos
1329 1853 1357 1904 et
1371 1847 1537 1920 Pelagianos
1559 1852 1687 1902 exortam
1708 1863 1769 1902 esse
1792 1859 1869 1918 quse·

111 1946 243 2002 stionem.

146 2053 209 2107 Non
223 2051 347 2107 absimili
361 2051 490 2106 cautione
504 2066 568 2105 cum
581 2050 665 2105 beato
681 2048 816 2104 Antistite
828 2044 1042 2118 repudiavimus
1051 2043 1195 2098 Julianeas
1204 2044 1312 2114 peccati
1327 2043 1518 2110 definitiones,
1532 2042 1669 2116 quoniam
1684 2045 1759 2099 mala
1772 2046 1869 2099 ruente

111 2138 338 2212 proterebantur,
355 2136 461 2193 scilicet
473 2138 503 2191 in
526 2137 665 2194 damnum
679 2137 779 2208 gratim
801 2135 836 2190 sd
849 2135 966 2189 vitanda
987 2136 1102 2205 peccata
1124 2132 1303 2199 necessaria,
1319 2137 1347 2188 et
1365 2133 1395 2186 in
1416 2133 1627 2188 incrementum
1647 2132 1729 2189 liberi
1746 2132 1868 2187 arbitrii.

110 2227 240 2283 Julianus
263 2241 368 2298 nempe
382 2230 529 2296 peccatum
552 2225 655 2292 aiebat,
671 2242 688 2280 a
702 2240 755 2296 quo
770 2224 904 2279 abstinere
920 2221 1034 2276 liberam
1056 2226 1104 2286 est,
1121 2237 1154 2276 ea
1177 2220 1308 2276 videlicet
1327 2221 1467 2290 libertate,
1487 2221 1533 2276 cai
1556 2221 1630 2276 nihil
1645 2238 1678 2277 ex
1701 2239 1731 2276 se
1747 2221 1819 2276 desit
1834 2221 1870 2276 ad

110 2315 258 2371 vitandum
273 2318 429 2385 peccatum.
447 2314 515 2379 Quae
530 2317 627 2368 tamen
640 2311 770 2367 delinitio
793 2311 817 2365 si
840 2311 875 2366 ab
890 2308 946 2364 alio
960 2309 1148 2380 proterretur,
1169 2325 1256 2381 quam
1270 2309 1305 2364 ab
1331 2309 1429 2365 doloso
1452 2310 1653 2381 haeresiarcha,
1666 2327 1726 2365 non
1745 2313 1819 2365 esset
1834 2309 1870 2364 de

111 2405 173 2478 ipsa
187 2406 335 2475 tantopere
348 2402 529 2474 litigandum.

147 2512 202 2568 Sed
219 2514 373 2584 utcumque
388 2509 539 2581 disputarit
554 2509 744 2581 Hipponensis
758 2508 882 2563 antistes
894 2521 959 2562 cum
973 2504 1084 2561 iuliano
1099 2504 1133 2560 dc
1149 2504 1288 2560 libertatis
1302 2510 1331 2561 et
1344 2506 1454 2579 peccati
1468 2505 1693 2572 definitionibus,
1703 2505 1774 2560 illud
1787 2504 1870 2559 nohis

112 2600 231 2656 omnino
240 2604 361 2665 certum,
370 2598 592 2654 indillereutiam
601 2597 732 2666 activam,
740 2596 799 2652 sive
810 2596 982 2664 libertatern,
990 2598 1136 2660 utvoeant,
1146 2595 1377 2651 contradictionis
1388 2596 1423 2651 ad
1434 2596 1577 2668 agendum
1586 2596 1628 2649 vel
1642 2611 1700 2649 non
1711 2594 1868 2666 agendum,

112 2687 262 2742 sireetiam
271 2686 305 2741 ad
314 2686 482 2741 merendum
495 2685 735 2740 etdemerendum
745 2682 775 2739 in
785 2683 902 2738 homine
912 2684 1002 2754 lapso,
1014 2686 1176 2738 constanter
1186 2683 1313 2755 agnitam
1323 2689 1351 2740 ct
1360 2684 1508 2756 probatam
1520 2701 1536 2739 a
1547 2689 1643 2738 saneto
1654 2682 1786 2738 Antistire
1795 2699 1802 2748 ;
1811 2681 1869 2735 sire

27 2829 32 2839 ,
111 2776 142 2831 in
156 2776 266 2832 bonum
276 2791 311 2830 cx
320 2775 412 2847 gratia
424 2774 532 2830 victrici
542 2775 671 2829 voluntas
680 2773 799 2842 feratur,
810 2771 867 2827 sire
881 2772 917 2827 ad
929 2774 1036 2828 malum
1050 2788 1084 2827 ex
1099 2788 1128 2828 se
1140 2772 1201 2844 ipsa
1212 2778 1239 2827 et
1248 2773 1365 2846 proprio
1376 2774 1496 2829 delectu.
1509 2778 1600 2845 Atque
1611 2772 1685 2828 istud
1694 2772 1761 2828 fldei
1773 2771 1871 2825 catho-

112 2865 174 2921 licae
189 2866 295 2937 dogma
309 2870 370 2920 turn
386 2869 462 2925 ante.
472 2868 535 2920 tum
550 2866 616 2936 post
629 2866 756 2918 exortam
767 2861 876 2933 Pelagii
888 2862 1021 2917 heresim
1032 2878 1065 2916 ex
1080 2878 1162 2934 aeqao
1177 2862 1320 2934 protessus
1330 2867 1372 2917 est
1385 2864 1479 2918 clarus
1493 2862 1593 2935 gratiae
1605 2861 1752 2917 defensor:
1765 2861 1797 2915 Et
1807 2859 1871 2932 qui-

112 2954 178 3009 dem
193 2953 228 3008 de
242 2957 357 3024 peccato
372 2969 471 3025 agens,
485 2952 558 3007 libro
572 2951 656 3007 tertio
669 2951 704 3006 dc
720 2950 820 3005 Libero
839 2949 975 3021 Arbitrio,
990 2951 1082 3022 capite
1102 2951 1212 3007 decimo
1224 2956 1340 3007 octavo:
1357 2953 1535 3024 Qaaaecumue
1549 2955 1603 3008 ista
1622 2967 1705 3007 crassa
1718 2955 1758 3005 est
1774 2951 1869 3004 ualua-

113 3043 189 3111 tatv's,
204 3041 307 3112 inquit,
325 3041 432 3095 scilicet
446 3042 539 3107 malae,
554 3043 580 3095 si
592 3056 645 3095 aon
658 3043 745 3110 petest
759 3040 785 3093 ei
797 3040 899 3105 resisti,
915 3040 974 3094 siae
985 3045 1093 3110 peccato
1107 3042 1132 3094 ei
1142 3041 1246 3095 ceditur
1260 3059 1268 3095 :
1284 3042 1309 3095 si
1321 3049 1410 3096 autem
1426 3047 1523 3112 potest,
1540 3057 1594 3096 aaa
1608 3043 1634 3095 ei
1644 3041 1766 3104 cedatur,
1777 3043 1802 3093 et
1815 3054 1870 3093 aaa

110 3128 275 3201 peccabitur.
289 3129 335 3183 Aa
348 3131 420 3196 (orte
432 3129 508 3196 (altit
521 3129 679 3183 incautum?
694 3129 765 3194 erqo
779 3131 873 3181 retreat
884 3142 917 3181 ae
937 3128 1063 3194 fallatur.
1080 3128 1126 3183 Aa
1141 3134 1218 3184 tauto
1232 3130 1346 3196 fallacia
1358 3135 1408 3197 est,
1422 3134 1453 3184 ut
1467 3132 1557 3184 carui
1567 3132 1677 3185 omnino
1691 3143 1744 3183 nou
1757 3129 1872 3197 possit?

112 3218 143 3275 Si
160 3219 202 3272 ita
215 3221 264 3284 est,
281 3217 359 3271 uuita
369 3221 481 3286 peccata
495 3221 567 3271 suut.
590 3216 657 3282 Quis
680 3218 751 3271 euim
772 3221 865 3286 peccat
879 3217 907 3269 ia
929 3230 958 3270 ee
984 3216 1056 3286 quod
1078 3218 1152 3271 auito
1175 3217 1358 3273 moderaturi
1376 3223 1485 3286 petest?
1499 3218 1610 3273 Scimus
1625 3217 1740 3290 quidem
1755 3215 1867 3270 librum

111 3305 188 3361 hunc
202 3322 219 3359 a
233 3309 329 3360 sancto
343 3305 461 3359 Doctore
473 3303 611 3375 scriptum
625 3303 712 3358 luisse
726 3307 791 3358 ante
810 3303 975 3358 ventilatam
989 3301 1024 3358 de
1036 3303 1130 3383 gratia
1144 3304 1365 3359 controversiam
1379 3310 1479 3359 contra
1492 3305 1670 3377 Pelagianos.
1681 3305 1786 3357 tv'crurn
1801 3318 1871 3357 eum

111 3393 158 3448 hic
173 3393 251 3447 locus
265 3407 282 3446 s
296 3391 410 3463 Pelagio
431 3391 486 3464 ipsi
509 3391 636 3462 objectus
658 3389 767 3457 luisset,
783 3390 912 3461 agnoscit
924 3389 1010 3446 rerba
1024 3407 1085 3459 sua,
1099 3407 1151 3446 nec
1170 3408 1203 3447 ea
1219 3392 1371 3464 improbat,
1387 3394 1473 3448 modo
1488 3393 1667 3466 intelligatur
1678 3410 1761 3465 posse
1775 3394 1868 3447 caveri

111 3484 260 3554 peccatum
273 3497 336 3535 cum
352 3480 443 3552 gratia
459 3479 525 3547 Dei;
537 3495 587 3535 nec
600 3495 716 3551 prorsus
731 3478 831 3534 eadem
845 3478 1007 3534 conditione
1021 3484 1192 3534 censeantur
1205 3497 1269 3552 quae
1283 3481 1324 3535 ita
1335 3486 1452 3552 peccata
1467 3488 1544 3551 strat,
1558 3487 1590 3537 ut
1603 3481 1661 3537 siut
1675 3481 1761 3536 ctiam
1778 3497 1869 3552 poenae

111 3567 220 3642 pcccati
233 3571 279 3641 (De
290 3570 353 3624 Not.
369 3573 394 3623 et
407 3568 496 3634 (irat,
512 3585 539 3622 a.
556 3569 612 3638 80).
629 3568 693 3623 llaec
707 3567 785 3622 enirn
799 3584 964 3639 quanquam
979 3568 1068 3624 libere
1081 3568 1307 3636 committantur,
1328 3574 1453 3625 attamen
1467 3587 1525 3625 non
1541 3587 1574 3626 ea
1588 3570 1721 3626 libertate
1735 3586 1792 3641 qua
1817 3585 1870 3624 crc-

112 3662 183 3725 tera,
200 3672 264 3728 quae
286 3661 351 3712 ante
373 3673 458 3711 omne
473 3661 619 3727 peccatum
644 3655 785 3711 committi
805 3660 969 3727 potuerunt.
993 3658 1050 3714 lisa
1065 3658 1152 3729 igitar
1171 3658 1299 3714 adbibita
1313 3661 1447 3715 cautione
1466 3660 1592 3715 admittit
1604 3660 1632 3715 S.
1649 3659 1824 3730 Augustinus
1840 3659 1869 3712 iu

111 3747 175 3818 ipso
189 3750 254 3800 actu
267 3745 374 3816 peccati
387 3760 482 3800 veram
498 3744 533 3798 ad
548 3760 606 3799 noa
621 3745 797 3816 peccandum
811 3746 981 3816 potentiam,
996 3746 1026 3802 id
1041 3750 1084 3802 est
1102 3747 1223 3803 activam
1242 3747 1473 3815 indifferentiam,
1490 3749 1605 3820 qualem
1618 3748 1650 3803 ia
1663 3748 1746 3804 bonis
1760 3747 1870 3803 actibus

112 3849 145 3889 er
160 3832 252 3903 gratia
264 3832 346 3888 lactis
360 3832 484 3910 admisit.

149 3941 210 3996 Non
234 3939 350 4011 recessit
372 3939 408 3993 ab
432 3938 487 3993 ista
512 3937 640 3993 doctrina
661 3942 773 3993 sanctus
795 3938 959 4011 Episcopus,
979 3941 1038 3997 sive
1051 3942 1165 4014 primis,
1181 3942 1239 3998 sive
1258 3942 1410 4015 postremis
1428 3948 1527 3998 contra
1544 3943 1710 4015 Pelagianos
1725 3943 1870 4018 operibus,

113 4044 199 4102 quam
215 4044 280 4083 anm
294 4025 409 4099 Pelagio
432 4030 461 4082 et
479 4026 592 4082 Juliano
611 4026 759 4082 decertans
779 4027 958 4098 apertissime
972 4035 1145 4101 propugnat.
1162 4032 1259 4103 Neque
1274 4048 1340 4086 rere
1356 4047 1469 4086 necesse
1484 4036 1526 4087 ast
1550 4048 1682 4104 superea
1696 4048 1727 4087 re
1741 4032 1870 4087 locorum

113 4116 237 4173 indicem
250 4121 410 4182 contexere,
428 4115 477 4187 qui
488 4116 549 4187 jam
564 4115 600 4170 ab
615 4115 678 4169 aliis
693 4119 736 4170 est
747 4115 903 4173 conlectus.
925 4117 955 4172 ld
968 4118 1062 4175 solum
1075 4120 1298 4188 observabimus,
1314 4120 1436 4176 liberum
1451 4137 1659 4194 nonnunquam
1674 4122 1768 4177 latiori
1778 4127 1807 4177 et
1821 4138 1872 4193 ge-

112 4205 247 4262 neraliori
268 4205 430 4278 significatu
449 4205 484 4259 ab
503 4204 662 4276 Augustino
684 4205 815 4276 usurpari
835 4222 887 4278 pro
906 4208 1067 4264 voluntario
1086 4209 1172 4264 ctiam
1192 4209 1368 4265 necessario:
1384 4226 1439 4282 quo
1456 4227 1540 4265 sensu
1556 4226 1684 4266 amorem
1699 4211 1819 4282 justitia.
1840 4211 1870 4265 in

113 4295 183 4362 beo,
206 4299 234 4349 et
257 4294 387 4350 innatum
413 4293 444 4348 in
467 4293 585 4348 homine
606 4293 791 4349 beatitudinis
810 4296 969 4365 generatim
992 4303 1113 4370 sumptus
1127 4298 1311 4366 desiderium,
1327 4298 1448 4354 liberum
1468 4315 1529 4354 esse
1544 4298 1623 4364 dixit,
1639 4299 1668 4355 id
1683 4305 1727 4354 est
1740 4301 1870 4353 rolunta-

111 4384 199 4441 rium
215 4384 395 4455 Quapropter
418 4383 448 4437 in
471 4383 543 4438 libro
564 4381 598 4437 de
618 4383 725 4437 Natura
739 4386 767 4436 et
787 4383 892 4450 Gratia,
908 4385 992 4440 allato
1011 4385 1120 4456 Pelagii
1139 4385 1194 4440 boc
1213 4385 1300 4452 dicto,
1318 4387 1472 4442 Voluntatis
1497 4387 1613 4442 arbitrio
1627 4403 1659 4442 ac
1678 4387 1870 4442 deliberatione

111 4470 365 4542 privariquidquid
376 4472 499 4527 staturati
508 4472 663 4525 necessitate
671 4472 878 4537 constringitur,
890 4471 918 4526 id
934 4489 992 4529 noa
1002 4474 1119 4530 omnino
1136 4475 1241 4547 probat
1256 4476 1283 4531 S.
1296 4475 1487 4547 Augustinus,
1497 4476 1566 4532 dum
1579 4476 1684 4542 subdit,
1699 4479 1734 4530 Et
1746 4477 1789 4531 tic
1800 4492 1868 4530 aaa·

112 4560 189 4615 auita
203 4561 314 4630 queastio
328 4566 376 4615 est.
393 4561 454 4626 Quo
468 4561 530 4615 loco
546 4557 687 4630 significat
706 4558 791 4612 nimis
808 4557 909 4615 dillusc
927 4566 955 4615 et
968 4561 1143 4631 indistincte,
1158 4561 1216 4616 imo
1236 4562 1322 4616 etiam
1338 4563 1554 4632 inconsiderate,
1570 4564 1697 4618 locutum
1711 4578 1771 4617 esse
1785 4565 1868 4619 Pela-

113 4647 203 4718 gium,
220 4653 304 4721 atquo
319 4647 350 4702 in
364 4651 426 4717 ejus
440 4649 515 4704 dicto
527 4646 660 4703 nonnihil
675 4646 767 4702 adbuc
781 4663 927 4718 superesse
943 4649 1118 4721 questionis,
1135 4665 1168 4704 eo
1188 4650 1263 4721 quod
1280 4666 1339 4705 non
1354 4650 1381 4704 id
1397 4667 1482 4705 omne
1494 4651 1571 4723 quod
1585 4651 1738 4705 voluntatis
1750 4651 1869 4709 arbitrio

113 4753 146 4793 sc
159 4735 364 4793 deliberatione
377 4736 516 4808 privatur,
532 4735 656 4792 naturali
670 4735 831 4790 necessitati
845 4737 1001 4792 obnoxium
1016 4737 1069 4794 sit:
1093 4739 1199 4811 quippe
1219 4739 1248 4793 id
1262 4738 1429 4807 absurdum,
1445 4756 1497 4795 nec
1516 4739 1582 4795 satis
1594 4745 1723 4794 accurate
1738 4745 1786 4794 aut
1801 4758 1869 4813 pro-

112 4825 176 4882 ride
197 4824 304 4881 dictum
325 4841 395 4893 esse,
411 4826 513 4896 probat
533 4826 662 4895 exempla
678 4823 769 4878 innati
784 4823 813 4878 in
832 4825 916 4880 nobis
935 4825 1120 4889 beatitudinis
1134 4827 1288 4898 appetitus,
1306 4831 1334 4881 et
1347 4828 1502 4883 voluntatis
1513 4827 1633 4900 justitia
1646 4827 1677 4882 in
1693 4829 1772 4895 nem
1791 4832 1866 4901 quod

113 4921 268 4986 utrumque
284 4915 474 4969 necessarium
489 4918 539 4980 est,
557 4914 597 4970 sic
610 4919 707 4969 tamen
722 4917 753 4968 ut
766 4929 817 4968 suo
829 4914 957 4985 quodam
971 4915 1056 4971 modo
1071 4916 1105 4970 ad
1122 4915 1276 4970 voluntatis
1289 4916 1449 4983 arbitrium,
1464 4917 1564 4971 saltem
1579 4917 1674 4988 quoad
1689 4917 1775 4988 hujus
1789 4934 1868 4972 erer-

112 5003 195 5061 cendi
210 5003 339 5072 modum,
359 5005 503 5075 pertinere
518 5019 600 5073 posse
621 5003 763 5059 rideatur.
788 5002 868 5057 Unde
887 5002 980 5058 serbis
995 5003 1084 5074 ipsius
1097 5009 1244 5059 contextus
1259 5005 1447 5070 adhaerentes,
1463 5020 1496 5059 oo
1511 5005 1572 5060 leco
1587 5006 1623 5060 sd
1638 5005 1798 5077 marginem
1815 5023 1867 5078 ap-

111 5093 259 5166 posuimus
278 5092 331 5147 hoc
344 5092 550 5146 summarium:
565 5093 715 5148 Necessitas
733 5106 786 5147 aaa
805 5096 912 5162 puaraat
925 5107 985 5147 aum
999 5093 1113 5148 arbitria
1136 5095 1293 5150 uoluntatis.
1311 5095 1414 5150 Iturius
1429 5093 1545 5166 quidem
1559 5093 1587 5150 id
1602 5095 1747 5167 aliquibus
1760 5095 1867 5150 dictum

111 5182 202 5240 videri
213 5186 321 5254 posset,
335 5181 391 5236 nisi
405 5197 437 5236 ex
454 5180 517 5252 ipso
536 5184 669 5235 contextu
684 5180 752 5235 satis
765 5180 984 5251 intelligeretur,
999 5180 1058 5236 illic
1080 5181 1237 5237 voluntatis
1259 5182 1422 5252 arbitrium,
1437 5181 1461 5236 si
1482 5182 1517 5238 ad
1539 5199 1602 5238 rem
1617 5183 1710 5254 ipsam
1726 5184 1865 5248 attendas,

112 5271 187 5326 sumi
203 5288 254 5344 pre
267 5271 330 5344 ipsa
341 5270 500 5338 voluntate,
514 5268 572 5323 sire
586 5282 639 5339 pro
657 5268 825 5324 voluntario.
841 5269 1011 5341 Quanquam
1024 5275 1054 5325 et
1068 5271 1123 5327 dici
1137 5278 1244 5342 posset,
1257 5289 1322 5328 cum
1337 5272 1383 5328 hic
1397 5272 1574 5344 Augustinus
1587 5272 1659 5327 nolit
1672 5277 1785 5327 tantum
1801 5289 1868 5344 qua·

111 5357 154 5412 vis
174 5359 341 5414 necessitate
359 5356 464 5431 perimi
477 5355 507 5411 iu
523 5355 640 5411 homine
654 5355 778 5412 liberum
797 5358 959 5424 arbitrium,
974 5360 1073 5412 centra
1086 5358 1161 5430 quod
1182 5360 1294 5416 volebat
1307 5359 1457 5431 Pelagius;
1473 5362 1583 5417 cautius
1604 5361 1724 5415 fortasse
1738 5361 1867 5416 laturum

111 5445 199 5504 fuisse
214 5447 402 5505 summarium
418 5444 577 5518 adjectione
591 5445 677 5499 unius
691 5445 777 5516 vocis,
791 5447 822 5502 in
837 5447 912 5501 bunc
926 5446 1056 5515 modum,
1070 5447 1130 5504 Noa
1145 5452 1246 5517 quaeis
1260 5451 1403 5504 necesitas
1413 5454 1521 5520 pugnat
1539 5464 1599 5505 eum
1613 5450 1729 5505 arbitria
1742 5451 1868 5506 retenta·

113 5534 283 5592 saltevola
304 5537 381 5593 enirn
405 5535 555 5592 necessitas
576 5534 787 5590 infallibilitatis
801 5552 860 5592 non
873 5535 1040 5591 adversatur
1057 5551 1131 5591 verse
1147 5535 1282 5604 libertati,
1299 5540 1331 5592 ut
1348 5538 1492 5610 plerisque
1513 5538 1544 5593 in
1558 5537 1628 5592 locis
1642 5539 1670 5594 S.
1691 5540 1867 5610 Augustinus

113 5621 259 5695 explicuit,
275 5623 325 5695 qui
339 5624 546 5680 etrocabutum
557 5621 730 5678 necessitatis
740 5638 798 5678 non
812 5639 876 5680 raro
891 5622 1040 5695 usurpavit
1056 5639 1109 5695 pro
1121 5623 1284 5681 vehementi
1297 5624 1420 5696 quadam
1434 5625 1626 5698 propensione
1638 5642 1670 5680 ex
1682 5631 1791 5681 naturae
1800 5627 1867 5682 sitio
