3884 6112
140 294 192 350 atu
707 277 1035 338 urrunurnrtouuu
1063 277 1091 334 S.
1119 274 1328 334 auuusrtrtl.
1847 276 1892 329 bit

136 415 192 478 lus,
209 407 461 486 qnasconscripsit
478 405 614 461 adversus
640 405 744 474 Legem
768 407 796 457 et
819 401 985 473 Prophetas.
1043 401 1092 455 tat.
1118 417 1155 466 u,
1172 398 1228 469 28).
1243 397 1324 463 Quod
1339 400 1436 451 autem
1460 395 1521 452 dixi
1538 395 1620 468 (Cap.
1649 396 1692 463 tr,
1720 409 1751 448 n.
1783 395 1892 464 5),Cnu

138 502 217 558 velut
235 497 377 563 contraria
398 496 438 552 eis
462 494 625 565 evangelica
652 497 679 547 et
700 491 855 562 apostolica
879 488 989 561 Scripta
1043 489 1164 544 induerit
1179 488 1407 557 incorruptionem
1417 490 1442 540 et
1455 485 1698 550 immortalitatem,
1705 482 1769 552 jam
1779 497 1892 538 nonaaro

139 590 336 646 demonstrare
351 591 478 641 conatus.
497 582 567 638 Huic
579 598 646 652 ergo
666 579 813 651 respondi,
829 577 915 634 verba
929 579 991 648 ejus
1043 582 1069 632 et
1081 579 1192 646 sanquis
1203 579 1253 631 erit
1269 577 1289 646 (l
1304 577 1363 631 Gor.
1381 590 1426 642 xv,
1439 574 1500 644 54);
1513 573 1673 628 secundnm
1684 571 1892 641 corruptionem

139 694 261 751 ponens,
276 675 374 746 cisque
398 672 521 727 reddens
540 668 755 741 responsionem
778 682 883 721 meam.
909 664 990 730 Quod
1044 667 1188 722 carnalem
1204 664 1311 719 dictum
1325 668 1565 718 cstcarnemnon
1579 662 1715 727 futuram,
1733 675 1794 713 non
1807 675 1892 715 maun

140 782 213 838 opus
226 776 284 820 uno
299 761 444 818 volumine
454 758 590 823 conclusi,
603 762 630 810 et
641 757 670 810 in
681 772 714 810 eo
726 754 897 826 quibusdam
911 768 989 822 quae·
1044 757 1114 811 dum
1139 753 1340 818 substantiam,
1368 752 1526 806 secundum
1551 767 1640 823 quam
1664 747 1782 804 Domini
1800 764 1892 820 corpus

140 854 281 910 stionibus
296 867 354 906 non
370 849 468 915 semel,
495 847 544 902 sed
558 847 664 900 iterum
687 843 831 915 respondi,
855 841 991 913 quoniam
1045 847 1130 899 etiam
1151 850 1217 914 post
1239 842 1477 898 resurrectionem
1501 858 1566 896 caro
1588 839 1735 912 appellata
1759 843 1802 894 est
1827 841 1891 909 (bar,

139 942 217 1015 quod
230 940 358 1013 primum
372 936 576 1009 responderam
601 934 735 1006 perierat,
756 939 784 987 et
804 937 873 986 tunc
892 930 990 984 inven-

138 1035 201 1086 tum
215 1034 268 1097 est,
284 1045 349 1082 cum
360 1027 421 1098 jam
436 1023 770 1094 iterumrespondissem.
792 1019 909 1092 Aliquas
924 1035 991 1074 sane

139 1118 306 1174 earumdem
321 1114 514 1188 quaestionum
529 1111 715 1184 popularibus
727 1107 921 1164 ecclesiasticis
936 1123 992 1162 scr·

136 1207 272 1264 monibus
285 1204 355 1259 solvi
372 1221 379 1259 :
401 1203 493 1258 adhuc
503 1202 590 1256 etiam
608 1199 780 1271 quibusdam
795 1213 855 1252 non
870 1212 990 1266 respon·

139 1296 188 1364 di3
205 1295 310 1366 aliqum
338 1294 550 1359 remanserunt,
571 1304 635 1359 quse
655 1287 740 1342 rebus
755 1285 818 1341 aliis
832 1284 923 1356 magis
944 1300 991 1338 ur·

139 1384 274 1457 gentibus
284 1378 485 1453 pretermissis
499 1381 575 1445 sunt,
585 1376 701 1431 cumulo
710 1390 825 1447 quoque
838 1372 992 1428 oblivionis

140 1472 324 1615 adffiirtohoc
339 1572 408 1628 ergo
424 1554 503 1609 dixi:
519 1555 604 1612 Certis
625 1555 696 1607 mim
711 1551 875 1621 quibusdam
887 1551 992 1604 umbris

139 1652 164 1703 et
177 1648 274 1718 liparis
287 1661 378 1700 reram
394 1647 456 1698 ante
469 1645 578 1699 Domini
588 1641 744 1707 aduentum,
755 1639 901 1695 seeundum
912 1640 992 1692 mira·

140 1736 218 1791 bilem
232 1739 314 1804 atque
337 1733 570 1788 ordinatissimam
593 1730 811 1784 distributionem
832 1733 990 1797 temporum,

136 1824 254 1895 populas
269 1823 315 1878 itte
330 1821 470 1877 terrebatur
495 1823 543 1889 qui
558 1822 756 1874 Testamentum
773 1820 856 1873 Vetus
869 1818 990 1885 accepit;

139 1914 266 1968 tamenin
277 1926 305 1966 eo
317 1915 396 1966 tauta
404 1909 565 1980 pradicatio
575 1912 601 1962 ct
607 1907 806 1977 praenuntiatio
814 1906 885 1962 Noui
897 1906 988 1958 Testa·

138 2002 283 2068 mentiost,
303 1998 432 2053 utnulla
458 1998 488 2052 in
506 1997 660 2063 euanpelira
674 1999 755 2064 atque
775 1993 923 2063 apostolica
946 1991 993 2044 do·

138 2091 228 2144 ctrina
238 2088 425 2157 reperiantur,
442 2086 567 2153 quamuis
582 2083 672 2137 ardua
684 2081 813 2137 etdioina
820 2083 957 2149 praecepta
967 2082 992 2132 et

136 2175 284 2244 promissa,
302 2187 362 2240 qua
386 2172 442 2226 iltis
457 2173 540 2226 etiam
552 2171 643 2225 Libris
657 2169 791 2226 ueteribus
805 2168 895 2222 desint
913 2166 989 2237 (Gap.

141 2265 167 2328 3,
184 2277 214 2317 n.
229 2263 266 2331 tl.
282 2260 337 2316 Sed
352 2259 516 2316 addendum
531 2263 602 2322 erat,
618 2260 705 2327 Pene,
720 2263 806 2329 atque
826 2257 989 2324 dicendum,

140 2350 177 2404 Ut
191 2364 265 2421 pene
280 2348 359 2403 nulla
373 2347 404 2402 in
419 2346 583 2418 evangelion
597 2351 683 2419 atque
698 2346 853 2418 apostolica
863 2345 991 2401 doctrina

28 2429 30 2434 ’
139 2436 331 2510 reperiantur,
347 2436 477 2507 quamvis
488 2436 578 2491 ardua
588 2440 616 2492 et
626 2435 722 2491 divina
735 2440 879 2507 praecepta
888 2440 990 2506 etpro-

139 2525 237 2595 missa,
251 2540 316 2597 quae
332 2523 389 2579 illis
406 2523 492 2580 etiam
521 2523 612 2579 Libris
640 2524 784 2579 veteribus
799 2523 902 2578 desint.
918 2522 991 2588 Quid

140 2619 184 2670 est
197 2613 275 2670 euim
290 2613 367 2685 quod
377 2612 407 2668 in
417 2628 548 2667 sermone
563 2611 726 2684 evangelico
740 2612 770 2666 in
782 2617 879 2666 monte
895 2611 991 2665 Domi-

139 2719 194 2759 nus
209 2702 287 2769 dicit,
302 2701 430 2758 Audistis
440 2703 505 2770 qaia
515 2701 616 2757 dictum
628 2706 667 2757 est
677 2702 798 2770 antiquis
809 2702 874 2768 boc;
888 2715 934 2768 epo
944 2716 991 2755 aa·

140 2797 191 2848 tem
206 2792 264 2846 dico
278 2790 353 2846 uobis
379 2789 487 2861 (ualet.
504 2807 532 2856 r,
547 2791 611 2861 2¹l3
638 2790 662 2845 si
690 2790 764 2845 nihil
789 2789 850 2860 ipse
866 2788 991 2860 amplius

138 2880 275 2953 praecepit
299 2895 387 2952 quam
409 2882 587 2951 praeceptum
611 2878 697 2934 estin
711 2878 768 2933 illis
782 2877 926 2932 veteribus
946 2876 991 2931 hi·

138 2969 223 3024 bris?
237 2967 345 3024 Deinde
359 2983 482 3039 regnum
497 2968 633 3023 coelorum
648 2967 690 3022 illi
705 2967 812 3038 populo
827 2965 913 3023 tuisse
924 2982 991 3037 pro·

139 3057 262 3112 missum
286 3072 344 3111 nou
359 3056 482 3126 legimus
495 3056 526 3111 in
541 3056 575 3111 iis
590 3070 654 3128 qnae
669 3056 810 3127 promissa
834 3060 901 3110 sunt
917 3056 990 3125 Lege

139 3145 206 3201 data
229 3160 282 3215 per
308 3145 423 3216 Moysen
450 3143 481 3198 in
509 3149 606 3199 monte
632 3143 699 3199 Sina
723 3144 820 3214 (Euod.
841 3160 898 3210 xrx,
925 3142 990 3213 ab),

140 3234 217 3305 quod
231 3233 347 3304 proprie
356 3234 440 3287 Vetus
457 3232 561 3288 dicitur
575 3234 807 3287 Testamentum:
825 3231 903 3303 quod
914 3247 991 3302 prm·

140 3322 296 3393 figuratum
305 3320 373 3377 dicit
384 3321 536 3391 Apostolus
551 3336 603 3390 per
616 3320 749 3374 ancillam
766 3319 843 3374 Sarae
858 3319 990 3374 etfilium

138 3410 200 3482 ejus
217 3427 224 3466 ι
241 3409 290 3466 sed
302 3413 331 3466 et
342 3408 382 3463 ibi
396 3409 552 3481 figuratum
562 3412 606 3464 est
619 3413 647 3463 ct
657 3409 767 3464 Novum
781 3407 930 3480 peripsam
941 3408 991 3463 Sa·

138 3514 202 3554 ram
229 3498 376 3554 etlilium
400 3497 461 3569 ejus
494 3497 596 3569 (Galat.
621 3514 659 3566 ιν,
686 3498 791 3567 22-31).
818 3495 939 3552 Proinde
966 3495 991 3551 si

140 3575 446 3659 Dguraediscntisintur,
461 3586 784 3658 omninibiprophetata
795 3584 989 3656 reperiuntur,

140 3692 205 3748 quae
219 3681 287 3730 sunt
306 3678 489 3746 praesentata,
505 3675 550 3730 rel
573 3678 772 3744 exspectantur
786 3674 991 3745 praesentanda

139 3779 192 3834 per
201 3763 355 3819 Christum.
369 3764 574 3819 Verumtamen
583 3763 836 3835 propterquaedam
846 3766 991 3834 praecepta

139 3866 198 3906 non
212 3851 345 3922 ligurata,
360 3851 409 3906 sed
423 3851 550 3922 propria,
571 3866 637 3922 quie
652 3868 711 3906 non
733 3851 764 3905 in
779 3853 880 3907 Vetere
894 3853 989 3907 Testa·

140 3943 250 4004 mento,
266 3939 316 3993 sed
331 3937 362 3992 in
373 3939 451 3993 Novo
474 3937 671 4006 inveniuntur,
689 3940 799 3994 cautius
815 3943 843 3994 et
857 3941 989 3995 modera-

139 4026 197 4082 tius
212 4026 363 4087 diceretur‚
378 4029 453 4081 Pene
468 4027 558 4095 nulla,
574 4043 662 4098 quam
677 4027 757 4082 nulla
780 4027 827 4082 hic
842 4044 903 4082 esse
924 4044 990 4099 quae

139 4130 197 4171 non
212 4113 269 4170 sint
283 4117 312 4170 et
324 4114 397 4170 illic:
414 4115 543 4187 quamvis
555 4114 613 4170 illic
627 4115 684 4170 sint
706 4116 756 4171 illa
767 4116 824 4171 duo
846 4120 991 4188 praecepta

138 4203 174 4260 de
187 4202 338 4260 dilectione
353 4201 404 4258 Dei
419 4206 448 4258 et
460 4201 594 4274 proximi,
611 4219 667 4275 quo
679 4203 835 4258 rectissime
848 4203 946 4258 omnia
961 4209 990 4259 et

138 4290 269 4364 legitima
282 4295 310 4347 ot
322 4291 493 4364 prophetica
507 4296 535 4348 et
553 4292 716 4364 evangelica
729 4296 757 4347 et
775 4292 930 4365 apostolica
945 4309 989 4348 re·

139 4379 282 4437 feruntur.

175 4472 201 4524 3.
217 4471 291 4525 Item
311 4468 388 4541 quod
412 4467 480 4536 dixi,
496 4468 593 4525 Tribus
607 4468 694 4525 modis
708 4471 739 4524 in
759 4470 910 4541 scripturis
923 4485 989 4527 san·

140 4559 191 4612 ctis
215 4557 335 4629 fitiorum
347 4573 442 4613 nomen
456 4560 592 4628 accipitur
617 4558 698 4629 (Gap.
721 4560 747 4625 5,
774 4574 803 4613 n.
831 4559 866 4629 l),
895 4560 991 4616 minus

141 4645 318 4701 considerate
337 4646 509 4702 dictumest.
527 4647 561 4700 Et
576 4645 648 4700 alios
663 4644 742 4700 enim
764 4647 903 4717 quosdam
923 4664 986 4703 mo-

140 4732 192 4788 dos
205 4733 267 4788 sine
282 4733 368 4789 dubio
383 4733 619 4806 pretermisimus
630 4750 637 4802 ;
653 4733 727 4790 sicut
739 4733 842 4790 dicitur
855 4735 931 4791 filius
942 4752 990 4808 ge·

139 4821 244 4878 hennae
273 4822 380 4894 quaten.
395 4838 475 4892 xxm,
492 4824 549 4895 ib),
575 4823 620 4878 rel
634 4822 711 4877 tilius
725 4821 882 4893 [adoptivus
904 4823 987 4895 (ltom.

139 4925 199 4978 rur,
217 4911 258 4977 tt,
286 4911 351 4979 lbl':
373 4925 438 4980 quoe
464 4911 564 4983 utique
588 4926 640 4966 nec
663 4912 821 4967 secundum
844 4916 987 4981 naturam,

139 5014 193 5056 nec
202 4997 360 5053 secundum
372 4998 541 5068 doctrinam,
561 5017 613 5056 nec
627 5001 785 5057 secundum
800 5000 989 5057 imitationem

1044 950 1119 1004 xxiv,
1140 934 1193 1003 30).

1079 1025 1105 1077 4.
1122 1021 1185 1076 Alio
1207 1021 1269 1075 loco
1290 1020 1369 1092 (Cap.
1386 1018 1446 1089 26),
1468 1020 1529 1076 Nisi
1554 1020 1680 1087 quisqam,
1705 1020 1831 1087 inquam,
1853 1033 1890 1073 oo

1045 1111 1175 1166 inritatam
1189 1111 1345 1177 mutaverit,
1362 1108 1460 1163 borium
1477 1109 1586 1176 operari
1600 1121 1655 1160 nou
1665 1109 1768 1176 potest,
1786 1103 1890 1174 quadiu

1043 1205 1137 1254 nostra
1157 1203 1290 1268 potestate
1310 1212 1365 1251 esse
1378 1199 1498 1265 positum
1523 1197 1578 1250 atio
1595 1195 1651 1249 ioco
1666 1193 1753 1260 docet,
1770 1193 1820 1246 ubi
1838 1194 1891 1248 ait:

1047 1310 1058 1339 ι
1071 1290 1129 1344 Aut
1139 1290 1222 1355 facite
1237 1288 1359 1342 arborem
1368 1287 1473 1353 bonum,
1486 1290 1510 1340 et
1519 1288 1643 1353 fructum
1655 1284 1715 1353 ejus
1726 1284 1825 1339 bonum
1836 1288 1890 1349 ;aut

1043 1379 1128 1444 facite
1142 1378 1265 1432 arborem
1277 1377 1389 1445 mutam,
1406 1380 1431 1429 ct
1440 1377 1561 1441 fructum
1575 1374 1635 1443 ejus
1648 1373 1753 1427 matum
1764 1390 1779 1424 a
1789 1372 1890 1443 (llattt.

1044 1481 1093 1531 xn,
1111 1465 1167 1534 33).
1187 1464 1268 1530 Quod
1285 1468 1505 1519 nonestcontra
1520 1461 1641 1534 gratiam
1659 1461 1712 1516 Dei
1727 1476 1818 1532 quam
1831 1475 1892 1531 pra·

1044 1554 1182 1610 dicamus.
1201 1554 1233 1608 Iu
1248 1557 1388 1624 potestate
1409 1551 1515 1623 quippo
1538 1550 1665 1605 hominis
1681 1555 1726 1604 est
1745 1549 1893 1604 mutarein

1045 1642 1149 1698 melius
1162 1643 1340 1697 voluntatem
1353 1659 1359 1709 ;
1376 1642 1424 1696 sed
1436 1657 1470 1695 ea
1484 1645 1609 1710 potestas
1615 1640 1748 1694 nullaest
1757 1637 1893 1693 nisihDeo

1046 1733 1140 1797 detur,
1157 1730 1190 1785 de
1207 1746 1263 1801 quo
1278 1729 1387 1784 dictum
1402 1733 1445 1784 est
1460 1745 1466 1783 :
1482 1729 1562 1784 Dedit
1584 1731 1622 1783 eis
1645 1732 1813 1798 potestatem
1834 1729 1892 1797 ilias

1044 1821 1093 1874 Dei
1106 1821 1167 1888 iteri
1190 1816 1279 1888 (toan.
1297 1835 1316 1885 t,
1348 1817 1406 1888 lt).
1438 1816 1510 1872 Cum
1536 1815 1614 1870 enim
1636 1817 1693 1871 hoc
1721 1815 1760 1870 sit
1776 1814 1892 1886 inpete

1045 1910 1117 1962 state
1132 1907 1219 1978 quod,
1236 1922 1301 1961 cum
1312 1906 1455 1968 volumus,
1471 1904 1601 1972 facimus,
1616 1904 1692 1959 nihil
1704 1907 1767 1959 tarn
1778 1905 1809 1958 in
1822 1908 1889 1975 pote·

1046 2000 1116 2050 state
1132 2012 1219 2066 quam
1244 1995 1308 2066 ipsa
1320 1995 1526 2062 voluntasjest3
1541 1994 1588 2048 sed
1604 1999 1791 2064 proeparatur
1806 1993 1892 2047 volnu-

1046 2089 1089 2140 tas
1103 2083 1262 2138 bDomino.
1280 2085 1317 2138 Eo
1332 2083 1418 2137 modo
1435 2098 1502 2152 ergo
1516 2083 1564 2137 dat
1578 2085 1782 2152 postestatem.
1800 2079 1891 2143 Sicin-

1044 2173 1233 2244 telligendum
1242 2176 1285 2227 est
1299 2175 1326 2226 et
1340 2171 1418 2242 quod
1432 2171 1489 2225 dixi
1498 2175 1610 2243 postea,
1619 2172 1652 2225 in
1661 2174 1760 2226 nostra
1773 2173 1890 2240 potestate
1936 2168 1938 2183 '

1045 2278 1110 2328 esse,
1125 2267 1156 2317 at
1169 2263 1210 2316 uel
1218 2263 1301 2315 inseri
1314 2260 1431 2315 bonitate
1445 2262 1505 2327 Dei,
1519 2258 1663 2314 seleucida·
1682 2259 1744 2328 ejus
1762 2260 1889 2314 manre

1045 2365 1197 2405 mereamur
1208 2367 1216 2415 3
1229 2349 1297 2419 quia
1308 2349 1338 2402 in
1351 2352 1490 2419 potestate
1505 2352 1602 2402 nostra
1616 2363 1679 2402 non
1690 2351 1745 2414 est,
1760 2346 1817 2402 nisi
1827 2346 1889 2419 qnod

1046 2444 1173 2494 nostram
1187 2439 1315 2509 sequitur
1332 2439 1505 2492 voluntatem
1516 2452 1522 2490 :
1535 2451 1599 2507 quae
1614 2452 1683 2490 cum
1706 2435 1794 2492 fortis
1815 2439 1841 2492 et
1851 2450 1889 2506 pa

1044 2531 1108 2581 tens
1131 2531 1308 2597 praeparatur
1333 2542 1350 2578 a
1372 2524 1504 2590 Domino,
1529 2524 1610 2578 facile
1632 2524 1667 2579 tit
1685 2540 1761 2594 opus
1776 2521 1885 2594 pietatis,

1046 2614 1219 2686 etiamquod
1235 2613 1350 2669 dilticile
1365 2618 1450 2684 utque
1469 2611 1647 2683 impossibile
1673 2612 1740 2666 luit.
1759 2612 1809 2667 llic
1830 2610 1888 2667 liber

1046 2703 1085 2758 sic
1096 2703 1197 2774 incipit
1210 2720 1216 2757 :
1229 2707 1267 2758 De
1278 2718 1307 2758 co
1319 2703 1391 2772 quod
1403 2704 1535 2772 scriptum
1548 2705 1596 2770 est,
1610 2719 1625 2754 a
1640 2702 1673 2756 lu
1679 2703 1824 2772 principio
1835 2701 1888 2768 {ecit

1048 2797 1115 2849 Deus
1129 2794 1222 2848 ortum
1236 2798 1261 2847 ct
1278 2796 1388 2847 terram.
1403 2809 1417 2842 n

1360 2880 1473 2936 CAPUT
1488 2880 1580 2934 Atlll.

1098 2971 1240 3040 Eapositio
1255 2968 1437 3038 quarumdam
1447 2969 1664 3038 propositionum
1674 2983 1709 3023 en
1723 2968 1846 3038 Epistola

1304 3059 1429 3129 Apostoli
1445 3058 1482 3112 ad
1495 3061 1638 3113 Romanos.

1083 3152 1107 3202 t.
1122 3148 1193 3202 Cum
1207 3147 1355 3219 presbyter
1377 3147 1470 3202 adhuc
1493 3162 1595 3209 essem,
1620 3145 1743 3216 contigit
1766 3149 1799 3201 nt
1820 3144 1885 3216 apud

1046 3232 1247 3307 Carthaginem
1263 3236 1339 3290 iuter
1352 3251 1405 3290 nos
1420 3234 1471 3306 qui
1482 3233 1568 3289 simul
1590 3249 1717 3300 eramus,
1743 3233 1780 3288 ad
1800 3235 1887 3289 Doma-

1046 3342 1098 3381 nos
1113 3325 1241 3395 Apostoli
1256 3325 1381 3394 Epistola
1400 3325 1552 3394 legeretur,
1576 3327 1604 3378 ct
1617 3324 1754 3394 quaedam
1777 3322 1886 3377 interro·

1045 3412 1331 3485 gobarairatribus:
1353 3411 1457 3483 quibus
1480 3427 1556 3479 cum,
1585 3410 1658 3465 sicut
1684 3415 1827 3483 poteram,
1848 3425 1885 3463 re

1045 3502 1226 3572 sponderem,
1258 3500 1411 3555 voluerunt
1434 3499 1519 3554 scribi
1543 3499 1639 3570 potius
1667 3515 1735 3572 quas
1760 3498 1886 3562 dicebam,
1936 3534 1938 3573 t

1045 3606 1133 3660 quam
1148 3589 1208 3643 sine
1223 3587 1324 3643 litteris
1337 3587 1431 3643 fundi.
1448 3587 1500 3644 Ubi
1512 3604 1578 3643 cum
1593 3587 1634 3642 eis
1656 3587 1886 3660 obtemperarem,
1936 3620 1938 3645 ;

1045 3677 1117 3733 liber
1130 3693 1203 3731 nnus
1212 3677 1331 3731 accessit
1341 3676 1534 3747 superioribus
1546 3676 1690 3747 opusculis
1703 3676 1785 3732 meis.
1800 3677 1886 3746 inquo
1936 3662 1938 3703 ἶ

1044 3766 1118 3823 libro
1134 3783 1141 3820 :
1159 3766 1237 3832 Quod
1250 3770 1339 3820 autem
1349 3769 1399 3832 ait,
1413 3767 1535 3834 iuquam,
1553 3784 1568 3816 a
1582 3765 1688 3820 Scimus
1704 3766 1772 3834 qnia
1785 3767 1829 3820 tea
1839 3764 1887 3833 spi-

1044 3856 1155 3909 ritualis
1170 3859 1224 3920 est;
1250 3870 1297 3924 eqo
1321 3858 1411 3909 autem
1425 3855 1545 3910 carnotis
1569 3869 1649 3921 sum3
1672 3872 1686 3905 a
1702 3857 1773 3910 sutis
1785 3851 1888 3908 ostendit

1043 3960 1097 3999 non
1104 3946 1297 4014 posseyimpteri
1304 3945 1409 4012 Legem,
1422 3945 1477 3999 nisi
1486 3960 1504 3998 a
1513 3943 1719 4013 spiritualibus,
1730 3942 1822 4012 quietes
1830 3941 1888 4008 [orit

1043 4034 1137 4100 gratia
1150 4035 1207 4088 Dei.
1222 4032 1304 4097 Quod
1319 4031 1419 4103 utiquo
1434 4047 1492 4086 non
1509 4047 1543 4086 ex
1557 4046 1680 4102 persona
1703 4028 1835 4103 Apostoli
1851 4043 1889 4083 ac·

1044 4120 1100 4191 cipi
1114 4119 1203 4185 volui,
1224 4120 1273 4193 qui
1282 4119 1344 4191 jam
1358 4119 1516 4191 spiritualis
1531 4123 1610 4185 erat;
1633 4118 1684 4173 sed
1698 4118 1827 4174 hominis
1838 4115 1889 4186 'snb

1045 4209 1120 4280 Lege
1134 4207 1232 4279 positi,
1248 4207 1377 4262 noudum
1393 4208 1445 4262 sub
1458 4208 1558 4279 gratia.
1585 4207 1629 4262 Sic
1644 4207 1724 4262 enim
1742 4207 1825 4279 prius
1836 4206 1889 4262 haec

1044 4298 1131 4353 verba
1143 4296 1304 4366 sapiebam;
1320 4311 1384 4366 quoe
1399 4301 1497 4366 postea
1510 4295 1774 4367 lectisquibusdam
1790 4294 1890 4351 divino

1043 4400 1109 4440 rum
1128 4383 1328 4440 tractatoribus
1351 4384 1543 4455 eloquiorum,
1555 4400 1679 4456 quorum
1700 4400 1749 4439 me
1772 4384 1891 4447 moveret

1044 4473 1207 4542 auctoritas,
1231 4471 1407 4527 considerari
1431 4472 1598 4544 diligentins
1618 4476 1647 4528 et
1665 4472 1727 4528 vidi
1743 4471 1840 4529 'etiam
1860 4470 1891 4526 de

1042 4560 1105 4633 ipso
1118 4561 1252 4631 Apostolo
1273 4576 1356 4630 posse
1378 4560 1501 4633 intelligi
1525 4562 1602 4633 quod
1626 4561 1675 4626 ait,
1699 4563 1810 4618 Scimus
1830 4574 1892 4631 que

1042 4653 1118 4705 niam
1134 4654 1187 4705 tea
1201 4651 1481 4719 spiritualissimus
1496 4656 1586 4705 autem
1599 4651 1721 4706 carnatis
1731 4665 1810 4706 sum:
1823 4645 1892 4720 quod

1043 4739 1074 4793 in
1093 4738 1134 4794 eis
1152 4738 1233 4793 libris
1258 4754 1331 4808 quos
1352 4744 1452 4793 contra
1480 4739 1648 4810 Pelagianos
1670 4754 1766 4811 nuper
1788 4736 1892 4809 scripsi,

1043 4831 1183 4898 quantum
1197 4826 1279 4898 potui
1294 4826 1448 4898 diligenter
1459 4828 1579 4882 ostendi.
1597 4829 1629 4882 ln
1638 4827 1695 4882 isto
1711 4842 1782 4898 ergo
1793 4827 1893 4882 libroel

1042 4915 1096 4970 hoe
1117 4915 1328 4987 quod⁸dictum
1351 4921 1403 4983 est,
1428 4919 1485 4983 Epo
1511 4921 1601 4970 aretem
1626 4917 1750 4971 carnalis
1767 4930 1848 4982 sum;
1870 4917 1895 4968 et

1043 5002 1145 5058 deinde
1162 5007 1265 5057 caetera
1279 5019 1372 5074 usque
1386 5003 1423 5058 ad
1439 5019 1506 5057 eum
1534 5004 1638 5067 locum,
1665 5003 1717 5058 ubi
1732 5003 1803 5058 dicit
1816 5004 1895 5058 uber

139 5088 282 5144 dicuntur.
299 5087 427 5151 Quorum
441 5086 530 5142 trium
544 5088 697 5145 modorum
716 5094 851 5162 tanquam
866 5090 990 5145 solasint
1042 5107 1088 5159 epo
1101 5093 1188 5158 bomo,
1211 5094 1272 5161 quis
1286 5108 1328 5147 me
1347 5093 1473 5147 liberabit
1496 5092 1529 5148 de
1542 5107 1654 5162 corpore
1669 5095 1766 5148 mortis
1790 5089 1895 5162 liujus?

139 5177 271 5249 exempla
284 5174 480 5242 reddidimus;
496 5177 989 5246 secundumnaturam,sicutludmi
1043 5182 1139 5237 Gratia
1164 5182 1214 5235 Dei
1238 5196 1287 5249 prr
1319 5182 1408 5235 Jesum
1440 5182 1578 5245 Christum
1603 5182 1750 5234 Dominum
1776 5184 1895 5234 ausuum

109 5305 112 5309 .
138 5266 190 5323 tilii
213 5265 336 5321 Abrahae
360 5262 448 5336 (Joart.
465 5280 524 5332 rur,
548 5265 592 5336 ³7)
611 5282 617 5322 :
634 5267 792 5323 secundum
817 5265 987 5335 doctrinam,
1043 5268 1128 5340 (Rom.
1144 5284 1193 5337 vn,
1207 5268 1325 5339 rt-nst:
1345 5268 1404 5325 dixi
1417 5269 1565 5324 hominem
1590 5268 1715 5335 describi
1736 5267 1832 5324 adhuc
1845 5264 1895 5320 sub

138 5355 298 5411 sicutlilios
311 5368 389 5424 suos,
410 5369 482 5426 quos
501 5354 687 5427 Evangelinm
707 5356 815 5427 docuit,
835 5357 988 5429 Apostolus
1042 5357 1125 5429 Lege,
1141 5357 1271 5413 nondum
1294 5357 1347 5412 sub
1371 5358 1462 5429 gratia
1484 5357 1682 5422 constitutum,
1705 5357 1781 5412 bene
1806 5357 1896 5412 iacere

137 5440 218 5499 rotat
242 5445 263 5515 (1
288 5445 363 5518 Dor„
378 5458 415 5511 rr,
432 5444 476 5515 rt)
494 5458 500 5498 :
521 5442 678 5499 secundum
692 5444 895 5513 imitationem,
915 5443 989 5500 sicut
1041 5447 1194 5516 volentem,
1210 5447 1260 5502 sed
1282 5446 1389 5502 victum
1412 5444 1643 5515 concupiscentia
1657 5445 1752 5501 carnis
1765 5446 1844 5501 male
1856 5445 1895 5501 ia·

137 5529 326 5590 tiliiAbrahae
350 5549 404 5590 nos
423 5547 534 5605 sumus,
554 5531 635 5605 cujus
656 5531 805 5592 imitamur
820 5534 909 5593 fidem
923 5534 987 5606 (da-
1040 5533 1163 5592 cientem
1187 5534 1281 5606 (Prop.
1298 5535 1404 5607 tt-eol.
1429 5534 1550 5607 Acujua
1575 5533 1822 5606 concupiscentia
1850 5533 1898 5589 do
