3884 6112
104 281 172 335 1223
645 262 693 319 DE
712 260 843 317 LIBERO
862 255 1045 325 abutauro,
1065 254 1092 310 5.
1113 252 1305 311 AUGUS'l'lNl
1786 254 1864 309 '¹224

101 396 296 471 itesupplicie
311 392 393 449 melis
410 388 611 459 tribuit;quae
628 386 727 456 utique
743 382 947 454 snpplieiepe·
1003 378 1115 434 CAPUT
1135 379 1170 433 ll.
1199 407 1234 419 —
1260 378 1362 433 blatum
1385 376 1457 431 aa&
1481 378 1667 447 priusquam
1694 375 1865 446 ἅψῃ,

101 489 238 546 tientibus
253 486 328 540 male
343 487 421 537 sunt.
436 477 626 543 Quamobrem
641 475 760 528 sinemo
774 472 879 543 injuste
890 486 949 541 poe·
1256 466 1364 536 quidde
1375 468 1426 521 Deo
1437 465 1623 522 credendum.

102 594 154 634 nas
173 576 236 642 luit,
259 573 336 645 quod
352 583 465 624 necesse
481 570 524 620 est
538 563 696 627 credamus,
716 559 950 632 quandoquidem
1041 558 1068 611 l.
1084 558 1116 611 E.
1134 558 1192 625 Age
1205 555 1276 626 jem,
1303 555 1438 626 quoniam
1458 555 1532 609 satis
1552 553 1643 625 cogis
1668 559 1703 608 ut
1717 554 1806 609 tatur
1817 572 1865 612 nor

101 653 624 735 divineprovidentiahocunieersum
638 650 701 721 regi
712 648 949 708 credimusillius
993 661 1057 699 nos
1072 645 1179 700 discere
1194 644 1268 699 niele
1285 643 1388 710 lacere,
1405 643 1451 699 dic
1476 643 1554 697 mihi
1584 643 1674 697 unde
1704 643 1865 700 malefacta

102 751 189 825 primi
207 747 320 821 generis
335 743 477 799 malorum
494 741 573 796 nullo
588 739 684 801 modo,
695 738 782 808 huJ'us
794 741 890 790 autem
906 752 949 788 se·
1005 751 1079 789 mus.
1095 735 1134 789 Α.
1154 735 1221 788 Earn
1238 733 1428 804 questionem
1443 749 1552 799 moves,
1569 748 1645 804 qnae
1661 747 1711 786 me
1724 732 1865 789 admodum

102 840 189 895 cundi
209 841 307 892 auctor
322 840 365 888 est
380 834 465 886 Deus.
482 832 515 885 Ε.
531 831 578 884 Est
590 843 659 899 ergo
675 826 747 880 alius
760 829 860 878 auctor
873 823 950 878 itlius
1005 824 1213 879 adolescentem
1229 822 1412 876 vebementer
1437 821 1580 891 exercuit,
1612 826 1646 875 et
1676 819 1864 892 fatigatum‘n

102 926 181 993 mali,
198 923 278 995 cujras
294 924 384 976 Deum
407 935 465 973 nen
485 933 545 971 esse
559 920 739 985 compertum
762 912 824 967 est?
842 914 880 965 Α.
903 912 951 966 Est
1004 910 1155 967 haereticos
1167 910 1292 980 impulit,
1308 915 1394 981 etque
1409 909 1528 981 dejecit.
1556 909 1627 974 Quo
1655 925 1728 963 casu
1750 910 1791 963 ita
1813 926 1865 966 sun

100 1024 194 1071 certe:
209 1010 357 1067 nonenim
374 1008 454 1062 nullo
469 1011 585 1061 auctore
601 1002 664 1057 lieri
684 1005 788 1073 posset.
810 1001 839 1055 Si
853 1004 950 1054 eutem
1005 999 1137 1065 eillictus,
1153 1003 1181 1052 et
1195 997 1283 1052 tantis
1295 997 1416 1053 obrutus
1426 999 1536 1052 acervis
1543 997 1690 1052 inanium
1703 996 1863 1064 fabularum,

100 1102 204 1176 quaeris
224 1100 356 1173 quisnam
380 1099 433 1150 iste
448 1095 495 1163 sit,
515 1093 571 1148 dici
591 1108 650 1146 non
665 1095 777 1161 potest:
792 1105 856 1161 ,non
871 1088 949 1142 enim
1005 1093 1036 1141 ut
1051 1087 1106 1141 nisi
1122 1085 1193 1141 mibi
1208 1101 1289 1141 emor
1302 1085 1469 1141 inveniendi
1487 1085 1551 1139 veri
1565 1100 1664 1156 opem
1680 1084 1810 1139 divinam
1821 1084 1864 1139 im·

100 1207 175 1246 unus
197 1187 302 1259 aliquis
322 1190 374 1247 est,
397 1183 445 1238 sed
473 1182 594 1253 quisque
618 1180 711 1233 malus
737 1177 780 1232 sui
806 1175 950 1231 malefacti
1004 1175 1181 1245 patravisset,
1198 1188 1344 1245 emergere
1358 1173 1434 1238 inde,
1452 1178 1542 1244 atqua
1560 1173 1597 1228 in
1630 1173 1731 1243 ipsam
1754 1173 1861 1242 primam

100 1282 264 1334 auctorest.
282 1275 360 1330 Unde
376 1272 399 1327 si
413 1271 536 1336 dubitas,
552 1268 622 1324 illud
638 1267 752 1322 attende
772 1265 848 1337 quod
862 1280 950 1334 supra
1004 1262 1152 1334 quarendi
1167 1262 1327 1317 libertatem
1343 1262 1482 1333 respirare
1506 1277 1569 1316 non
1603 1277 1740 1332 possem.
1758 1261 1791 1315 Et
1802 1277 1861 1332 quo

99 1369 206 1423 dictum
222 1369 275 1428 est,
291 1361 441 1417 malefacta
450 1357 559 1429 justitia
576 1356 624 1410 bei
634 1353 781 1408 vindicari.
797 1354 859 1407 Non
871 1353 947 1407 enirn
1004 1351 1082 1405 niem
1097 1366 1210 1406 mecum
1220 1351 1320 1405 sedulo
1334 1358 1429 1405 actum
1444 1355 1498 1418 est,
1522 1356 1556 1405 ut
1576 1350 1640 1405 ista
1656 1350 1823 1421 quaestione
1834 1351 1861 1404 li·

98 1456 175 1526 justa
189 1451 412 1513 vindicarentur,
428 1446 484 1499 nisi
499 1444 601 1499 tierent
614 1445 760 1496 voluntate
776 1440 823 1510 (a).
1002 1439 1113 1506 herere,
1127 1456 1161 1494 eo
1179 1445 1272 1494 tecam
1287 1455 1371 1511 agam
1385 1439 1484 1494 ordine
1511 1455 1606 1510 quem
1637 1429 1762 1493 secutus
1789 1439 1859 1493 avaei,

131 1547 158 1598 2.
183 1543 218 1596 Ε.
235 1539 336 1595 Nescio
357 1542 453 1590 utrum
468 1533 619 1604 quisquam
637 1535 743 1601 peccet,
763 1529 813 1601 qui
832 1545 889 1583 non
904 1529 947 1583 di·
1001 1527 1101 1581 Aderit
1114 1527 1192 1582 euim
1207 1529 1290 1594 Deus,
1305 1532 1394 1582 etnos
1405 1527 1569 1599 intelligere
1578 1527 1667 1598 quod
1682 1527 1858 1593 credidimus,

99 1629 217 1686 dicerit:
241 1627 318 1700 quod
342 1626 365 1679 si
391 1639 488 1678 rerum
512 1626 562 1685 θεῖ,
584 1620 717 1690 quisnam
737 1619 773 1671 sit
788 1617 835 1671 ille
855 1634 872 1671 e
889 1632 947 1687 quo
1002 1615 1095 1670 faciet.
1113 1615 1312 1687 Praeseriptum
1328 1617 1465 1687 enimpar
1477 1616 1663 1688 prophetam
1675 1616 1858 1689 gradem,qri

96 1733 216 1790 peceare
228 1715 424 1777 didicerimus,
440 1709 566 1782 inquiro.
580 1711 618 1762 A.
634 1707 750 1778 Aliquid
766 1707 834 1762 boni
850 1705 947 1759 existi·
1002 1703 1052 1767 ait,
1076 1706 1138 1760 Nisi
1152 1705 1331 1768 credideritis,
1353 1721 1405 1759 noa
1423 1707 1586 1772 intelligetis
1609 1707 1692 1774 (lsai.
1708 1721 1761 1767 vn,
1776 1709 1802 1772 9,
1818 1721 1857 1760 see.

99 1822 161 1862 mas
179 1817 248 1859 esse
262 1800 464 1872 disciplinam?
481 1801 511 1853 Ε.
529 1796 598 1861 Quis
613 1796 716 1850 audeat
729 1794 824 1849 dicere
839 1795 948 1848 malum
1001 1792 1088 1862 LXX),
1104 1797 1202 1848 tenere
1217 1792 1360 1862 nos,heue
1371 1793 1455 1848 nobis
1469 1793 1708 1849 consciisumus.
1727 1794 1857 1849 Credimrs

97 1911 159 1950 esse
175 1888 425 1961 disciplinam‘iA.
442 1885 527 1953 Quid,
544 1885 567 1938 si
582 1901 634 1939 nec
647 1884 756 1939 bonum
770 1899 822 1938 nec
835 1883 947 1938 malum
1001 1885 1097 1935 eutem
1110 1897 1142 1936 ex
1158 1897 1216 1935 unu
1230 1883 1287 1935 Deo
1299 1880 1537 1952 ornniaessequas
1547 1886 1624 1936 sunt
1637 1901 1647 1949 ς
1658 1886 1690 1936 et
1705 1887 1856 1937 tamennon

95 1984 165 2038 est?
187 1972 946 2044 E.llil1ibonumuidetur.d.Benesene3siquidem
1000 1985 1061 2024 esse
1076 1976 1258 2040 peccatorum
1281 1976 1426 2026 auctorem
1442 1971 1546 2027 ileum.
1563 1971 1666 2027 lieret
1695 1973 1856 2027 autemeni

96 2069 215 2125 seientia
231 2084 280 2140 per
296 2067 376 2121 illem
398 2065 482 2119 detur
496 2069 546 2118 aut
560 2062 708 2128 exuetur,
724 2077 777 2116 nec
793 2061 946 2132 quisquam
999 2073 1091 2124 mum,
1106 2058 1129 2112 si
1145 2063 1260 2129 peecata
1274 2075 1308 2113 ex
1319 2059 1354 2113 iis
1367 2058 1518 2114 animabus
1531 2063 1695 2131 suntquas
1710 2061 1787 2116 Dens
1797 2077 1856 2116 eres

96 2153 403 2227 nisiperdisciplinam
416 2151 523 2223 aliquid
537 2150 637 2206 discit:
655 2166 692 2204 an
707 2154 734 2204 tu
749 2148 831 2203 aliter
841 2150 946 2220 putas?
999 2145 1664 2217 vit,illaeautemanimeeexl)eo‚quomodo
1696 2163 1760 2203 non
1785 2163 1855 2219 pana

96 2249 129 2303 E.
151 2247 209 2316 Ego
224 2260 276 2315 per
291 2240 471 2311 disciplinam
489 2254 548 2293 non
567 2237 622 2292 nisi
636 2237 714 2292 bona
727 2236 797 2292 disci
812 2236 944 2294 arbitror.
999 2234 1150 2289 intervallo
1164 2239 1278 2306 peccata
1294 2234 1453 2289 referentur
1465 2234 1496 2289 in
1513 2236 1623 2290 Deum.

96 2337 134 2387 Α.
151 2332 220 2387 Vide
234 2345 303 2400 ergo
318 2344 354 2382 ne
365 2342 423 2381 non
437 2326 583 2381 discantur
596 2325 768 2379 malatnem
783 2323 944 2394 disciplina,
1036 2327 1062 2378 5.
1078 2326 1111 2379 Ε.
1128 2324 1158 2378 ld
1183 2323 1359 2395 nuncplane
1382 2323 1474 2378 abste
1490 2322 1607 2378 dictum
1636 2328 1697 2395 est,
1719 2325 1799 2396 quod
1819 2340 1854 2380 me

98 2419 155 2476 nisi
177 2436 193 2474 e
212 2416 347 2473 discendo
367 2430 426 2470 non
446 2414 521 2468 dicte
540 2418 590 2468 est.
613 2415 645 2467 Ε.
664 2413 742 2467 Unde
757 2427 825 2482 ergo
840 2413 875 2467 ab
891 2413 945 2466 bo·
999 2412 1174 2484 cogitantem
1193 2411 1423 2478 satisexcruciat,
1441 2415 1469 2467 θῖ
1488 2413 1570 2481 quod
1587 2412 1737 2468 edietum
1751 2414 1855 2486 inquiat

97 2509 175 2563 mine
190 2507 264 2562 fiunt
283 2505 307 2559 si
326 2520 384 2558 non
399 2501 569 2558 discuntur?
585 2503 623 2555 Α.
642 2502 680 2555 Εο
695 2500 813 2554 loclesse
828 2500 901 2570 quod
916 2516 945 2553 se
999 2499 1107 2555 tionem
1122 2500 1215 2571 coegit
1226 2505 1254 2554 et
1268 2500 1363 2555 traxit.
1379 2502 1413 2555 Α.
1434 2499 1514 2554 Virili
1529 2501 1636 2555 animo
1649 2507 1729 2563 esto,
1751 2503 1855 2557 θῖθτθόθ

97 2595 291 2667 adiscipline,
306 2593 334 2658 id
346 2590 564 2646 estedisceudo
574 2590 676 2644 evertit
686 2594 771 2660 atque
786 2588 943 2643 abalienet:
1000 2587 1077 2659 quod
1105 2589 1217 2643 credis:
1243 2588 1314 2643 nibil
1342 2587 1419 2642 enim
1444 2588 1576 2643 creditur
1604 2591 1730 2658 melius,
1760 2591 1854 2646 etiamsi

97 2686 146 2742 sed
165 2686 223 2739 sive
244 2685 306 2750 hoc,
323 2683 380 2736 sive
400 2680 476 2736 aliud
491 2678 599 2751 aliquid
615 2678 660 2745 sit,
676 2678 745 2732 illud
760 2683 836 2731 certe
851 2677 944 2730 meni·
999 2693 1085 2730 causa
1098 2677 1185 2731 lateat
1197 2693 1248 2731 cur
1261 2677 1300 2731 ita
1316 2677 1361 2733 sit.
1375 2677 1489 2748 Optime
1499 2692 1635 2749 namque
1648 2679 1690 2734 de
1701 2680 1762 2735 Deo
1773 2678 1854 2735 existi-

98 2774 203 2829 lestum
226 2777 279 2839 est,
304 2769 441 2841 quoniam
460 2767 610 2838 disciplina
625 2765 734 2820 bonum
754 2769 809 2832 est,
829 2770 858 2818 θῖ
873 2781 888 2818 a
903 2765 944 2820 di·
999 2781 1078 2820 mera
1093 2765 1444 2836 verissimumestpietetis
1456 2765 1626 2835 exordium,
1640 2784 1702 2823 nec
1718 2768 1853 2841 quisqam

99 2862 203 2916 scendo
223 2859 298 2913 dicta
319 2862 362 2911 est
379 2855 538 2926 discipline,
564 2854 640 2907 mele
660 2852 731 2906 disci
747 2852 864 2907 omniuo
886 2867 945 2906 uun
998 2853 1033 2907 da
1046 2854 1095 2908 illo
1109 2853 1216 2923 optime
1229 2854 1379 2916 existimet,
1390 2853 1441 2925 qui
1455 2869 1514 2908 non
1530 2857 1852 2928 cumomnipotenten,

95 2966 189 3022 posse.
201 2949 228 3004 Si
236 2947 313 3002 enim
324 2945 481 3007 discuntur,
494 2941 844 3012 disciplinaoontinentur,
858 2946 943 3012 etque
999 2945 1084 3012 atque
1098 2957 1132 2995 ex
1148 2942 1227 2995 nulla
1242 2940 1631 3012 particulacommutebilem
1651 2945 1769 3011 credit;
1782 2946 1852 3000 bono

96 3039 138 3094 ite
152 3035 302 3106 disciplina
324 3048 383 3086 non
401 3031 454 3085 erit
467 3030 575 3085 bonrrm
589 3046 595 3097 ;
610 3028 719 3083 bonum
733 3034 896 3094 astantem,
912 3033 944 3083 ut
998 3045 1063 3084 rum
1076 3029 1162 3084 etiem
1173 3029 1304 3083 omnium
1319 3034 1487 3092 creatorem,
1511 3029 1625 3099 quibus
1642 3038 1693 3087 est
1707 3034 1770 3105 ipse
1792 3048 1850 3104 pre

93 3131 154 3201 ipse
176 3123 326 3189 coneedis3
352 3138 409 3176 non
429 3121 516 3192 igilur
530 3119 677 3175 discuntur
691 3119 777 3184 mela,
797 3122 826 3173 et
839 3118 944 3173 trustra
998 3117 1117 3172 stantior
1126 3124 1278 3178 ;rectorem
1286 3118 1601 3190 quoqusjustissimum
1612 3136 1727 3176 eornm
1738 3123 1851 3177 omnm

92 3218 175 3272 illum
195 3231 212 3268 a
230 3229 287 3284 quo
310 3210 384 3264 male
407 3209 499 3262 iecere
523 3208 668 3273 discimus,
697 3205 821 3278 quaeris;
848 3211 898 3260 eut
918 3207 943 3260 si
997 3206 1197 3276 quaecreevit3
1213 3220 1266 3259 nec
1281 3206 1338 3259 ulle
1352 3205 1483 3276 adjutum
1496 3221 1560 3260 esse
1582 3213 1699 3263 natura
1726 3210 1758 3265 in
1770 3224 1850 3264 erm·

93 3304 244 3361 discuntur
264 3299 350 3363 mala,
370 3297 486 3351 vitanda
504 3311 562 3348 uon
582 3293 709 3348 iacienda
727 3293 885 3347 discuntur.
904 3295 942 3348 Ex
996 3292 1279 3364 do,quasiquinon
1302 3293 1357 3348 sibi
1383 3293 1540 3349 sufficeret.
1574 3296 1614 3350 Ex
1642 3314 1709 3369 quo
1740 3298 1850 3353 fianta„

95 3392 242 3467 quomale
258 3391 349 3445 lacere
364 3386 435 3443 nibil
450 3389 503 3453 est,
518 3383 766 3454 nisiadisciplina
781 3382 904 3439 desiere.
996 3381 1367 3448 nihilocreaveritomnia;
1385 3381 1420 3437 de
1446 3396 1475 3436 se
1502 3387 1604 3438 autern
1637 3402 1705 3441 non
1721 3387 1849 3448 mutent

128 3484 154 3537 ³.
168 3483 201 3536 E.
218 3480 337 3534 Prorsus
347 3491 399 3546 ego
409 3474 480 3529 duas
491 3471 663 3542 disciptinas,
677 3487 737 3525 esse
744 3475 836 3540 puto;
853 3487 940 3526 unam
996 3468 1044 3523 sed
1058 3467 1191 3540 genuerit
1217 3468 1292 3538 quod
1306 3468 1361 3524 sibi
1386 3485 1439 3540 par
1453 3473 1539 3535 esset,
1566 3487 1665 3542 quem
1698 3472 1850 3530 Filiumnei

91 3584 144 3641 per
156 3582 242 3639 quem
257 3565 331 3620 hene
350 3563 452 3627 lacere,
479 3559 563 3615 aliem
582 3574 635 3629 per
655 3574 741 3629 quem
759 3558 940 3614 malefacere
996 3557 1113 3611 unicum
1130 3556 1261 3623 dicimus,
1279 3573 1364 3627 quem
1377 3557 1573 3628 eumplanius
1589 3563 1759 3618 enuntiare
1779 3578 1849 3618 eoue-

92 3655 237 3712 discimus.
254 3653 308 3708 Sed
323 3667 389 3706 cum
403 3664 548 3721 quaereres
559 3653 655 3702 utrum
669 3647 818 3718 discipline
832 3646 941 3702 bonum
997 3660 1071 3712 mur,
1089 3645 1139 3700 Dei
1153 3645 1294 3701 Virtutem
1305 3651 1334 3700 et
1348 3645 1397 3700 Dei
1410 3645 1592 3716 Sapientiam
1602 3651 1851 3722 nominamus,per

93 3747 176 3810 esset,
193 3742 284 3813 ipsius
299 3739 368 3793 boni
382 3755 461 3792 amor
475 3735 664 3792 intentionem
680 3751 773 3789 meam
788 3735 894 3806 rapuit,
910 3741 942 3790 ut
996 3749 1083 3804 quem
1099 3733 1167 3788 lecit
1180 3733 1289 3800 omnia,
1305 3750 1369 3805 quae
1384 3734 1419 3789 de
1446 3734 1535 3788 nihilo
1560 3735 1642 3792 fecta
1661 3739 1850 3805 santonibus

91 3827 172 3883 illem
183 3827 365 3897 disciplinam
380 3826 518 3890 intuerer,
535 3809 686 3895 quoe'bene
701 3823 823 3879 faciendi
840 3829 939 3893 estex,
996 3822 1168 3885 constitutis,
1184 3822 1220 3878 ad
1236 3822 1457 3893 intelligentiam
1472 3822 1535 3894 ejus
1551 3823 1596 3879 rei
1613 3842 1716 3898 quarn
1736 3828 1848 3902 „qm

91 3934 150 3993 quo
175 3916 285 3970 bonum
309 3927 370 3966 esse
394 3912 547 3981 respondi:
573 3926 650 3965 nnuc
668 3915 763 3965 eutem
783 3910 942 3966 admoneor
996 3910 1155 3982 opitulante
1170 3912 1240 3974 lieo,
1258 3911 1450 3966 nitamurboe
1463 3911 1566 3967 modo,

92 4022 154 4065 esse
169 4004 264 4068 aliam,
279 4016 365 4072 quam
378 4001 477 4071 procul
493 3999 580 4055 dubio
592 4000 700 4054 malum
714 4014 775 4054 esse
789 4000 940 4067 conlirmo,
1115 4000 1227 4055 CAPUT
1244 4000 1292 4055 lll.
1305 4030 1338 4040 -
1354 4001 1422 4056 nott
1435 4005 1537 4054 cetero
1558 4017 1594 4056 ea
1612 4004 1749 4062 ubedam,

90 4099 118 4152 ei
139 4093 221 4164 cujus
236 4095 381 4146 auctorem
397 4088 523 4161 requiro.
539 4092 577 4144 Α.
598 4089 705 4144 Saltem
719 4087 939 4160 intelligentiam
1030 4091 1057 4144 d.
1071 4088 1180 4154 Quaeris
1195 4093 1272 4144 certe
1301 4089 1379 4145 unda
1401 4089 1476 4145 mals
1500 4089 1653 4148 iaciamus
1671 4095 1779 4167 :prius
1796 4107 1848 4162 ergo

89 4199 149 4239 non
159 4179 214 4235 nisi
225 4179 333 4234 bonum
344 4179 447 4248 partes?
457 4178 489 4231 E.
503 4178 588 4231 lstem
599 4178 683 4248 plene
693 4176 734 4230 ita
743 4176 848 4232 bonam
858 4184 939 4248 puto,
995 4177 1204 4234 discutiendum
1219 4181 1263 4233 est
1276 4178 1346 4250 quid
1362 4177 1398 4232 sit
1411 4179 1485 4233 male
1499 4178 1618 4248 feeere;
1633 4198 1700 4254 qua
1717 4184 1753 4241 da
1767 4201 1796 4239 η
1808 4181 1848 4238 riht

88 4275 196 4326 utnon
215 4267 329 4323 videam
344 4265 413 4338 quid
427 4266 457 4320 in
476 4267 592 4321 homino
611 4266 702 4337 possit
724 4282 784 4322 esse
800 4272 939 4337 praestan·
994 4267 1065 4338 quid
1079 4265 1211 4321 videatur
1224 4281 1371 4339 exprome.
1386 4266 1467 4331 Quod
1482 4265 1506 4321 si
1520 4282 1584 4323 non
1606 4277 1700 4341 potas
1716 4279 1804 4330 mmm
1819 4272 1848 4324 st.

88 4358 164 4426 tius,
179 4372 233 4412 nee
253 4356 313 4410 ullo
335 4354 421 4408 modo
443 4352 563 4408 dixerim
578 4354 705 4426 aliquam
718 4354 939 4425 intelligentiam
993 4355 1054 4410 mul
1075 4354 1198 4410 breviter
1212 4354 1308 4409 verbis
1322 4354 1581 4425 comprehendere,
1601 4359 1718 4416 saltem
1744 4362 1848 4434 pugg.

90 4447 269 4502 melemesse
284 4446 427 4515 possed.
444 4440 541 4507 Ouid?
556 4458 620 4496 eum
636 4443 888 4516 duceturquisque
903 4444 937 4512 si,
993 4442 1075 4498 latim
1100 4442 1249 4498 malefacta
1285 4442 1349 4514 ipsa
1379 4446 1655 4516 commemorando,
1688 4448 1844 4507 mutandam

90 4550 148 4589 non
161 4532 314 4603 intelliget,
327 4530 467 4603 poteritne
481 4530 534 4585 tibi
548 4530 647 4585 doctus
661 4531 771 4587 videri?
788 4535 822 4588 E.
839 4533 938 4588 Omni·
990 4535 1070 4586 tuam
1084 4535 1182 4584 notem
1206 4531 1251 4586 tac
1275 4531 1357 4586 milri.
1374 4534 1405 4587 Β.
1422 4531 1574 4587 Adulterie
1593 4540 1627 4590 θῖ
1642 4537 1803 4595 homicidia
1823 4540 1845 4589 et
1894 4538 1897 4609 l

90 4637 127 4676 no
148 4636 208 4675 non
230 4620 343 4691 poterit.
362 4623 400 4673 A.
420 4619 449 4674 Si
469 4635 538 4691 ergo
553 4618 646 4674 omnis
660 4618 849 4691 intelligentie
863 4619 940 4675 bona
993 4617 1153 4690 sacrilegia,
1167 4624 1199 4673 ut
1223 4619 1354 4674 omittam
1379 4625 1483 4674 caetera
1508 4621 1622 4692 quibus
1654 4624 1846 4685 enumerandis
1893 4634 1897 4711 1

90 4713 140 4772 ost,
167 4723 219 4760 nec
242 4707 394 4778 quisquam
416 4705 466 4777 qui
489 4723 547 4761 non
570 4705 715 4778 intelligit,
731 4706 829 4774 discit;
845 4706 938 4762 omnis
992 4707 1036 4763 vel
1056 4708 1227 4779 tempusvel
1243 4707 1455 4764 memorianon
1483 4711 1630 4781 suppetit,
1663 4716 1733 4787 quis
1755 4720 1796 4772 est
1812 4712 1846 4769 cui
1882 4722 1887 4739 ·

89 4795 140 4868 qui
155 4792 249 4861 discit,
269 4792 341 4848 bene
356 4793 440 4848 tecit:
456 4795 550 4849 omnis
565 4794 642 4850 enim
657 4795 707 4866 qui
722 4795 812 4859 discit,
830 4795 937 4850 intelli·
991 4811 1050 4850 non
1065 4797 1139 4850 mele
1166 4796 1239 4850 tacta
1262 4797 1435 4853 videantur?
1461 4799 1498 4852 A.
1521 4798 1573 4853 llic
1589 4815 1668 4873 ergo
1697 4805 1789 4877 priua,
1808 4815 1846 4858 aar

89 4880 296 4957 git3etomnis
308 4882 358 4953 qui
373 4882 516 4956 intelligit,
531 4884 604 4939 bene
615 4885 837 4958 lacittquisquis
850 4885 939 4956 igitur
992 4884 1166 4940 adulterium
1181 4885 1335 4941 malelieri
1362 4890 1515 4957 putes3an
1541 4887 1613 4960 quia
1630 4890 1663 4947 id
1694 4894 1788 4949 taceae
1810 4890 1843 4945 lu

90 4973 195 5048 querit
208 4975 366 5040 auctorem,
385 4988 437 5042 per
455 4988 541 5044 quem
556 4974 664 5045 aliquid
679 4974 825 5041 discimus,
839 4979 936 5030 aucto·
991 4976 1297 5043 vetettli.,Nonseue
1326 4975 1389 5030 ideo
1415 4975 1525 5030 malum
1555 4983 1610 5042 est,
1646 4983 1723 5053 quia
1750 4985 1845 5038 aetatu
1887 4968 1890 5005 ⁵

88 5078 151 5119 rem
166 5060 292 5134 proiecto
315 5073 369 5127 per
385 5059 560 5130 quambene
581 5062 709 5128 iacimus,
730 5061 842 5134 quaerit.
862 5064 936 5127 Oua·
991 5064 1054 5137 lege
1067 5083 1075 5131 ;
1090 5063 1138 5118 sed
1150 5064 1215 5118 ideo
1226 5068 1338 5119 vetetur
1349 5063 1421 5135 lege,
1434 5062 1629 5135 quiamalum
1645 5076 1704 5126 est,
1721 5072 1758 5127 Α,
1773 5066 1841 5136 Quid,

89 5156 209 5223 prvpler
230 5145 328 5203 desine
345 5144 417 5200 velle
432 5147 602 5217 investigare
617 5148 711 5203 nescio
727 5166 813 5221 quem
829 5150 937 5206 mulum
992 5151 1016 5206 si
1030 5150 1174 5224 quispiam
1194 5168 1246 5207 nos
1272 5152 1405 5223 exagitet,
1437 5167 1618 5223 exaggerans
1650 5157 1843 5214 delectatione

42 5291 47 5297 .
89 5239 244 5295 duetorem.
264 5236 294 5292 Si
317 5232 393 5289 enim
409 5235 567 5299 malesest,
585 5237 829 5295 doctornonest:
845 5238 935 5294 sido·
992 5239 1136 5309 adulterii,
1152 5244 1180 5295 et
1191 5240 1451 5311 quarensenobis
1465 5257 1516 5295 cur
1540 5242 1596 5297 boc
1624 5248 1742 5303 matum
1766 5245 1843 5303 etas·

91 5330 153 5382 etur
167 5331 219 5394 est,
232 5325 326 5382 malus
338 5339 395 5380 non
411 5325 462 5377 est.
991 5328 1139 5384 mnetione
1167 5329 1288 5401 dignum
1305 5328 1487 5401 judicemus3
1502 5345 1575 5386 num
1600 5333 1641 5389 ed
1657 5336 1842 5392 auctoritatem

991 5416 1064 5489 legis
1076 5416 1300 5490 confugiendum
1316 5433 1413 5473 censes
1433 5417 1614 5489 hominibus,
1634 5422 1701 5495 jam
1715 5440 1774 5482 nou
1790 5428 1842 5478 ua-

119 5511 156 5574 (a)
172 5511 221 5563 vid
235 5512 350 5566 testreet.
369 5510 406 5562 lib
418 5514 441 5571 1,
456 5522 514 5572 cap.
532 5511 555 5570 9,
571 5522 598 5559 u.
612 5512 635 5559 a.
992 5508 1056 5562 tarn
1071 5506 1199 5577 eredere,
1212 5505 1263 5566 sed
1275 5505 1437 5580 intelligere
1450 5506 1667 5581 capientibus?
1679 5515 1751 5571 ttarn
1764 5517 1841 5581 stege
