3884 6112
91 321 157 375 lota

89 459 150 498 asse
164 437 380 495 immortalem?
406 452 442 490 an
457 434 569 489 etiamsi
598 434 722 505 separari
744 449 803 488 non
831 438 934 504 potest,

90 527 233 600 exstingui
248 527 364 599 potest?
379 527 415 578 at
425 524 449 577 si
463 525 511 577 illa
522 522 937 594 rationisvisipsasuacunjnn·

89 619 182 674 ctione
197 615 286 670 allicit
298 614 426 669 animum
440 630 447 677 3
461 628 554 682 neque
570 610 647 665 enim
670 627 728 665 non
744 610 858 666 allicere
873 619 936 681 pot·

90 713 150 774 est;
167 707 206 760 ila
217 704 345 776 protecto
361 702 447 756 ailicil
471 705 503 755 ut
526 700 552 753 ei
578 716 638 754 esse
656 700 770 754 tribuat.
802 701 849 754 Est
861 699 937 775 enim

89 797 213 853 maxime
227 794 288 865 ipsa
302 791 385 858 ratio,
398 790 448 846 ubi
463 807 576 845 summa
595 790 682 845 etiam
697 789 937 844 incommutabili-

88 888 131 940 tas
145 882 325 952 intelligitur.
340 881 439 951 ltaque
455 895 521 934 eum
532 894 620 950 quem
635 895 668 932 er
682 894 711 932 se
727 877 815 932 allicit
830 879 850 945 ¹,
862 877 939 948 cogit

89 989 149 1027 esse
165 968 389 1042 quodammodo.
405 969 466 1022 Non
482 967 699 1038 ergoexslingni
713 967 937 1038 animuspotcst,

88 1057 283 1114 nisiaratione
293 1061 439 1126 separatus
448 1071 455 1120 ;
465 1055 591 1125 separari
602 1060 696 1108 aulem
704 1059 800 1108 aulem
808 1071 865 1109 uon
877 1059 941 1125 pot-

90 1152 143 1216 est,
159 1152 192 1202 ut
217 1162 304 1216 supra
332 1145 494 1199 ratiocinati
515 1160 616 1198 sumus
632 1160 639 1197 :
655 1159 714 1198 non
740 1149 832 1216 polest
851 1143 939 1213 igitur

88 1235 215 1290 interire.
409 1276 410 1279 ,
847 1280 851 1287 .

92 1324 204 1378 lbtPU'l'
218 1322 274 1376 llll.
288 1350 323 1362 -
338 1322 402 1388 Nec,
418 1322 442 1374 st
466 1334 516 1389 per
537 1320 719 1375 substantium
741 1319 778 1374 ad
806 1319 939 1386 defectum

305 1409 392 1462 tendit
407 1410 524 1475 unimus,
539 1409 571 1463 ob
584 1409 614 1462 td
626 1410 727 1463 tuterit.

127 1502 170 1555 l‘t.
184 1502 219 1554 nt
235 1497 310 1553 enim
338 1495 447 1550 aversio
462 1495 524 1566 ipsa
538 1513 552 1549 a
567 1495 678 1550 ratione
699 1511 750 1566 per
765 1509 852 1566 quam
868 1494 938 1548 stul·

91 1588 157 1643 titia
178 1585 321 1657 contingit
343 1584 450 1650 animo,
480 1584 541 1638 sine
566 1583 674 1638 delectu
704 1584 765 1653 ejus
791 1583 855 1637 lieri
881 1597 939 1636 uon

90 1679 202 1747 polest:
220 1674 243 1727 si
271 1673 349 1726 enim
370 1671 463 1742 magis
490 1676 532 1725 θεῖ
561 1671 597 1725 ad
621 1671 763 1725 rationem
787 1685 938 1724 conversus

88 1764 173 1834 eique
193 1762 347 1826 inhaerens,
370 1759 435 1814 ideo
464 1759 541 1829 quod
570 1759 692 1812 inhaeret
706 1755 940 1812 incommutabili

89 1851 134 1906 rei
160 1867 224 1923 quae
253 1852 295 1903 est
320 1847 434 1912 veritas,
458 1863 522 1918 quae
546 1850 575 1900 et
599 1845 722 1900 maxime
751 1850 780 1900 θῖ
807 1844 940 1917 primitus

92 1942 151 2005 est;
181 1955 247 1993 cum
276 1937 310 1991 ab
342 1953 375 1991 ea
406 1940 449 1990 est
480 1952 605 2003 aversus,
642 1935 769 2005 idipsum
798 1950 857 1988 esse
888 1933 940 1987 mi-

91 2044 147 2083 nus
158 2027 255 2094 babet,
268 2024 343 2096 quod
372 2028 413 2078 θεῖ
428 2021 558 2077 deficere.
579 2022 678 2077 Omnis
693 2027 788 2075 aulem
814 2021 940 2075 detectus

31 2179 34 2182 ⁴
90 2115 184 2171 tendit
199 2114 234 2168 ad
251 2113 388 2179 nihilum;
405 2116 433 2165 et
447 2111 593 2165 interitum
602 2110 714 2165 nullum
729 2109 818 2180 magis
824 2109 939 2181 proprie

93 2206 206 2275 oportet
219 2200 320 2272 accipi,
337 2215 423 2271 quam
434 2214 500 2253 cum
514 2198 554 2265 id,
570 2199 646 2270 quod
658 2197 766 2269 aliquid
780 2202 851 2267 erat,
868 2196 940 2251 nibil

92 2290 135 2346 tit.
151 2290 243 2354 Quare
257 2288 373 2342 tendere
387 2287 422 2341 ad
444 2287 579 2352 nihilum,
595 2292 637 2341 est
655 2286 690 2340 ad
714 2285 862 2340 interitum
877 2289 939 2338 ten·

93 2377 169 2432 dere.
187 2376 241 2440 Qui
256 2391 306 2429 cur
321 2390 380 2428 non
395 2373 476 2427 cadat
491 2373 521 2426 in
536 2373 675 2439 animum,
703 2371 747 2426 vir
773 2377 816 2426 est
835 2372 938 2439 dicere,

90 2465 120 2522 in
136 2481 223 2537 quem
244 2462 369 2517 delectus
392 2461 478 2516 cadit.
503 2460 666 2515 llanturbic
687 2466 787 2515 caetera
803 2476 809 2514 :
825 2459 872 2514 sed
888 2476 939 2514 ne·

91 2558 175 2625 galur
191 2568 250 2607 esse
265 2565 441 2621 consequeus
457 2548 573 2604 interire
587 2549 614 2603 id
629 2548 803 2620 quodtendit
817 2549 852 2603 ad
864 2548 939 2602 nibi-

91 2643 164 2705 lum,
179 2641 209 2696 id
224 2644 265 2695 θεῖ
291 2639 326 2693 ad
342 2638 465 2693 nibilum
490 2637 650 2708 pervenire.
667 2637 749 2702 Quod
776 2636 938 2706 incorpore

91 2746 208 2803 quoque
225 2727 412 2782 animadverti
426 2730 530 2798 potest.
557 2726 628 2781 Nam
643 2726 779 2797 quoniam
794 2725 940 2797 quodlibet

50 2816 53 2824 '
89 2835 194 2888 corpus
207 2821 325 2888 pareest
338 2814 599 2884 mundisensibilis,
610 2820 638 2869 et
650 2815 713 2869 ideo
726 2821 834 2886 quanto
846 2814 939 2885 majus

90 2911 134 2963 θεῖ
147 2905 259 2977 locique
274 2906 338 2977 plus
353 2908 568 2974 occupat,tanto
583 2903 676 2974 magis
689 2902 865 2974 propinquat
877 2901 940 2956 uni-

89 3008 170 3047 verso
187 3008 193 3046 ε
210 2996 376 3063 quantoque
391 2992 420 3046 id
436 2991 528 3063 magis
547 2991 623 3057 facit,
653 2995 733 3046 tanto
762 2991 852 3062 magis
879 2995 934 3046 est.

89 3080 178 3150 Magis
194 3079 272 3133 enim
286 3082 297 3114 ¹
309 3084 351 3133 est
365 3083 458 3134 totum
472 3095 559 3150 quam
573 3095 649 3151 pars.
666 3080 758 3144 Quare
778 3079 865 3134 etiam
884 3079 938 3133 mi·

88 3167 203 3233 nussit,
220 3183 286 3221 cum
311 3167 462 3234 minuitur,
478 3184 593 3222 necesse
621 3172 672 3222 est.
697 3167 841 3222 Deiectum
869 3184 938 3239 ergo

88 3257 198 3330 patitur
210 3273 275 3312 cum
290 3257 441 3312 minuitur.
456 3259 544 3312 Porro
560 3262 654 3312 aulem
670 3257 821 3327 minuitur,
833 3274 939 3312 rumex

90 3363 125 3401 eo
139 3344 247 3417 aliquid
263 3344 431 3416 precisione
446 3345 614 3401 detrahitur.
644 3347 683 3399 Ex
709 3362 765 3415 quo
793 3345 940 3400 coniicitur

89 3440 121 3490 ul
134 3434 185 3490 tali
200 3434 374 3489 detractione
389 3433 488 3488 tendat
503 3433 537 3488 ad
558 3432 691 3487 nibilum.
719 3435 757 3487 Αῖ
771 3433 850 3487 nulla
864 3449 938 3503 prae-

88 3523 157 3579 cisio
172 3521 301 3595 perducit
315 3525 351 3577 ad
367 3521 503 3577 nihilum.
518 3520 617 3576 Omnis
632 3521 708 3576 enim
722 3538 787 3593 pars
811 3538 875 3593 quae
894 3538 938 3576 re-

88 3616 199 3678 manet,
216 3627 318 3682 corpus
341 3615 393 3676 est,
409 3615 438 3665 et
463 3609 603 3682 quidquid
618 3610 673 3664 hoc
687 3616 740 3677 est,
761 3610 940 3681 quantolibet

89 3700 182 3772 spatio
197 3701 292 3754 locum
308 3704 435 3770 occupat.
462 3685 561 3768 N'eque
587 3698 616 3752 id
632 3702 738 3770 posset,
754 3698 808 3752 nisi
823 3696 940 3759 baberet

89 3792 184 3860 parles
198 3787 228 3841 in
244 3803 314 3858 quas
328 3786 485 3841 identidem
501 3787 668 3841 caederetur.
683 3788 779 3841 Potest
791 3785 880 3856 igitur
892 3785 939 3839 in·

89 3875 172 3930 fluite
186 3874 322 3928 caedendo
338 3873 450 3928 infinite
465 3873 569 3940 minui.
586 3877 614 3929 et
637 3872 701 3928 ideo
726 3874 864 3928 detectum
880 3872 941 3945 pati

91 3967 177 4034 atque
192 3962 226 4017 ad
242 3960 366 4016 nibilum
382 3961 511 4027 tendere,
535 3960 664 4032 quamvis
688 3961 838 4033 pervenire
863 3978 937 4016 nun·

90 4068 178 4125 quam
193 4054 288 4123 queat.
305 4050 387 4114 Quod
401 4049 470 4104 item
484 4051 519 4105 de
531 4049 593 4121 ipso
608 4049 700 4121 spatio
712 4055 740 4104 et
754 4050 882 4121 quolibet
896 4049 940 4104 in·

90 4137 279 4196 tervallodici
299 4144 385 4211 alque
412 4138 536 4208 intelligi
563 4142 666 4209 potest.
693 4138 763 4192 Nam
788 4142 816 4193 et
841 4138 875 4194 de
896 4139 941 4193 bis

90 4230 176 4285 etiam
209 4228 380 4295 terminatis,
409 4226 570 4293 dimidiam,
597 4226 677 4282 verbi
704 4227 806 4300 gratia,
830 4233 940 4300 partem

92 4317 282 4386 detrahendo,
300 4325 373 4372 etex
390 4316 513 4388 eoquod
537 4319 636 4384 restat,
652 4333 765 4388 semper
779 4317 940 4384 dimidiam,

96 4406 238 4462 minuitur
253 4405 447 4474 intervallum,
459 4410 544 4476 atque
553 4405 587 4459 ad
600 4404 688 4459 linem
700 4406 894 4476 progreditur,
906 4405 940 4460 ad

96 4509 183 4565 quem
197 4497 295 4548 temen
309 4494 389 4549 nullo
404 4494 570 4564 pervcnitur
589 4492 685 4547 modo.
702 4494 764 4557 Quo
779 4493 875 4548 minus
889 4494 942 4549 boc

92 4581 128 4636 de
144 4581 240 4635 animo
255 4581 471 4637 formidandum
487 4585 542 4637 est.
562 4581 609 4635 list
623 4579 701 4634 euim
724 4580 851 4650 protecto
879 4597 942 4638 cor·

91 4684 162 4741 pore
177 4668 281 4722 melior
296 4674 325 4723 et
338 4669 473 4734 vivacior,
488 4686 503 4722 a
517 4685 574 4739 quo
589 4667 656 4722 huic
671 4665 728 4721 vila
741 4667 886 4724 tribuitur.

14 4766 17 4773 ’
95 4755 207 4811 CAPUT
231 4756 302 4809 Vlll.
324 4785 359 4797 -
382 4759 415 4811 Ut
435 4759 543 4827 conteri
565 4772 619 4811 noe
642 4760 730 4826 potest
757 4757 865 4823 auferri
890 4775 942 4828 quo

193 4841 291 4894 corpus
303 4832 352 4893 est,
368 4829 469 4883 ilonea
485 4830 576 4882 animo
594 4842 645 4896 quo
664 4830 771 4883 animus
786 4832 837 4882 cst.

131 4918 175 4972 la.
192 4913 273 4979 Quod
299 4913 322 4967 si
346 4930 404 4968 non
432 4915 460 4969 id
488 4916 565 4987 quod
593 4921 636 4970 est
659 4915 689 4970 iu
716 4917 791 4970 mole
819 4917 941 4988 coporis,

93 5005 144 5060 sed
162 5004 191 5059 id
215 5002 293 5075 quod
317 5000 347 5055 in
370 5003 464 5073 specie
486 5004 553 5058 facit
577 5021 678 5076 corpus
703 5021 774 5068 essa,
792 5022 856 5076 quae
878 5023 942 5061 sen-

94 5093 184 5149 tentia
199 5090 348 5148 invictiore
362 5091 471 5144 ratione
487 5093 663 5162 approbatur
677 5111 683 5149 :
699 5097 778 5148 tanto
794 5094 871 5149 enirn
886 5110 944 5149 ma·

92 5184 136 5256 gis
151 5186 194 5240 θεῖ
208 5196 323 5252 corpus,
339 5183 448 5253 quanto
462 5180 616 5252 speciosius
631 5188 673 5237 est
686 5186 772 5255 atque
784 5184 943 5255 pulchrins;

117 5359 124 5393 ¹
139 5358 177 5407 lta
188 5359 215 5406 in
230 5357 291 5407 bles.
303 5357 337 5407 Αῖ
350 5357 377 5406 in
388 5354 452 5404 Edd.
462 5370 468 5404 :
477 5355 516 5405 lle
528 5369 694 5424 quacumque
708 5375 741 5414 aa
750 5375 775 5411 sc
785 5363 883 5425 atsteig
898 5378 944 5415 ex.

87 5424 165 5515 cepto
177 5418 511 5483 Bad.,inqnohabetur:1la
519 5425 787 5485 quocumque-Par.
796 5427 944 5477 utilladbl.

146 5481 224 5553 Edd.¹
239 5485 317 5533 tanto
330 5482 418 5545 mujm
431 5483 582 5542 cerumar
592 5486 717 5534 cstentm.
726 5485 777 5537 Sed
787 5490 945 5539 concinnior

85 5542 151 5593 bles.
165 5541 243 5593 lectio
257 5557 337 5607 quam
350 5542 524 5594 restituimus.

578 308 626 365 DE
644 309 937 365 luuouruulraru
955 305 1091 377 uitium
1112 308 1139 364 S.
1161 306 1352 366 AUGUS'l’lNl

1801 312 1858 367 roal

992 438 1128 505 tantoque
1143 433 1238 488 minus
1251 437 1304 501 est,
1320 433 1586 506 qnantotoediusac
1603 433 1788 501 deformium
1800 452 1856 507 qne

991 523 1111 577 delectio
1126 539 1184 576 non
1198 522 1365 593 praecisione
1380 524 1473 586 molis,
1487 526 1523 579 da
1536 539 1600 596 qua
1610 523 1680 594 jam
1692 523 1764 577 satis
1773 530 1857 580 actnn

992 617 1045 676 ast,
1062 611 1111 666 sed
1127 611 1230 682 speciei
1241 611 1416 682 privatione¹
1432 612 1602 684 contingit:
1620 612 1822 684 quaerendum
1830 614 1858 668 dc

991 700 1043 755 bac
1058 715 1089 754 re
1103 699 1256 769 diligenter
1272 716 1303 754 ac
1318 701 1531 757 discutiendum
1541 704 1647 771 eat,ne
1658 701 1732 772 quis
1742 701 1858 758 atiirmet

992 787 1121 842 animum
1136 787 1186 842 tali
1199 787 1311 843 deiectu
1322 787 1652 860 interire;utquoniam
1663 788 1857 862 speciealiqua

992 891 1043 930 sua
1057 876 1184 947 privatur
1193 876 1429 942 dumetullusest‚
1438 876 1620 933 credaturin
1633 881 1757 932 tantum
1767 880 1856 950 augeri

992 981 1073 1036 posse
1087 965 1160 1018 banc
1175 964 1375 1035 privationem,
1388 966 1508 1021 utomni
1519 966 1612 1022 modo
1632 965 1737 1038 specie
1759 968 1855 1037 spoliet

992 1053 1132 1118 animum,
1147 1058 1175 1107 et
1185 1070 1218 1108 ea
1233 1053 1295 1108 labe
1309 1054 1344 1109 ad
1360 1053 1483 1109 nibilum
1507 1055 1631 1126 redigat
1656 1058 1804 1125 cogatque
1816 1055 1855 1110 in·

992 1140 1092 1196 terire.
1111 1141 1304 1204 Quamobrem
1316 1141 1339 1195 si
1354 1142 1534 1212 potuerimus
1542 1142 1755 1214 impetrarent
1769 1148 1855 1198 osten-

992 1228 1088 1295 datur,
1104 1245 1140 1282 ne
1151 1228 1390 1301 corporiqnidem
1402 1229 1548 1300 bocposse
1558 1229 1712 1298 accidere,
1728 1235 1763 1285 ul
1778 1231 1856 1287 etiam

992 1332 1026 1370 ea
1040 1315 1133 1387 specie
1148 1317 1276 1388 privetur
1291 1332 1349 1388 qua
1360 1333 1464 1389 corpus
1486 1324 1548 1385 θεῖ;
1562 1318 1774 1390 juratortasse
1787 1319 1854 1373 obli·

991 1404 1124 1460 nebimns
1139 1405 1229 1459 multo
1244 1405 1341 1459 minus
1350 1406 1456 1460 auferri
1468 1423 1555 1478 posse
1562 1406 1739 1478 animoque
1749 1406 1858 1462 animus

993 1497 1044 1547 est.
1062 1492 1208 1562 Siquidem
1220 1509 1306 1548 nemo
1322 1509 1351 1548 se
1366 1494 1439 1549 bene
1466 1494 1609 1566 inspexit,
1634 1494 1691 1566 qui
1706 1511 1770 1550 non
1783 1497 1857 1550 omni

992 1581 1106 1651 corpori
1125 1581 1313 1652 qualemlibet
1328 1581 1458 1637 animum
1482 1583 1730 1654 praeponendum
1746 1599 1808 1638 esse
1821 1583 1856 1638 ta·

992 1672 1096 1725 tealur.

1030 1760 1072 1813 u.
1087 1757 1226 1828 Siligilur
1237 1762 1342 1814 nostre
1350 1757 1577 1815 ratiocinationis
1595 1759 1772 1828 exordium,
1784 1762 1853 1832 qnod

993 1847 1072 1901 nulla
1095 1862 1140 1900 res
1153 1863 1182 1901 se
1197 1846 1264 1901 tacit
1277 1852 1328 1901 aut
1342 1846 1445 1918 gignit,
1462 1847 1594 1919 alioquin
1611 1853 1679 1903 erat
1702 1853 1854 1920 antequam

993 1940 1066 1991 esset
1081 1951 1087 1986 :
1104 1935 1218 2006 quodsi
1232 1934 1335 1989 salsum
1350 1939 1402 2002 est,
1414 1936 1484 1991 illud
1499 1939 1542 1990 est
1556 1951 1675 1990 verum.
1696 1937 1773 1990 ltem
1787 1937 1854 2006 qnod

992 2023 1098 2079 iactum
1114 2028 1242 2078 ortumve
1258 2029 1380 2094 nonest,
1396 2028 1424 2079 et
1442 2029 1540 2079 tamen
1563 2028 1622 2089 est,
1641 2025 1853 2097 sempitemnm

993 2111 1029 2166 sit
1039 2128 1153 2167 necesse
1164 2117 1215 2186 est..
1229 2113 1457 2178 Quemnaturam
1465 2117 1494 2167 et
1503 2113 1716 2168 excellentiam
1728 2112 1853 2185 quisquis

993 2199 1045 2254 ulli
1059 2201 1170 2272 corpori
1184 2201 1242 2267 dat,
1259 2205 1335 2255 errat
1349 2201 1533 2257 vehementer
1554 2200 1691 2271 quidem.
1721 2201 1778 2256 Sed
1792 2201 1853 2272 qnid

992 2304 1156 2360 pugnamus
1169 2291 1184 2344 ‘l
1197 2290 1286 2344 multo
1301 2289 1378 2344 enim
1394 2288 1485 2361 magis
1495 2305 1559 2344 eam
1574 2289 1773 2360 dareanimo
1783 2290 1853 2361 cogi·

993 2391 1068 2432 meir.
1085 2378 1128 2432 lta
1146 2377 1170 2431 si
1194 2393 1298 2449 corpus
1324 2378 1416 2432 ullum
1443 2382 1487 2433 est
1505 2377 1741 2448 sempiternum,
1765 2379 1854 2433 nullus

994 2465 1106 2519 animus
1121 2481 1179 2520 non
1192 2465 1384 2536 sempiternus
1398 2470 1449 2521 est.
1476 2465 1625 2530 Quoniam
1651 2466 1784 2538 quilibet
1801 2466 1853 2521 ani·

993 2568 1057 2606 mus
1072 2553 1189 2608 cuilibet
1203 2553 1316 2623 corpori
1329 2553 1525 2624 preferendus
1538 2558 1594 2623 est,
1610 2557 1640 2609 et
1655 2555 1764 2609 omnia
1782 2571 1853 2610 sem·

993 2640 1105 2713 piterna
1119 2657 1178 2696 non
1193 2640 1386 2713 sempiternis.
1401 2644 1438 2696 At
1463 2641 1487 2695 si
1499 2641 1577 2712 qnod
1594 2658 1665 2697 vere
1679 2643 1800 2706 dicitur,
1814 2643 1852 2697 ta-

992 2732 1070 2783 ctum
1084 2734 1126 2784 est
1140 2745 1264 2800 corpus,
1281 2729 1377 2801 aliquo
1405 2729 1526 2783 iaciente
1547 2729 1662 2784 iactum
1678 2735 1737 2797 est,
1760 2747 1812 2785 nec
1824 2747 1854 2786 ec

992 2816 1136 2872 interiore.
1154 2819 1251 2888 Neque
1267 2818 1344 2872 enirn
1359 2834 1419 2873 θεεθ
1429 2817 1573 2889 potensad
1588 2818 1731 2874 dandum
1745 2820 1772 2874 ei
1782 2819 1852 2892 quod

992 2903 1107 2971 faceret,
1122 2905 1264 2977 quidquid
1281 2905 1350 2961 illud
1365 2905 1495 2976 estquod
1510 2909 1562 2971 est,
1579 2904 1611 2959 id
1623 2907 1710 2977 quod
1726 2908 1851 2963 faciebat.

992 2992 1046 3049 Sed
1061 3010 1096 3048 ne
1111 2994 1174 3065 pari
1188 2993 1305 3065 quidem
1322 3009 1329 3048 :
1344 2998 1457 3065 oportet
1470 2993 1547 3048 enim
1562 2992 1731 3050 facientem
1749 2992 1851 3051 'melius

993 3082 1101 3154 aliquid
1115 3082 1221 3136 habere
1235 3082 1270 3136 ad
1285 3082 1459 3151 iaciendum,
1474 3097 1562 3153 quam
1576 3083 1668 3139 estid
1687 3085 1847 3156 quodiarit

994 3172 1065 3226 Nam
1079 3171 1114 3225 de
1128 3170 1263 3241 gignente
1277 3186 1334 3224 nou
1347 3169 1468 3225 absurde
1487 3170 1604 3235 dicitur,
1623 3171 1684 3226 boc
1701 3188 1773 3227 eum
1787 3187 1848 3233 esse,

993 3258 1070 3331 quod
1084 3263 1127 3313 est
1141 3258 1210 3313 illud
1226 3259 1303 3330 quod
1318 3259 1352 3313 ab
1363 3275 1397 3314 eo
1410 3259 1548 3330 gignitur.
1564 3259 1751 3316 Universum
1770 3261 1849 3332 igitur

993 3362 1097 3417 corpus
1112 3347 1148 3401 ab
1159 3347 1291 3419 eliquari
1306 3352 1334 3402 et
1343 3347 1618 3419 naturapotentiore
1633 3353 1732 3420 atque
1741 3349 1848 3404 meliora

992 3435 1099 3489 factum
1116 3440 1168 3502 est,
1184 3451 1243 3489 non
1257 3434 1357 3507 ulique
1383 3451 1529 3505 corporea.
1558 3436 1635 3490 Nam
1664 3437 1691 3490 si
1717 3453 1846 3509 corpure

993 3539 1110 3594 corpore
1125 3524 1230 3578 lactum
1246 3528 1298 3590 est,
1321 3538 1380 3579 non
1395 3523 1490 3596 potuit
1513 3523 1691 3580 uuiversum
1708 3525 1783 3581 lieri.
1799 3526 1845 3579 lle·

993 3612 1139 3666 rissimum
1163 3617 1206 3667 est
1230 3611 1308 3666 enim
1328 3612 1405 3683 quod
1430 3611 1460 3665 in
1487 3612 1605 3666 exordio
1620 3611 1847 3669 ratiocinationis

993 3700 1079 3772 hujus
1093 3700 1254 3771 posuimus,
1270 3701 1379 3755 nullam
1401 3715 1462 3755 rem
1485 3717 1501 3754 a
1527 3716 1557 3755 ee
1572 3716 1663 3771 posse
1690 3702 1770 3757 fieri.
1795 3703 1848 3757 liae

993 3790 1090 3840 antem
1104 3785 1146 3839 vis
1162 3791 1190 3841 et
1202 3791 1303 3842 natura
1318 3787 1488 3859 incorporea
1497 3786 1624 3842 effectrix
1641 3791 1783 3861 corporis
1796 3786 1846 3843 nui·

992 3873 1067 3928 versi
1079 3879 1220 3945 praesente
1240 3876 1370 3946 potantia
1382 3880 1461 3931 tenet
1475 3875 1657 3932 universum.
1682 3879 1754 3933 Non
1780 3876 1847 3932 enim

993 3959 1070 4024 fecit,
1084 3966 1170 4033 alque
1182 3962 1310 4018 discessit
1325 3964 1516 4036 ellectumqne
1527 3963 1672 4020 deseruit.
1695 3967 1737 4021 Ea
1753 3967 1848 4038 quippe

993 4050 1152 4104 substantia
1167 4067 1231 4122 quae
1246 4068 1350 4124 corpus
1364 4069 1422 4109 non
1441 4056 1493 4120 est,
1506 4068 1614 4124 neque,
1631 4058 1669 4108 ut
1695 4054 1739 4109 ita
1753 4055 1847 4114 dican.

994 4137 1123 4193 localiter
1150 4144 1290 4207 movetur,
1315 4143 1347 4195 ut
1364 4141 1400 4197 ab
1424 4157 1458 4196 ea
1477 4140 1639 4196 substantia
1665 4159 1738 4214 quae
1761 4144 1848 4198 locum

994 4225 1116 4293 obtinet,
1131 4227 1257 4298 separari
1272 4232 1377 4299 queat;
1399 4233 1427 4284 et
1448 4228 1498 4284 illa
1520 4228 1671 4284 effectoria
1694 4232 1739 4286 vis
1757 4245 1847 4286 vacare

994 4329 1052 4368 non
1067 4318 1171 4385 potest,
1188 4315 1258 4386 quin
1275 4316 1304 4371 id
1319 4316 1396 4386 quod
1411 4315 1446 4371 ab
1468 4332 1501 4370 ea
1520 4316 1629 4371 factum
1657 4323 1717 4385 est,
1733 4322 1849 4384 tueatur,

994 4407 1023 4457 et
1037 4401 1131 4473 speeie
1145 4419 1242 4459 carere
1255 4420 1314 4459 non
1328 4403 1478 4476 sinatque
1487 4407 1530 4459 est
1542 4403 1851 4478 inquantumcumque

995 4495 1047 4545 est.
1064 4490 1144 4555 Quod
1160 4492 1346 4565 enimperse
1361 4495 1488 4564 nonest,
1516 4492 1541 4547 si
1564 4492 1750 4550 destituatur
1769 4495 1804 4551 ab
1820 4508 1850 4548 ee

994 4594 1047 4650 per
1061 4579 1139 4651 quod
1164 4584 1215 4647 est,
1240 4582 1369 4652 protecto
1390 4598 1448 4637 non
1463 4580 1535 4636 erit:
1551 4584 1580 4636 et
1604 4597 1669 4637 non
1700 4596 1850 4655 possumus

995 4665 1089 4722 dicere
1114 4667 1143 4722 id
1172 4668 1312 4739 accepisse
1337 4686 1439 4742 corpus
1457 4685 1523 4725 cum
1544 4667 1657 4725 iactum
1679 4677 1736 4739 est,
1763 4670 1850 4742 seipso

992 4754 1054 4826 jam
1070 4759 1237 4812 contentum
1253 4773 1314 4812 esse
1328 4763 1432 4829 posset,
1449 4756 1560 4814 etiamsi
1574 4774 1593 4813 a
1608 4759 1764 4815 conditore
1777 4759 1851 4816 dese

996 4848 1117 4899 reretur.

1034 4935 1074 4987 l5.
1093 4933 1263 5006 Quanquam
1287 4933 1324 4991 sit
1338 4933 1379 4989 ita
1392 4937 1442 5000 ast,
1458 4933 1550 5006 magis
1565 4933 1597 4990 id
1612 4933 1705 4991 babet
1731 4934 1850 5002 smnus,

996 5034 1082 5089 quem
1099 5021 1213 5092 corpori
1227 5026 1366 5093 praestare
1381 5021 1565 5077 manifestum
1580 5025 1633 5077 est.
1650 5025 1752 5096 Atque
1764 5024 1805 5094 ita
1819 5022 1850 5077 de

996 5107 1126 5178 proximo
1155 5108 1327 5164 immortalia
1355 5111 1503 5183 probatur,
1533 5108 1556 5165 si
1585 5116 1686 5182 potest
1715 5127 1778 5168 essa
1804 5124 1852 5184 per

998 5195 1132 5265 seipsum.
1148 5197 1295 5268 Quidquid
1313 5199 1389 5253 anim
1416 5198 1472 5253 tale
1499 5203 1551 5266 est,
1571 5198 1799 5272 incorruptibile
1819 5199 1852 5254 sil

998 5298 1112 5338 necesse
1125 5288 1177 5351 est,
1194 5301 1226 5339 ac
1240 5302 1292 5358 per
1306 5286 1362 5341 hoc
1385 5285 1504 5341 interire
1521 5301 1578 5341 non
1608 5288 1713 5359 possit,
1729 5289 1798 5361 qnia
1811 5287 1867 5342 ni·'

998 5370 1041 5425 bil
1057 5388 1086 5426 se
1110 5372 1226 5429 deserit.
1252 5373 1309 5429 Sed
1336 5375 1463 5446 corporis
1477 5373 1657 5430 mutabilitas
1671 5375 1704 5432 in
1719 5378 1851 5449 promptu

1031 5553 1040 5587 ¹
1057 5553 1100 5605 Sic
1108 5555 1237 5607 iliacum
1249 5555 1353 5608 naam
1363 5557 1500 5610 Amilmt
1513 5556 1850 5624 Loebabentmm
