3884 6112
696 274 802 331 elenu
836 276 1013 335 OCTAVUS.
1682 294 1732 346 tte

81 386 164 443 libros
178 395 202 444 et
217 394 349 444 tractatus
364 392 406 445 ael
419 407 481 446 suae
494 395 535 447 eet
545 397 660 450 otiorum
672 403 826 454 sanctorum

71 478 133 532 b'tns
145 477 303 546 (Possidius,
314 481 344 532 in
362 481 424 534 t'ita
437 481 597 551 Augustini,
609 500 632 540 σ.
645 485 702 556 el).

71 567 240 621 barceltinus
268 569 422 639 Augustini
448 570 559 625 obitum
587 588 664 628 anno
690 575 828 646 quadrin-

71 655 134 710 rimo
162 656 300 726 vigesimo
324 673 401 711 nono
425 659 603 730 consignavit
628 663 771 734 (heracli,
798 668 828 719 iu

71 746 90 814 .]
99 744 163 799 :sed
174 745 312 815 Prospero
324 761 471 800 eumeuuo
482 748 767 820 quadringentesimo
779 754 828 807 tri·

71 850 86 888 o
100 833 281 888 adscribendi
295 833 502 896 testimonium,
520 853 576 908 quo
591 838 671 892 uobis
686 840 720 895 ad
738 842 828 896 sancti

71 922 110 977 lis
123 923 348 977 consecrandam
362 925 531 980 memoriam
547 942 583 980 ne
600 928 694 998 optari
710 930 827 1000 quidem

81 1013 171 1069 ullum
198 1012 276 1067 alind
300 1013 486 1083 splendidius,
515 1016 698 1087 suffragatur.
716 1019 828 1075 Etenim

71 1100 298 1155 lestorianorum
327 1101 444 1155 haeresis
465 1103 657 1160 Theodosium
678 1106 826 1177 juniorem

71 1187 147 1256 isset,
158 1193 190 1242 ut
198 1188 403 1244 oecrrmenicam
412 1190 553 1261 synodum
564 1193 709 1263 Ephesum
724 1211 826 1250 convo·

79 1293 199 1348 eamque
215 1278 252 1331 ob
268 1294 329 1333 rem
342 1278 449 1333 litteras
464 1279 544 1334 daret
559 1283 593 1335 ad
611 1298 711 1337 omnes
726 1288 829 1338 melro-

71 1381 139 1433 nos;
156 1366 326 1421 misitetiam
337 1367 717 1442 inhlricamperquemdam
733 1373 828 1445 megi-

71 1469 128 1515 um,
142 1454 187 1508 cni
201 1471 307 1509 nomeu
323 1454 450 1526 Ebagnio
466 1457 594 1522 (Liberat.
611 1459 697 1527 bren,
714 1476 774 1531 cap.
790 1462 827 1532 5),

70 1557 89 1597 n
105 1543 272 1613 rescriptum
283 1544 442 1614 Augustino
459 1547 614 1619 praecipue,
626 1547 655 1602 id
667 1553 720 1616 est,
733 1549 828 1619 potius

73 1631 286 1702 Capreelotuuc
294 1632 667 1706 temporisCartbaginiensi
678 1638 827 1710 episcopo,

71 1721 298 1789 atumldapreol,
309 1723 398 1790 Epist.
414 1722 452 1776 nd
465 1723 568 1791 synod.
583 1727 695 1794 Ephcs„
707 1732 788 1796 parte
799 1729 827 1794 t,

71 1825 92 1862 l:
106 1824 163 1879 quo
179 1809 316 1880 rescripto
331 1809 424 1876 illum,
436 1815 466 1864 ut
477 1811 609 1866 accedere
625 1814 661 1868 ad
673 1814 827 1869 concilium

71 1902 154 1966 retur,
170 1897 307 1968 peculiari
316 1898 428 1953 ratione
450 1900 567 1970 rogabat
580 1901 750 1972 Imperator.
767 1903 828 1967 Quo

71 1999 98 2040 co
118 1985 312 2056 Augustinum
333 1985 462 2052 haberet,
490 1987 545 2040 alia
569 2004 686 2060 quoque
702 1988 828 2044 declarat

71 2075 106 2141 la,
123 2073 166 2127 his
181 2073 250 2145 ipsis
276 2073 515 2146 metropolitanis,
531 2091 603 2146 quos
627 2077 663 2131 ad
677 2077 827 2133 concilium

71 2167 155 2225 verat,
175 2179 272 2217 mense
285 2163 358 2234 julio
373 2164 441 2218 anui
462 2165 607 2236 sequentis
623 2165 710 2220 missa
725 2168 826 2237 (Narin

71 2252 153 2320 letae.
168 2253 215 2306 lib.
232 2255 259 2319 2,
275 2252 386 2323 capiti).
396 2252 711 2308 Hicenimclarissimus
722 2255 827 2309 Praesul

71 2356 105 2396 ne
117 2340 643 2412 postThesselonicensemantistitem,
655 2347 828 2398 anteomnes

85 2429 331 2500 metropolitanos,
348 2430 510 2484 collocatur.
535 2430 619 2485 Sacra
645 2432 828 2502 Imperatoris

71 2517 272 2589 neopolitanus,
284 2518 415 2588 signatur
426 2519 828 2576 decimotertiokalendasde-

71 2606 99 2662 is
114 2607 182 2662 enni
196 2607 471 2679 quadringentesimi
483 2608 623 2678 trigesimi
636 2609 701 2664 data
713 2609 825 2680 (concil.

71 2739 75 2752 .
101 2703 182 2766 parte
205 2701 229 2766 l,
252 2713 312 2753 aaa.
340 2698 401 2763 32l;
431 2697 609 2768 proindeque
633 2697 825 2769 augustinum

71 2803 79 2840 r
102 2786 239 2841 kalendas
264 2785 434 2856 septembris
458 2786 526 2840 antri
550 2787 826 2857 quadringentesimi

71 2875 106 2931 mi
120 2876 186 2930 noni
199 2875 313 2942 obiisse,
327 2876 392 2945 jure
408 2875 512 2929 dixerit
524 2891 620 2929 nemo.

71 2962 444 3034 osthugustinitransitum,
458 2963 676 3035 hippo-Regius
689 2964 828 3018 Vandalu-

71 3052 196 3108 ustinere
212 3052 336 3124 impetus
345 3052 535 3123 perseveravit
546 3069 554 3107 :
566 3052 827 3123 etqnamvisiiper·

71 3141 377 3211 petiminterelusisseut
391 3140 555 3210 (Possidius,
567 3142 596 3194 in
615 3141 678 3195 Vita
692 3141 825 3209 enpust,

86 3243 233 3299 nunquam
248 3232 343 3282 tamen
360 3229 471 3295 urbem,
484 3244 576 3299 neque
588 3227 626 3295 vi,
642 3244 737 3300 neque
751 3229 828 3283 dedi·

71 3332 167 3388 cepere
183 3322 340 3387 potuerunt
353 3334 359 3371 :
371 3316 411 3371 ila
426 3320 458 3370 ut
476 3322 541 3387 post
561 3317 682 3388 longum
697 3317 823 3388 spatium

71 3421 195 3461 ismuros
214 3407 293 3460 nullo
308 3422 403 3476 operae
426 3406 528 3477 praetio
544 3410 758 3477 consumptum,
776 3406 826 3460 oh·

71 3509 131 3548 nem
145 3496 220 3548 totos
240 3494 329 3548 lerme
347 3493 564 3565 quatuordecim
590 3510 702 3549 menses
718 3495 825 3566 produ-

73 3584 208 3637 solveriut
223 3584 399 3653 (Procopius).
429 3583 508 3637 Haud
534 3583 623 3636 mutto
645 3587 709 3653 post
724 3582 826 3637 libera-

70 3671 200 3728 bsidione
216 3673 387 3743 Hipponem.
405 3670 784 3741 Boeilaciusacceptoiloma
798 3675 828 3725 et

71 3761 223 3832 rutinopoli
235 3760 477 3828 valido'suhsidio,
493 3760 602 3815 collatis
617 3760 707 3831 signis
722 3759 827 3815 ilerum

71 3849 191 3904 laudatis
217 3849 364 3921 pugnavit,
380 3849 428 3903 sed
443 3865 526 3919 aeque
548 3849 656 3904 infelici
672 3865 802 3904 successu
818 3866 824 3903 :

71 3938 124 4008 rati
135 3938 254 3992 omnino
269 3938 347 3992 luere
360 3938 482 3992 Romani
495 3954 502 4004 ;
520 3938 592 3992 alins
603 3937 659 3993 alio
673 3938 773 4009 lugam
784 3954 828 3992 ca-

70 4027 106 4093 it;
128 4026 289 4081 bonifacius
312 4043 379 4080 vera
404 4026 434 4080 in
459 4027 571 4081 ltaliam
592 4027 655 4080 vela
671 4027 738 4081 lecit
753 4043 827 4081 auno

71 4115 372 4187 tquadringentesimo
391 4114 540 4185 trigesimo
564 4114 696 4169 secundo.
720 4114 827 4186 Hippo·

71 4204 172 4258 somni
186 4220 235 4274 spe
250 4202 423 4257 detensionis
437 4209 498 4257 tum
514 4203 642 4268 demum,
659 4208 690 4256 ut
704 4219 770 4257 vero
786 4208 828 4258 est

72 4331 81 4359 ,
95 4290 234 4360 destituti,
249 4293 348 4346 urbem
366 4308 446 4345 suam
462 4292 624 4345 deseruere.
641 4291 719 4345 Hanc
731 4291 828 4346 hostes

71 4378 108 4434 lio
123 4380 298 4447 deleverunt,
320 4386 433 4451 excepte
452 4384 560 4446 tamen,
587 4395 674 4452 quem
698 4380 827 4435 Ecclesiae

71 4474 155 4524 nctus
173 4469 337 4541 reliquerat,
368 4469 551 4536 bibliotheca,
578 4485 642 4539 quae
672 4468 774 4523 mediis
797 4469 828 4524 in

71 4556 285 4628 rishrianisque
301 4557 431 4611 Barbarie
447 4563 614 4612 conservata
629 4562 689 4624 est;
711 4559 827 4628 qnando

71 4644 121 4700 lius
133 4662 191 4712 eos,
207 4647 313 4718 quihus
327 4646 405 4701 cordi
417 4646 502 4701 luerit
513 4645 711 4701 emendatiora
725 4648 827 4716 Augu·

71 4735 233 4805 exemplaria
247 4737 340 4806 legere
356 4735 399 4789 vel
410 4736 608 4801 transcribere,
620 4736 653 4789 ad
667 4734 828 4806 Hipponen-

71 4822 137 4878 rittlt
149 4824 350 4878 bibliothecam
368 4824 527 4893 (Possidins,
546 4826 575 4877 tn
590 4826 652 4879 Vita
666 4825 826 4891 Augustini,

75 4927 81 4966 :
98 4917 127 4966 et
146 4912 200 4966 bec
214 4912 314 4983 ulique
324 4912 399 4979 lieri,
414 4912 470 4966 nisi
480 4912 618 4983 singulari
634 4912 683 4967 Dei
693 4910 827 4983 praesidio

71 5002 141 5063 oluit
156 5002 308 5067 (Baranius,
324 5000 361 5055 ad
373 5018 439 5068 aren,
462 5003 526 5069 430,
539 5006 565 5055 et
588 5003 695 5067 Rivius,
711 5003 741 5054 in
764 5001 828 5055 Vita

71 5093 141 5155 pust.
156 5089 204 5142 lib.
219 5090 246 5153 4,
263 5105 323 5158 cap.
343 5093 385 5156 ll,
401 5091 414 5156 ἕ
430 5089 591 5161 8).lnvidus
605 5089 746 5152 diabolus,
762 5104 827 5144 cum

881 402 1734 484 tantilloctorisoperaperVandalosaholerehaudquaquam

882 487 1025 556 valuisset,
1041 495 1073 545 ut
1082 507 1183 547 eorum
1197 495 1299 548 saltem
1311 496 1512 551 auctoritatem
1524 512 1558 551 ue
1573 498 1732 555 doctrinam

882 567 1073 647 labefactaret,
1089 579 1181 635 varias
1196 585 1269 636 artes
1283 587 1313 636 et
1329 583 1486 639 calumnias
1500 584 1640 653 adhibuit,
1662 602 1734 658 quas

883 665 980 720 multis
994 665 1024 721 in
1036 667 1103 722 locis
1117 668 1234 723 diversis
1242 669 1408 726 hominibus
1422 672 1539 727 alllavit.
1551 673 1657 728 Verum
1673 690 1731 729 uon

882 753 1024 809 credimus
1035 757 1124 811 nostri
1139 773 1199 812 esse
1210 757 1344 826 instituti,
1356 776 1389 813 ea
1405 760 1439 814 de
1451 761 1541 816 rehoc
1555 762 1617 817 loco
1632 762 1735 834 dispu-

882 844 952 909 tare,
962 859 1201 916 nequeexpouere
1213 847 1458 917 quemadmodem
1470 849 1735 920 eipraestenlissimi

883 930 1045 986 defensores
1059 933 1195 989 continuo
1209 935 1239 989 in
1254 937 1405 1008 Prospero,
1421 936 1537 1003 Hilario,
1545 939 1734 995 aaCoelestino

882 1034 957 1090 pepe
967 1019 1103 1074 divinitus
1117 1022 1229 1077 excitati
1245 1028 1328 1089 snut3
1346 1023 1422 1079 sicut
1435 1041 1488 1080 nec
1502 1026 1612 1093 laudes,
1629 1027 1736 1099 quihus

883 1107 1016 1162 eumdem
1030 1113 1059 1163 et
1073 1108 1170 1164 vivum
1183 1113 1212 1165 et
1230 1117 1378 1167 mortuum
1391 1112 1444 1167 viri
1460 1113 1489 1168 in
1506 1114 1626 1170 Ecclesia
1640 1115 1735 1170 cleris·

882 1193 948 1249 simi
959 1194 1175 1265 decoraverunt,
1186 1198 1243 1252 huc
1258 1198 1289 1253 in
1303 1215 1435 1255 acerram
1453 1217 1621 1273 congerere.
1639 1204 1733 1258 Pessi·

882 1281 946 1337 dius
960 1283 1133 1338 calamensis
1152 1285 1313 1357 episcopus,
1342 1287 1393 1360 qni
1411 1289 1474 1360 ejus
1495 1289 1526 1345 in
1547 1291 1734 1347 contubernio

882 1385 971 1425 annos
983 1371 1072 1426 ferme
1083 1363 1275 1444 quadraginta
1286 1374 1397 1429 vixerat
1411 1377 1536 1446 (Possim,
1553 1380 1583 1433 in
1602 1381 1665 1434 Vita
1675 1381 1736 1435 An·

881 1463 965 1528 ausa,
976 1475 999 1514 c.
1016 1463 1071 1526 31),
1087 1460 1215 1531 ejusdem
1229 1467 1308 1532 gesta
1318 1479 1351 1517 ex
1366 1463 1407 1517 eis
1415 1480 1480 1535 quae
1491 1470 1553 1520 tum
1568 1465 1629 1538 ipse
1639 1483 1691 1537 per
1702 1483 1732 1522 se

882 1548 1089 1616 observaverat,
1105 1553 1167 1603 tum
1182 1549 1212 1603 in
1219 1550 1353 1605 familiari
1363 1567 1515 1624 congressu
1528 1553 1564 1608 ah
1578 1554 1627 1608 illo
1633 1554 1731 1609 audie·

882 1641 936 1704 rat,
953 1637 1100 1692 memoriae
1115 1638 1244 1708 prodidit
1253 1654 1261 1705 ;
1282 1644 1360 1694 ratus
1375 1639 1515 1695 nimirum
1533 1641 1606 1696 hane
1622 1643 1657 1697 ad
1673 1658 1734 1697 rem

882 1723 1057 1779 adhibendas
1072 1741 1142 1788 esse,
1151 1726 1733 1801 quasdivinomonereacceperet,ingenii

883 1817 912 1868 et
925 1813 1062 1867 sermonis
1078 1812 1234 1879 lacellates,
1255 1818 1288 1869 ut
1300 1814 1336 1869 ed
1352 1815 1482 1870 Ecclesiae
1503 1817 1650 1872 catholicae
1665 1819 1734 1872 mdi-

881 1900 1043 1956 ficationem
1064 1900 1174 1972 aliquid
1201 1901 1351 1956 coulerret.
1376 1902 1560 1967 Quinetiam
1584 1908 1617 1960 ut
1639 1909 1736 1960 sancta

881 1989 995 2044 veritati
1006 1990 1140 2044 aviditate
1164 1991 1304 2045 succensis
1329 1991 1408 2045 omni
1423 1992 1534 2047 ratione
1548 1992 1731 2059 satisfaceret,

882 2077 959 2133 idem
974 2078 1065 2133 sancti
1082 2078 1209 2134 Doctoris
1223 2079 1288 2134 vitm
1298 2079 1418 2135 attexuit
1431 2096 1552 2152 operum
1567 2080 1644 2136 illius
1658 2081 1733 2137 indi·
1817 2088 1820 2095 '

882 2166 990 2233 culum,
1003 2166 1034 2221 in
1046 2183 1104 2238 quo
1119 2167 1170 2239 qui
1184 2168 1305 2223 terrenis
1319 2168 1421 2239 opibus
1442 2167 1569 2224 divinam
1582 2168 1734 2225 veritatem
1826 2182 1829 2187 ·

882 2260 1070 2326 anteponunt,
1085 2255 1368 2312 interincredibilem
1382 2257 1463 2313 illam
1478 2258 1649 2328 scriptorum
1662 2259 1735 2312 mul-

882 2341 1045 2410 titudinem,
1061 2357 1125 2414 qoae
1150 2341 1204 2397 sibi
1228 2342 1320 2413 magis
1345 2342 1537 2399 conducibilia
1563 2343 1734 2415 judicarent,

884 2432 1014 2503 seligere,
1029 2446 1062 2485 ec
1076 2431 1137 2486 sine
1151 2430 1310 2487 invidentia
1333 2431 1544 2487 communicare
1567 2447 1634 2487 cum
1657 2431 1734 2487 indi·

881 2520 1016 2592 gentibus
1029 2524 1145 2590 possent
1155 2519 1248 2589 (loru,
1260 2535 1283 2574 c.
1297 2521 1352 2589 18).
1365 2518 1624 2575 Elucuhravitillud
1634 2519 1728 2591 operis

878 2609 1068 2681 jamcollapso
1081 2607 1482 2678 incinereslllpponeltegio,
1496 2613 1678 2679 mortuoque,
1689 2608 1732 2662 uti

882 2698 1003 2765 videtur,
1021 2696 1165 2750 Bouilacio
1176 2696 1269 2766 (lbid,
1285 2711 1308 2749 c.
1324 2697 1379 2764 ⁶28),
1394 2701 1458 2767 post
1473 2711 1581 2750 euntem
1601 2680 1733 2750 videlicet

882 2784 1199 2858 quadringentesimum
1226 2783 1407 2855 trigesimum
1434 2784 1614 2839 secundum:
1635 2800 1733 2837 verum

882 2879 947 2930 ante
960 2888 1069 2929 annum
1081 2871 1400 2944 quadringentesimum
1415 2870 1597 2942 trigesimum
1611 2886 1733 2936 nonum,

881 2980 937 3035 qno
952 2969 1116 3035 expugnata
1129 2961 1183 3016 luit
1195 2960 1335 3033 Carthago
1351 2959 1523 3024 avandalis,
1540 2958 1732 3030 conscriptum

881 3051 968 3107 livisse
982 3047 1472 3122 manifestumest3quandoquidem
1479 3047 1602 3103 necdum
1611 3047 1730 3102 Cartha·

882 3141 979 3212 ginem
994 3145 1023 3196 et
1037 3140 1145 3196 Cirtam
1169 3138 1275 3194 excisas
1298 3154 1369 3204 esse,
1385 3138 1435 3192 sed
1450 3136 1547 3192 divino
1561 3140 1591 3192 et
1603 3135 1730 3191 humano

881 3230 967 3285 lultes
980 3227 1127 3301 praesidio,
1142 3227 1229 3283 etiam
1245 3233 1314 3283 tunc
1328 3231 1403 3282 stare
1421 3225 1574 3298 signifieat.
1590 3224 1732 3292 llaeterum

882 3318 975 3391 qualis
985 3317 1060 3374 dono
1073 3317 1132 3383 liei,
1141 3316 1359 3389 quantusquein
1370 3312 1646 3380 Ecclesiaexstiterit,
1654 3313 1734 3384 cnjus

882 3424 928 3462 res
941 3411 1033 3480 gestas
1048 3407 1196 3463 memorie
1210 3423 1242 3462 ac
1257 3405 1357 3461 litteris
1372 3403 1499 3471 mandat,
1514 3403 1606 3459 videri
1625 3404 1685 3458 vult
1703 3403 1733 3456 in

882 3497 973 3568 ipsius
985 3511 1040 3567 pro
1059 3497 1109 3551 illa
1132 3495 1216 3551 editis
1233 3494 1313 3549 libris
1327 3498 1356 3549 et
1370 3491 1534 3547 tractatibus
1549 3507 1555 3545 :
1572 3491 1602 3545 in
1617 3491 1734 3562 quihus,

883 3585 926 3640 uti
940 3584 1075 3652 alllrmat,
1092 3599 1206 3654 semper
1214 3583 1308 3637 vivere
1319 3580 1479 3636 alidelibus
1491 3579 1648 3635 invenitur.
1659 3581 1695 3634 Et
1705 3581 1734 3632 in

882 3670 1285 3743 suisquidemsariptis,pergit
1297 3669 1374 3725 idem
1386 3667 1731 3738 Possidiusllbid.,c.18),

880 3762 927 3817 itte
942 3765 993 3817 lieo
1008 3764 1132 3830 acceptus
1153 3765 1178 3814 et
1203 3763 1302 3814 charus
1317 3758 1454 3827 sorados,
1478 3762 1610 3826 quantum
1631 3757 1734 3812 lucente

881 3853 996 3906 veritate
1007 3851 1099 3906 vidam
1113 3850 1278 3916 conceditur,
1297 3852 1376 3903 recte
1391 3864 1423 3902 σσ
1442 3861 1515 3902 sana
1532 3845 1607 3915 fidei,
1624 3846 1693 3915 spei,
1709 3849 1735 3899 et

874 3941 1036 4007 sternatis,
1048 3940 1185 3994 catholiea
1196 3937 1632 4003 Ecclesieoieissemanifestatar
1643 3950 1650 3988 :
1662 3933 1735 4003 quod

881 4032 1039 4095 uanescunt,
1059 4029 1108 4096 qni
1121 4042 1181 4081 eam
1195 4027 1228 4081 de
1242 4026 1345 4081 diuinis
1360 4026 1520 4080 scribentem
1535 4025 1649 4090 tepentes
1667 4037 1733 4092 pro·

881 4119 984 4186 peierat.
1000 4116 1053 4173 Sed
1063 4131 1110 4184 ego
1124 4116 1254 4182 arbitrer,
1266 4117 1330 4185 plus
1357 4130 1391 4170 en
1413 4128 1442 4168 eo
1459 4115 1589 4183 prolicere
1600 4112 1732 4180 potuisse,

882 4207 1003 4275 quicum
1017 4209 1042 4260 et
1057 4203 1208 4273 toquentem
1229 4205 1258 4257 in
1281 4205 1401 4258 Ecclesia
1419 4204 1577 4270 presentem
1598 4198 1696 4252 audire
1709 4203 1735 4251 et

884 4294 975 4348 nidere
985 4296 1143 4364 potuerunt,
1151 4297 1176 4346 et
1187 4293 1245 4360 ejus
1256 4293 1408 4361 prasertim
1416 4292 1487 4344 inter
1498 4289 1617 4342 homines
1631 4301 1735 4341 conver

881 4384 1012 4437 sationem
1025 4397 1079 4436 nen
1090 4383 1295 4450 ignoraverunt.
1306 4383 1375 4436 Erat
1384 4379 1456 4432 enim
1465 4391 1519 4430 nen
1533 4375 1620 4430 sotum
1635 4373 1728 4428 crudi·

883 4475 926 4525 tus
939 4470 1030 4526 scriba
1043 4473 1072 4525 in
1085 4486 1168 4539 regno
1186 4471 1320 4534 cetarum,
1337 4469 1370 4522 de
1389 4467 1514 4521 thesauro
1533 4479 1581 4518 suo
1592 4466 1734 4533 proferens

882 4574 952 4613 noea
961 4564 987 4614 et
1000 4565 1107 4625 oetam
1122 4564 1148 4614 et
1157 4575 1228 4614 unns
1242 4558 1449 4624 negotiatorum,
1466 4554 1514 4623 qui
1529 4554 1666 4608 inuentam
1675 4568 1736 4622 pre-

883 4650 980 4702 tiosam
994 4649 1184 4717 margaritam,
1206 4661 1265 4716 que
1281 4644 1396 4699 habebat
1416 4642 1546 4702 uenditis,
1566 4643 1736 4711 comparauit

884 4737 994 4805 llllatth.
1021 4753 1081 4802 mu,
1107 4737 1153 4806 45,
1182 4736 1227 4806 46)
1243 4749 1250 4789 :
1266 4748 1359 4788 aerum
1385 4733 1523 4787 etiamen
1549 4732 1585 4785 iis
1609 4730 1735 4799 adquae

882 4827 1081 4896 scriptumest,
1110 4842 1124 4876 a
1148 4825 1192 4880 Sic
1218 4823 1371 4890 loquimini,
1394 4824 1420 4874 et
1442 4822 1481 4876 sic
1501 4821 1585 4886 facite
1603 4838 1618 4870 u
1634 4820 1735 4883 (iacobi

884 4928 914 4976 u,
931 4911 973 4983 m)
987 4933 995 4980 ;
1009 4917 1035 4967 et
1048 4910 1192 4981 dequibus
1210 4911 1338 4966 Salvator
1356 4909 1434 4975 dicit,
1450 4907 1530 4978 «Qui
1542 4908 1639 4974 fecerit
1652 4911 1678 4961 et
1692 4905 1735 4960 do

883 5002 969 5055 cuerit
983 5001 1023 5054 sic
1037 5000 1167 5067 homines,
1181 4998 1223 5052 hic
1239 5012 1354 5065 maanus
1369 4997 1511 5054 uocabitur
1524 4999 1554 5050 in
1570 5010 1652 5065 repno
1665 4995 1735 5048 eale

881 5104 944 5143 rum
961 5109 972 5135 ι
986 5087 1094 5161 (nura.
1108 5103 1135 5154 v,
1148 5089 1203 5158 le).
