3884 6112
61 267 115 321 lbi)
784 270 892 329 LIBER
912 272 1106 336 SECUNDUS.
1771 296 1822 351 lttl

57 387 152 455 fecisti
187 388 270 459 Cujus
295 393 386 445 autem
409 392 533 446 minister
558 392 655 460 sileris,
681 394 743 463 plus
762 395 852 451 adhuc
865 397 920 466 hle
973 399 1111 472 losophim
1126 405 1399 477 porlumappellare
1414 407 1545 479 debcant,
1562 411 1822 472 hirctuantosexhi·

56 478 178 548 concepi,
202 494 286 548 quam
309 481 416 534 ratione
438 482 635 550 comprehendi.
662 484 733 540 Nam
760 500 820 540 cum
844 502 919 556 pre·
972 486 1044 557 buit,
1060 491 1196 561 praeclare
1222 493 1365 563 admonet,
1381 496 1552 568 quibusdam
1572 501 1623 573 qui
1639 493 1829 578 quocumque

56 581 118 622 sens
142 570 274 637 presenti
298 568 349 623 tibi
365 570 548 638 exposuissem
568 572 707 628 interiores
721 578 810 628 motus
832 577 919 630 animi
972 577 1110 633 modoad
1125 580 1215 636 beatae
1238 581 1302 637 uitae
1319 583 1464 656 regionem
1486 585 1629 659 teruntur,
1658 608 1748 649 unnim
1770 593 1822 650 im·

56 657 119 723 nei,
137 657 360 726 uehementerque
382 673 413 713 ac
433 660 534 729 sepius
549 674 705 728 assererem,
724 663 826 718 naellam
848 666 918 719 milei
973 666 1169 722 mnnissimum
1184 675 1322 740 montem,
1340 671 1389 744 qui
1404 676 1469 728 anta
1484 674 1579 747 ipsum
1591 684 1706 750 portum
1719 682 1821 737 consti·

56 745 149 799 uideri
165 761 329 815 prosperam
351 746 501 815 fortunam,
526 751 581 804 nisi
603 765 662 820 qun
689 753 773 806 atiiem
798 753 916 822 philoso·
970 756 1048 809 tutans
1063 754 1108 823 sit,
1124 756 1231 829 quiquo
1244 757 1330 813 etiam
1346 776 1465 832 magnas
1473 761 1708 835 ingredientibus
1722 765 1821 840 gignat

55 833 165 902 piandi
180 833 278 902 daret,
296 836 401 891 nuttam
415 836 520 892 beatam
535 840 630 906 uitam,
646 841 701 894 ruisi
714 855 769 909 qua
782 842 812 895 in
822 842 916 910 philo·
971 844 1127 913 angustias,
1143 846 1392 904 vehementissime
1404 849 1628 922 formidandum,
1644 855 1821 912 cautissime-

57 923 157 992 sophin
170 925 324 990 virectum
341 924 388 979 sed
401 941 442 978 me
461 929 536 981 tanto
557 942 676 982 mearum
694 943 780 995 onme,
802 945 916 998 quorum
970 946 1025 1003 que
1041 933 1187 990 vitandum
1202 951 1273 991 esse.
1292 938 1388 1008 Neque
1398 938 1474 994 hunc
1489 945 1603 999 montem
1617 946 1701 1000 alium
1713 947 1772 1003 uult
1781 949 1822 1002 in·

57 1026 90 1065 ιι
113 1009 211 1082 officio
229 1026 286 1066 meo
309 1014 368 1066 uita
380 1012 517 1083 penderet,
538 1015 685 1084 multisque
699 1019 913 1087 necessitatibus,
970 1021 1058 1091 tettipi
1079 1025 1161 1092 ratio,
1176 1026 1425 1095 propinquantibus
1445 1029 1482 1083 ud
1495 1030 1696 1101 philosophiam
1710 1035 1820 1104 inpres-

56 1100 97 1154 ιιι
112 1102 182 1154 uarii
200 1102 254 1155 mei
264 1101 392 1171 puderis,
406 1103 448 1158 uel
469 1105 567 1174 inepte
587 1119 705 1160 meorum
729 1108 855 1173 miserie,
871 1123 914 1161 re·
968 1112 1039 1165 sisae
1058 1113 1239 1184 metuendum,
1254 1117 1310 1170 nisi
1328 1117 1472 1187 snperbiam
1491 1119 1611 1175 studium
1635 1120 1732 1192 (verba
1754 1127 1822 1180 sunt

58 1188 186 1254 frenari:
204 1193 260 1244 tam
274 1205 373 1259 magno
386 1206 413 1246 es
430 1193 515 1247 elatus
530 1193 642 1263 gaudio,
656 1197 712 1249 tam
726 1199 818 1250 sarecto
833 1196 914 1265 hujus
969 1198 1129 1270 Augustini)
1145 1202 1312 1256 inoraissimea
1323 1204 1432 1271 pharia:
1449 1206 1521 1274 quod
1535 1209 1575 1261 ita
1590 1209 1659 1263 nihil
1671 1210 1745 1266 intus
1757 1211 1820 1282 ple·

58 1280 119 1332 citu
132 1279 313 1347 indamnatus
328 1279 435 1347 ardore,
452 1285 483 1335 ut
501 1285 526 1336 te
544 1281 654 1352 ιιίιιιιι,
671 1285 697 1338 si
711 1288 740 1338 tu
754 1283 788 1338 ab
803 1285 914 1340 illarum
967 1301 1032 1340 num
1045 1291 1126 1357 atque
1148 1289 1264 1344 solidum
1279 1291 1367 1353 habet,
1391 1296 1422 1346 ut
1442 1295 1549 1362 inflatos
1564 1296 1618 1351 sibi
1632 1298 1820 1367 {superambu-

58 1370 279 1438 inportunurum
294 1368 384 1423 litium
405 1371 520 1425 viriculis
534 1371 630 1440 {nuqua
649 1372 726 1428 modo
746 1371 912 1442 eximereris,

58 1458 147 1511 onnia
162 1472 224 1511 rnea
237 1458 348 1512 uincula
359 1459 440 1512 etiam
450 1461 613 1528 patrimonii
626 1462 668 1515 tui
680 1477 781 1516 mecann
794 1465 913 1532 partici-

55 1548 167 1616 patione
178 1549 335 1616 rupturum.
352 1546 448 1616 ltaque
460 1563 520 1602 cum
534 1548 640 1603 admota
655 1550 733 1604 nabis
746 1551 840 1616 fomite
859 1551 914 1606 dis·

57 1637 910 1710 aienses,nunquamcessavimusinhiantesiaphttosophian,

55 1727 137 1791 atque
146 1723 228 1777 illam
239 1724 335 1791 ultum,
352 1739 411 1792 que
424 1726 494 1778 inter
506 1740 554 1781 nos
561 1726 668 1795 placuit
681 1732 763 1798 atque
776 1731 908 1798 conuenit,

53 1826 168 1880 prorem
183 1813 256 1866 nihil
273 1812 352 1866 aliud
367 1815 493 1882 cogitare.
509 1814 600 1885 Atque
623 1816 654 1870 id
674 1821 829 1873 carestanter
852 1821 912 1887 qui-

55 1901 123 1968 dem,
139 1899 192 1955 sed
216 1903 309 1956 minus
333 1903 435 1958 acriter
457 1903 621 1971 apotomen
642 1905 807 1975 putabamus
822 1910 911 1961 tamen

55 1990 123 2042 satis
135 2003 187 2043 nos
200 2004 290 2058 apere.
304 1990 340 2044 Et
354 1991 482 2059 quoniam
496 1990 615 2046 nondum
630 1992 727 2047 aderat
741 2009 772 2048 ea
787 1997 908 2063 marma,

55 2093 112 2145 que
122 2092 235 2132 sannma
249 2093 298 2132 nos
312 2081 458 2148 arreptura
470 2083 547 2147 erat;
563 2080 642 2135 illum
655 2096 710 2151 qua
724 2082 797 2137 lenta
810 2087 909 2139 estua-

55 2166 160 2235 hamus,
174 2165 382 2221 arbitrabamur
394 2167 436 2221 uel
449 2182 504 2223 esse
518 2171 668 2223 monimum
683 2168 794 2242 (Contra
809 2171 908 2239 head,

54 2254 100 2309 lib.
115 2257 145 2322 2,
159 2271 213 2311 nn.
234 2257 259 2321 l,
277 2256 314 2326 5).

87 2345 112 2398 a.
135 2344 207 2400 Post
230 2343 293 2399 baec
312 2343 383 2416 legit
410 2344 621 2400 Platonicorum
649 2344 748 2413 libros,
771 2350 804 2402 ut
830 2348 909 2404 hisce

56 2433 144 2488 verbis
154 2436 299 2489 testatur:
314 2435 381 2491 Cum
392 2449 449 2489 ecce
461 2433 512 2489 tibi
525 2433 591 2489 libri
603 2434 716 2503 quidam
729 2436 812 2506 pleni,
828 2442 859 2493 ut
869 2441 910 2493 ait

58 2523 189 2590 Celsinus,
207 2522 291 2577 bonas
305 2537 348 2577 res
362 2523 488 2578 arabicas
508 2522 557 2577 ubi
568 2524 733 2578 anhelarunt
746 2525 776 2578 in
789 2538 847 2593 nos,
861 2524 910 2578 ubi

55 2612 256 2674 itlitlammule
271 2613 441 2667 instillarunt
456 2613 647 2682 pretiosissimi
665 2615 797 2681 respuenti
815 2617 908 2680 guttas

55 2702 246 2770 paucissimas,
260 2700 428 2765 incredibile,
437 2703 613 2768 ltomaniane,
624 2701 784 2756 incredibile
797 2705 822 2757 et
834 2703 908 2757 ultra

58 2801 133 2856 quan
148 2787 184 2842 de
198 2803 241 2843 me
254 2792 373 2857 {amasse
385 2795 411 2845 ct
421 2793 450 2844 lu
460 2789 566 2856 credis;
583 2790 651 2859 qaid
663 2791 781 2860 amplius
793 2789 907 2847 dicam?

58 2878 132 2932 ainai
146 2877 207 2932 nisi
221 2878 279 2946 ipsi
291 2876 325 2932 de
339 2892 381 2932 me
396 2879 453 2947 ipsa
468 2877 627 2933 incredibile
640 2878 795 2934 incendium
816 2881 905 2934 couci·

58 2968 160 3020 ιιιιιιιι.
192 2963 263 3032 Quis
290 2980 332 3019 me
355 2969 417 3020 tunc
439 2966 531 3033 honor,
553 2982 613 3037 qnae
635 2968 772 3022 homimem
793 2983 904 3038 pompa,

57 3069 107 3122 qam
116 3054 309 3122 musana
320 3054 467 3125 cupiditas,
479 3055 552 3125 quod
561 3056 676 3126 denique
690 3058 772 3126 hrejus
782 3058 905 3112 mortalis

56 3145 110 3198 citae
134 3144 291 3211 tommtum
317 3147 399 3212 atque
416 3145 594 3199 retinaculum
609 3145 788 3201 commovebat
811 3147 903 3215 (latet,

57 3247 78 3285 u·
99 3233 149 3304 ill
179 3232 325 3288 Caeterum
352 3236 410 3286 tam
438 3231 605 3288 incredibile
619 3232 696 3289 istud
724 3233 903 3301 incendium,

55 3325 321 3394 quantumcumque
336 3325 407 3388 erat,
421 3337 568 3394 nunquam
584 3323 776 3393 Augustinum
791 3323 829 3378 sic
845 3324 905 3378 niti·

54 3415 133 3477 earet,
149 3415 185 3466 nt
200 3410 274 3465 isad
289 3409 437 3482 sapientiae
447 3412 555 3466 cultum
569 3411 661 3466 avita
676 3412 814 3482 pravitate
835 3429 904 3467 con-

53 3502 221 3566 uerteretur,
234 3497 290 3554 nisi
303 3498 367 3553 alim
380 3515 495 3570 qnoque
505 3503 719 3555 commoverant
731 3516 798 3555 eum
812 3516 903 3555 cauam
939 3503 943 3506 ’

52 3593 154 3658 prater
166 3586 409 3661 philosophorum
428 3602 584 3652 sermones,
607 3586 657 3659 qui
676 3587 711 3642 ad
735 3588 904 3659 erigendum

52 3692 94 3732 cor
107 3675 241 3733 hominis
261 3675 290 3730 in
318 3676 406 3730 Deum
431 3675 508 3730 haud
528 3675 587 3730 vim
605 3676 693 3730 ullam
712 3675 823 3743 habeat,
844 3693 902 3730 non

51 3765 201 3836 adjurante
217 3763 329 3820 Christo
342 3763 509 3819 mediatore.
526 3763 597 3819 ilinc
616 3764 671 3818 alio
688 3764 760 3830 laco,
777 3764 826 3819 uhi
841 3766 902 3819 Pla-

51 3854 214 3909 tonicorum
236 3852 390 3907 lectionem
406 3853 441 3908 ad
465 3853 634 3924 frangenda,
650 3853 772 3921 vincula,
799 3854 903 3925 quibus

50 3943 151 3997 smnio
165 3940 345 4012 illigabatur,
362 3941 522 4012 plurimum
541 3941 596 3996 sibi
612 3941 754 4012 profuisse
769 3941 847 4009 dicit,
865 3943 902 3996 si·

51 4031 105 4084 mul
119 4034 257 4097 testatur,
272 4030 349 4085 hunc
364 4047 394 4085 sa
407 4030 531 4087 fructum
545 4030 707 4102 percepisse
721 4031 823 4086 collata
837 4048 903 4086 curn

49 4117 148 4174 iisdem
167 4118 340 4173 anctoritate
355 4117 472 4173 illorum
493 4117 542 4190 qui
557 4118 653 4173 divina
668 4118 804 4190 mysteria
815 4119 902 4174 tradi-

49 4206 163 4274 derunt,
177 4212 262 4279 puta,
275 4207 484 4279 Prophetarum
500 4212 528 4263 et
540 4208 741 4279 Apostolorum
758 4207 806 4279 (lle
819 4209 904 4262 Beata

52 4295 123 4363 lita,
140 4311 170 4351 n.
186 4297 225 4362 i).
249 4295 356 4352 Deinde
378 4295 509 4368 quamvis
524 4296 554 4351 in
568 4295 806 4368 philosophorum
822 4295 903 4351 libris

48 4384 185 4441 nablimia
208 4385 341 4456 quaedam
359 4384 604 4456 deprehendisset,
629 4400 661 4439 es
681 4383 726 4438 his
740 4388 837 4439 tamen
854 4401 901 4439 so·

49 4473 202 4530 lummodo
217 4475 328 4545 garrire
348 4473 495 4542 didicerat,
512 4474 593 4546 quasi
603 4475 663 4545 jam
678 4472 788 4545 peritus
803 4473 903 4528 evasis-

48 4569 88 4619 set
100 4580 108 4631 ;
121 4563 174 4636 qui
189 4563 379 4619 nihilominus
393 4562 448 4619 nisi
469 4562 500 4617 in
517 4562 628 4618 Christo
642 4562 787 4619 Salvatore
800 4560 902 4634 [nostro

48 4651 120 4706 siam
138 4651 191 4708 liei
205 4657 357 4724 quaereret,
377 4667 436 4707 non
451 4651 571 4724 peritas,
588 4656 618 4707 ut
636 4651 774 4723 loquitur,
789 4651 836 4705 sed
852 4668 901 4722 pc-

47 4739 155 4796 rituras
169 4745 246 4797 esset
264 4743 352 4812 (Cous.
369 4741 417 4796 lib.
440 4745 469 4809 7,
495 4756 556 4811 cap.
572 4742 616 4805 20,
632 4755 660 4795 n.
671 4740 729 4810 ibi.
757 4741 819 4796 lam
835 4739 901 4794 inda

47 4829 125 4883 anim
150 4833 290 4901 caperat,
310 4829 377 4884 licet
401 4831 583 4900 peccatorum
603 4827 695 4899 poenis
709 4844 741 4882 ac
762 4829 837 4882 mole
853 4844 902 4899 op-

47 4932 173 4987 pressus,
187 4917 360 4973 eruditionis
370 4917 477 4973 lamam
485 4917 630 4988 aucupari,
646 4921 674 4971 ιι
686 4915 823 4971 doctrinm
840 4915 902 4988 opi-

47 5005 131 5062 nione
146 5006 268 5062 inllatus
283 5006 376 5078 magis
390 5006 497 5074 etlerri,
507 5006 542 5061 de
558 5004 702 5061 diluendis
715 5004 824 5060 interea
838 5021 903 5076 pec-

48 5094 117 5149 catis
129 5095 252 5151 minime
268 5094 407 5167 cogitans.
430 5095 496 5150 Erat
515 5110 584 5166 ergo
602 5093 630 5149 id
645 5092 782 5166 temporis
800 5110 835 5149 ex
854 5109 902 5147 eo·

49 5196 111 5239 rum
122 5200 259 5253 numero,
270 5183 534 5256 quicognosccntes
548 5184 647 5249 ileum,
660 5199 717 5237 non
728 5181 800 5237 sicut
812 5183 902 5236 [terma

51 5271 284 5342 glorificaverunt
300 5274 388 5345 (llam.
413 5289 434 5342 1,
462 5271 519 5343 et).
542 5272 579 5338 Is,
602 5275 634 5327 ut
658 5270 779 5338 ridetur,
814 5274 902 5325 stolus

52 5367 92 5417 ast
103 5364 139 5420 ab
150 5380 185 5419 co
201 5378 355 5435 expressus
370 5360 401 5415 in
417 5361 488 5416 libro
501 5361 537 5416 de
557 5361 643 5416 licata
657 5359 731 5427 Vita,
744 5375 829 5431 quem
845 5363 902 5414 sta-

52 5449 99 5507 tim
113 5470 130 5508 a
143 5469 197 5509 aaa
212 5449 403 5508 conversione
422 5447 590 5520 composuit,
613 5449 644 5504 in
658 5464 715 5520 quo
732 5447 781 5503 ubi
797 5451 903 5503 morta·

53 5536 89 5593 les
108 5557 220 5597 ommes
234 5540 317 5596 velut
336 5538 369 5594 in
382 5538 540 5610 procelloso
558 5536 763 5608 maciesque
784 5535 818 5591 ad
837 5535 904 5607 phi·

967 1376 1053 1430 lantes
1067 1382 1240 1447 succrepante
1252 1380 1352 1447 popili
1371 1382 1426 1435 soto
1440 1381 1578 1452 demerput
1589 1385 1745 1455 accerbam,
1763 1388 1827 1442 eis-'

967 1479 1019 1533 que
1031 1466 1060 1519 in
1081 1467 1203 1522 tenebras
1226 1469 1364 1534 revolutis,
1387 1471 1488 1539 eripiat
1510 1471 1752 1529 luculentissimam
1767 1475 1819 1531 do-

966 1568 1050 1622 mum,
1065 1570 1148 1624 quam
1159 1571 1226 1625 pene
1234 1556 1295 1625 jam
1309 1556 1436 1612 uiderant
1447 1558 1495 1627 (lle
1509 1560 1592 1613 Beata
1610 1561 1684 1627 Vita,
1695 1577 1723 1617 n.
1740 1563 1778 1632 3).

1000 1646 1028 1695 7.
1044 1643 1076 1696 ln
1093 1644 1167 1697 hunc
1182 1659 1212 1698 sa
1227 1647 1354 1698 montem
1367 1645 1543 1716 Augustinus
1558 1648 1769 1705 Platonicorum
1783 1652 1818 1708 li·

965 1727 1024 1782 bris
1044 1729 1126 1785 evelii
1139 1730 1263 1798 ridebat,
1284 1732 1334 1804 qui
1351 1750 1500 1806 nunquam
1515 1752 1580 1791 eum
1596 1738 1765 1795 charitalem
1780 1739 1814 1796 il-

965 1816 1023 1871 lam
1038 1817 1139 1872 docere
1155 1818 1323 1890 potuissent,
1339 1837 1404 1893 quae
1420 1827 1523 1878 nostra
1545 1825 1642 1879 salutis
1662 1826 1816 1884 aediticium

965 1904 1000 1958 ab
1015 1904 1185 1960 humilitatis
1204 1905 1401 1975 fundamento,
1424 1908 1500 1980 quod
1517 1913 1559 1964 est
1579 1911 1706 1967 Christus
1724 1914 1814 1983 lasus,

964 1993 1112 2049 constituit
1127 1994 1299 2066 stabilitque.
1318 1996 1387 2051 Cum
1404 1995 1492 2068 igilur
1504 1998 1538 2053 ad
1554 2014 1583 2053 se
1597 1999 1813 2072 quamprimum

963 2082 1059 2137 redire
1085 2083 1233 2155 cogitarat,
1250 2085 1355 2140 mentis
1375 2086 1472 2140 oculos
1494 2087 1617 2159 conjecit
1644 2088 1675 2143 in
1694 2089 1814 2146 catholi-

964 2186 1027 2225 cam
1042 2171 1223 2244 religionem,
1244 2189 1309 2244 quae
1324 2190 1413 2245 puero
1437 2174 1491 2229 sibi
1511 2175 1682 2245 insituerat,
1703 2181 1733 2234 ιι
1754 2195 1815 2236 me-

965 2258 1094 2326 dullitus,
1116 2263 1149 2314 ul
1168 2260 1245 2327 dicit,
1265 2261 1422 2333 implicata,
1439 2253 1538 2334 quave
1559 2263 1656 2334 ipsum
1669 2265 1705 2321 ad
1719 2281 1750 2322 se
1769 2267 1815 2323 vel

964 2345 1136 2403 nescientem
1158 2349 1308 2404 reuocabat
1323 2351 1406 2421 (Cant.
1424 2351 1524 2419 Aaou,
1545 2352 1592 2407 lib.
1608 2355 1635 2422 h,
1652 2369 1680 2409 n.
1702 2355 1740 2424 5).
1759 2356 1814 2412 Ve-

963 2451 1024 2490 rum
1038 2438 1067 2490 in
1082 2437 1129 2492 hos
1143 2437 1235 2502 libros,
1251 2437 1291 2492 ait
1304 2438 1491 2508 Augustinus,
1503 2455 1544 2494 me
1552 2445 1708 2511 propterea,
1721 2445 1814 2514 prins

963 2541 1045 2595 quom
1063 2526 1224 2596 Scripturas
1240 2531 1301 2581 tuas
1315 2527 1522 2597 considerarem,
1543 2529 1622 2585 credo
1643 2532 1755 2588 uoluisti
1768 2536 1812 2588 in·

961 2628 1079 2680 currere,
1094 2619 1125 2669 nt
1139 2617 1339 2685 imprimeretur
1352 2619 1485 2672 memorie
1497 2633 1569 2686 meae,
1585 2624 1716 2688 quomodo
1726 2637 1761 2677 eu
1774 2624 1812 2678 cis

962 2703 1074 2771 affectus
1087 2717 1187 2768 essem;
1203 2705 1228 2756 ιι
1237 2719 1296 2757 cum
1306 2708 1398 2773 postea
1412 2707 1438 2758 in
1450 2705 1526 2759 lituis
1542 2708 1596 2760 tuis
1610 2710 1812 2776 mansuefactus

961 2805 1052 2858 essem,
1069 2797 1094 2846 et
1109 2792 1266 2847 curantibus
1280 2792 1376 2861 diuitis
1392 2795 1445 2848 tuis
1460 2798 1690 2851 contrectarentur
1698 2799 1811 2853 uulnera

960 2896 1029 2945 mea,
1054 2880 1231 2935 discernerem
1255 2883 1336 2954 utqree
1362 2880 1553 2948 distinguerem
1583 2883 1652 2952 quid
1671 2885 1811 2940 interesset

959 2969 1031 3022 inter
1047 2970 1293 3038 presumptionem,
1318 2973 1344 3023 ct
1366 2971 1573 3037 corascssionem;
1597 2974 1669 3028 inter
1686 2972 1808 3028 uidentes

961 3072 1013 3126 quo
1032 3056 1148 3110 cundiam
1160 3059 1206 3119 sit,
1223 3072 1269 3111 nea
1284 3057 1404 3112 uidentes
1418 3073 1481 3126 iqua,
1496 3062 1521 3112 et
1535 3061 1607 3113 iriam
1620 3059 1758 3117 ducentem
1772 3061 1811 3116 ad

961 3146 1111 3214 beatificam
1124 3148 1256 3215 patrium,
1272 3162 1326 3201 non
1345 3151 1450 3202 tantum
1468 3148 1638 3212 cernendam,
1654 3149 1701 3205 sed
1715 3153 1740 3205 ιι
1755 3151 1810 3205 ha·

960 3233 1108 3289 litandam.
1126 3236 1195 3291 Nam
1210 3237 1235 3290 si
1248 3238 1339 3305 primo
1353 3238 1453 3290 sanate's
1468 3238 1522 3292 tuis
1535 3237 1632 3292 litteris
1646 3239 1811 3306 ieafonnatus

959 3337 1052 3388 essene,
1078 3326 1102 3375 et
1119 3324 1147 3376 iu
1165 3339 1259 3378 aarum
1281 3325 1473 3391 familiaritate
1495 3324 1676 3380 obdulcuisses
1690 3327 1769 3394 milei,
1784 3330 1810 3381 et

956 3414 1050 3480 postea
1066 3412 1095 3464 in
1118 3411 1166 3465 itta
1179 3412 1316 3466 volumina
1333 3412 1506 3480 incidissem,
1531 3415 1649 3480 fortasse
1667 3418 1716 3470 aut
1730 3415 1809 3470 abri-

956 3500 1079 3569 puissent
1103 3515 1143 3553 me
1165 3516 1182 3554 a
1202 3500 1379 3555 solidamento
1400 3503 1523 3569 pictatis,
1539 3506 1588 3556 aut
1608 3504 1634 3557 si
1655 3504 1684 3556 in
1698 3503 1809 3573 affecta,

958 3603 1035 3656 quem
1054 3587 1188 3642 salubrem
1203 3588 1372 3655 imbiberam,
1385 3591 1575 3657 praestitissem,
1590 3594 1715 3659 putarem
1727 3593 1809 3646 etiam

957 3691 991 3730 ea
1005 3677 1062 3730 illis
1080 3676 1157 3730 libris
1179 3690 1238 3729 eum
1255 3691 1333 3744 posse
1347 3675 1462 3748 coracipi,
1478 3680 1502 3731 si
1522 3693 1564 3733 eos
1579 3678 1647 3733 solos
1663 3679 1810 3750 quisquam

957 3765 1096 3820 didicisset
1114 3765 1214 3836 leons..
1234 3764 1280 3820 lib.
1295 3769 1322 3832 7,
1338 3780 1398 3834 cup.
1415 3767 1459 3833 20,
1474 3782 1502 3822 n.
1521 3767 1576 3838 hu).
1597 3768 1696 3838 ltaque
1717 3782 1810 3822 sacros

957 3853 1068 3908 codices
1092 3853 1253 3908 avidissima
1273 3853 1410 3924 arripere,
1432 3859 1460 3909 et
1485 3854 1581 3910 divina
1609 3854 1659 3910 illa
1683 3855 1808 3928 Spiritus

957 3942 1047 3997 sancti
1061 3943 1175 3996 oracula
1197 3941 1338 3996 revereri:
1355 3959 1454 3997 verum
1470 3959 1529 3998 non
1547 3944 1602 3998 alia
1616 3944 1708 4016 magis
1722 3960 1809 4017 quam

958 4031 1149 4101 Epistularum
1170 4030 1250 4086 Pauli
1268 4032 1390 4103 apostoli
1412 4032 1535 4088 lectione
1558 4033 1754 4089 alliciebatur:
1781 4036 1810 4090 ιι

957 4117 1052 4174 statim
1075 4125 1254 4175 evanuerunt
1272 4137 1313 4175 eae
1342 4120 1534 4190 difficultates,
1559 4121 1664 4192 quibus
1683 4121 1713 4176 in
1735 4121 1809 4176 hanc

956 4206 1122 4278 opinionem
1138 4213 1203 4263 ante
1227 4209 1321 4263 iuerat
1346 4209 1495 4278 adductus,
1512 4214 1623 4264 uicum
1638 4208 1808 4280 quibasdam

956 4296 987 4352 in
1002 4295 1069 4351 locis
1084 4297 1243 4368 pugnantia
1258 4298 1347 4369 loqui,
1363 4301 1391 4354 ιι
1405 4298 1482 4352 illius
1497 4298 1582 4353 verba
1598 4296 1679 4368 Legis
1695 4313 1727 4351 ac
1741 4297 1807 4353 Pro·

955 4385 1108 4457 phalarum
1120 4385 1290 4440 testimoniis
1304 4403 1363 4441 non
1371 4401 1529 4459 congruere
1542 4389 1669 4457 putaret.
1684 4384 1809 4456 Agnovit

957 4473 1033 4529 cista
1047 4473 1095 4528 illa
1110 4473 1287 4546 minimeque
1302 4476 1396 4530 lucela
1411 4474 1526 4546 eloquia
1542 4490 1600 4529 uno
1621 4472 1731 4545 Spiritu
1745 4471 1808 4528 ani·

957 4562 1039 4627 mari,
1057 4563 1157 4618 eadem
1172 4578 1276 4617 arcana
1289 4562 1458 4634 complecli3
1481 4566 1508 4616 ιι
1523 4562 1553 4616 in
1567 4561 1602 4616 iis
1617 4560 1807 4633 suspiciendis

956 4652 1097 4706 exstillare
1110 4668 1176 4706 cum
1193 4656 1319 4706 tremore
1339 4650 1448 4706 didicit.
1475 4649 1571 4706 Primo
1587 4649 1675 4705 etiam
1690 4652 1805 4721 aspectu

955 4738 1098 4810 cognovit,
1109 4739 1249 4810 quidquid
1260 4740 1291 4793 in
1303 4737 1430 4810 profanis
1441 4737 1522 4793 libris
1534 4754 1632 4794 verum
1644 4738 1762 4811 legerat,
1773 4737 1804 4794 in

955 4827 1000 4882 his
1013 4827 1137 4881 inueniri
1151 4843 1158 4896 3
1173 4827 1219 4881 sod
1236 4827 1288 4880 hos
1309 4827 1462 4881 iturarum
1478 4827 1600 4895 tradere,
1616 4832 1649 4883 ut
1662 4831 1692 4883 ιι
1706 4827 1807 4899 gratiae

955 4916 1013 4969 rim
1035 4915 1248 4982 commendent,
1264 4918 1293 4970 et
1312 4913 1397 4969 variis
1417 4931 1469 4970 nos
1484 4915 1627 4987 mysteriis
1646 4915 1801 4972 imbuant:

955 5002 1032 5074 quod
1046 5002 1104 5057 illae
1118 5001 1232 5074 paginae
1245 5017 1304 5056 non
1316 5001 1433 5071 habent,
1447 5005 1479 5057 ut
1492 5018 1544 5057 nec
1557 5002 1611 5075 pla
1621 5003 1698 5058 illius
1712 5001 1806 5058 hnmi-

956 5089 1054 5158 litatis,
1069 5106 1133 5162 quae
1147 5090 1177 5145 in
1191 5090 1250 5144 sola
1265 5088 1420 5145 christiana
1435 5089 1574 5162 religione
1588 5088 1738 5162 reperitur,
1754 5102 1806 5142 no·

955 5178 1048 5235 titiam
1064 5179 1246 5251 ingenerant.
1275 5178 1425 5233 Enimvero
1441 5179 1517 5235 aliud
1537 5182 1580 5234 est
1599 5195 1614 5232 a
1634 5192 1746 5233 summo
1761 5173 1808 5230 sil·

956 5268 1041 5324 vestri
1056 5271 1085 5323 et
1098 5266 1198 5322 inculti
1214 5267 1321 5323 montis
1336 5268 1484 5323 cacumine
1497 5267 1621 5339 patriam
1639 5264 1716 5337 pacis
1730 5263 1805 5337 aspi-

956 5372 1031 5425 cere,
1048 5356 1102 5411 iter
1116 5356 1150 5411 ad
1173 5372 1236 5411 eam
1252 5373 1312 5411 non
1324 5356 1462 5428 reperire,
1480 5373 1511 5411 ac
1526 5356 1629 5411 trustra
1644 5352 1742 5409 conari
1755 5366 1808 5425 per

957 5445 1046 5514 invia,
1071 5445 1386 5502 circumobsislentihus
1409 5442 1601 5501 desertoribus
1627 5441 1759 5514 augelis:
1779 5446 1808 5497 et

958 5533 1036 5591 aliud
1050 5550 1124 5599 enm,
1145 5551 1209 5608 qum
1222 5535 1258 5591 ad
1272 5535 1384 5590 beatam
1399 5533 1477 5587 illam
1490 5530 1615 5603 patriam
1627 5530 1717 5600 ducit,
1731 5529 1806 5586 viam
