3884 6112
90 290 123 341 ar
801 265 965 326 sueroua
985 261 1151 319 rossrmo.
1820 273 1853 325 38

90 411 187 466 dendo
204 413 234 462 et
248 405 413 460 ordinando
427 401 595 473 presbytero
609 396 751 497 eivitatif,
773 395 886 467 plebem
901 386 952 443 ⁰0¹
1006 404 1137 461 nonnulli
1160 422 1256 461 corum
1272 406 1412 479 episcopis
1435 408 1550 479 populis
1564 411 1685 463 tractare
1708 413 1857 479 coeperunt

91 500 302 570 alloqueretur,
326 496 355 548 et
381 490 597 553 exhonoratum
609 501 670 557 Jam
686 489 807 540 senentes
820 479 953 537 catholici
1006 493 1125 547 verbum
1140 494 1200 550 pei,

90 586 184 644 saneti
196 581 354 655 Augustini
376 577 556 652 propositum
571 579 600 629 et
619 572 789 640 doctrinam,
803 586 891 647 manu
905 568 950 623 in-

87 681 167 751 jecta
191 673 345 747 (quoniam
368 669 486 724 elidem
501 666 533 721 in
546 665 653 737 populo
668 678 782 718 securus
795 665 823 715 et
834 659 952 731 ignarus

91 765 164 839 qaid
180 763 315 818 futurum
329 763 404 815 esset
425 755 533 821 astabat
551 770 557 809 :
573 752 683 808 solebat
696 753 793 807 autem
806 748 904 814 laicus,
919 750 953 801 ut
1042 757 1114 813 Sane
1140 758 1171 813 in
1197 759 1247 814 ipa
1280 763 1349 814 pune
1379 758 1557 830 Hipponensi
1584 758 1655 813 urb,
1688 757 1857 814 panichaeo.

91 853 180 910 nobis
196 850 319 916 dicebat,
340 848 375 903 ⁰1³
391 847 432 902 01³
445 848 557 900 mltum
573 841 698 897 0⁰⁰¹⁰⁵ii³
712 856 777 913 ‹1¹¹oe
793 854 850 893 ¹1⁰ss
864 835 952 892 hibe·
1007 863 1072 902 rum
1087 847 1250 918 pestilentia
1268 866 1355 920 quam
1370 849 1509 921 plurimos
1523 849 1567 904 val
1583 847 1657 902 cives
1671 847 1713 902 rel
1729 848 1858 917 peregri·

91 946 160 999 reni
174 941 338 1012 ltili³⁰0lt⁰⁸2
349 952 431 992 suam
443 932 587 990 afflinem
599 948 634 1004 pr
636 927 796 1000 teselniam)
805 943 872 982 ⁰⁰⁰¹
885 940 953 996 ⁰l8⁰
1007 952 1061 990 nos
1074 941 1101 991 el
1116 937 1253 993 infecerat
1269 940 1278 975 ¹
1292 942 1321 993 et
1338 941 1547 1010 penetraverat,
1573 937 1725 992 seducente
1741 940 1770 990 et
1784 932 1859 990 deci·

92 1035 265 1097 tenuerunt,
281 1033 320 1098 et,
335 1026 412 1082 utin
426 1024 530 1080 talibus
543 1026 714 1077 consuetum
727 1023 770 1074 est
784 1017 804 1083 ²,
821 1014 953 1088 episcopo
1007 1024 1106 1095 pionte
1129 1026 1257 1097 ejusdem
1283 1026 1400 1081 pam-0513
1424 1026 1547 1097 quodam
1571 1026 1738 1097 presbytero
1768 1023 1858 1081 nomi.

94 1119 291 1178 ordinandum
314 1115 484 1183 intulerunt,
500 1109 634 1167 omuibus
653 1109 684 1164 id
699 1123 756 1163 une
771 1119 911 1160 consensu
925 1104 955 1155 et
1008 1132 1044 1170 ne
1070 1119 1234 1180 Fortunato,
1255 1116 1363 1172 ibidem
1387 1120 1571 1171 conversam„
1597 1120 1682 1187 alque
1711 1118 1858 1171 manente,

94 1207 243 1266 desidem
257 1205 321 1260 fiflli
335 1198 848 1274 perficiqusslteifflfihussffl³8¹¹⁰ll¹¹0
861 1189 954 1246 ³¹¹¹di⁰
1009 1207 1119 1261 Interea
1142 1205 1338 1277 Hipponenses
1364 1206 1438 1260 cives
1462 1210 1490 1260 et
1512 1203 1683 1275 ’peregrini
1705 1203 1860 1259 Christiani

94 1304 124 1355 et
137 1299 266 1354 clamore
281 1290 487 1364 flagitantibus,
500 1286 623 1343 ubertim
637 1302 671 1340 eo
686 1286 773 1339 lleute
788 1299 794 1338 :
809 1277 955 1336 nonnullis
1008 1301 1068 1350 pam
1083 1294 1214 1350 catholici
1238 1310 1324 1367 quam
1339 1294 1425 1349 epam
1450 1291 1603 1347 ponapjstae
1623 1292 1728 1347 adeunt
1742 1292 1859 1364 presby,

96 1387 220 1461 ‘lffldem
236 1384 377 1454 liififflii
392 1381 465 1480 131118,
480 1382 513 1434 ut
526 1376 607 1432 1¹⁰bi⁵
624 1376 684 1447 19³0
700 1371 807 1437 retulit,
822 1374 890 1424 ”¹¹1⁰
904 1384 955 1422 ³¹¹·
1009 1388 1104 1438 terum
1117 1388 1137 1451 ⁸,
1153 1400 1185 1439 ae
1203 1383 1368 1455 deposcunt,
1389 1387 1422 1438 ut
1436 1381 1519 1437 illum
1532 1380 1681 1436 hominem
1694 1380 1857 1435 hlaniehaeo·

95 1457 956 1549 i‘ll'bssi¹¹t⁰sltft³tl²1¹²¹b¹¹⁵v‘³‘‘inquam0¹¹¹¹10⁰¹²⁵⁰¹t¹¹¹tibus
1010 1489 1075 1528 rum
1099 1473 1307 1544 presbyterum,
1321 1488 1409 1545 quem
1432 1471 1548 1526 doctum
1563 1468 1726 1536 credebaut,
1740 1467 1859 1534 videret,

1007 630 1082 688 CAP.
1093 633 1137 689 lll.
1147 663 1183 676 -
1193 636 1335 704 conflictus
1344 636 1462 704 Anpnst.
1472 651 1531 690 eam
1540 637 1687 690 Fortunato
1696 634 1855 691 Murrieltaeo.

98 1583 133 1620 ac
157 1561 329 1626 dicentibus,
355 1557 424 1631 quia
445 1562 474 1612 et
500 1557 580 1611 locus
601 1549 781 1626 presbyterii,
805 1548 872 1604 lieet
895 1547 956 1617 ipse

100 1654 210 1725 majore
226 1650 332 1723 diguus
347 1651 431 1714 esset,
446 1643 690 1717 appropinquaret
703 1643 799 1695 tamen
810 1637 956 1710 episcopa·

99 1743 153 1809 tui,
170 1758 238 1796 cnm
257 1739 306 1794 ille
320 1738 408 1792 homo
429 1735 489 1801 liei,
506 1737 538 1788 ut
551 1731 634 1787 nohis
648 1729 756 1794 retulit,
772 1725 876 1798 majori
888 1740 956 1779 cou-

100 1829 275 1888 sideratione
284 1824 642 1898 intelligeretetgerneret,
656 1834 743 1891 quam
757 1816 849 1872 multa
859 1818 888 1869 et
899 1829 957 1867 ma·

99 1937 157 1993 gna
178 1935 239 1973 snae
259 1917 324 1971 vitae
345 1914 474 1987 pericula
496 1912 531 1967 de
550 1909 692 1983 regimine
708 1912 737 1962 et
750 1902 958 1978 gubernatione

102 2007 235 2065 Feelesiae
253 2003 422 2075 impendero
433 2001 496 2074 jam
510 2015 542 2053 ae
556 1996 707 2071 provenire
723 1996 862 2066 spectaret
877 1996 898 2057 ⁸,
914 1994 957 2044 at-

101 2113 158 2168 que
176 2095 243 2151 idco
267 2093 358 2148 lleret.
383 2091 417 2145 Et
435 2103 546 2153 eorum,
562 2089 593 2140 ut
607 2084 767 2150 voluerunt,
784 2079 958 2151 completum

108 2190 153 2238 est
166 2179 350 2238 desiderium.

114 2317 224 2373 utrm
235 2317 268 2369 ll.
286 2343 321 2356 -
334 2311 525 2369 hemeterium
538 2307 667 2363 destituit.
681 2305 807 2362 Valerius
820 2303 959 2371 episcopas

139 2405 297 2474 Angustiae
312 2400 468 2472 presentare
483 2398 532 2453 dut
549 2399 708 2469 potestatem
718 2408 808 2449 eorem
818 2406 846 2446 se
858 2387 959 2460 pradi-

139 2495 223 2550 oondi
243 2492 352 2548 rehum
367 2490 427 2544 Dei.

141 2612 243 2666 Factus
271 2622 339 2678 ergo
372 2603 520 2676 presbyter
542 2597 749 2656 monasterium
771 2593 847 2648 intro
872 2589 960 2645 recle·

103 2710 177 2763 siam
202 2723 272 2762 mox
294 2702 436 2768 instituit3
460 2705 489 2756 et
511 2714 577 2754 cum
598 2695 649 2752 liei
668 2690 860 2749 servisvirere
876 2685 962 2758 coepit

103 2797 266 2853 secuudum
285 2793 406 2849 modum
425 2795 454 2845 ct
476 2788 607 2860 regulam
621 2784 672 2840 sub
695 2780 797 2837 sanctis
816 2773 961 2848 Apostolis

104 2885 294 2941 constitutam
309 2881 321 2917 ⁸
336 2880 410 2953 (Act.
436 2894 474 2937 ιι,
500 2876 543 2947 32)
561 2892 567 2931 :
585 2873 709 2928 maxime
730 2873 763 2924 nt
776 2882 862 2923 nemo
878 2863 961 2938 qnid·

105 2991 200 3048 quam
227 2971 375 3045 proprium
408 2966 509 3023 inille
534 2963 666 3018 societate
688 2958 815 3023 haberet,
844 2953 894 3009 sod
922 2950 962 3007 eis

109 3065 210 3118 esseut
231 3060 323 3115 omnia
340 3054 517 3122 communia,
533 3058 561 3109 et
574 3050 794 3107 distribueretur
809 3042 962 3112 unicuique

106 3153 185 3207 sicut
205 3165 277 3221 opus
294 3152 366 3216 erat3
389 3144 466 3218 quod
480 3145 541 3215 jam
562 3141 624 3213 ipse
643 3137 723 3210 prior
735 3136 842 3191 fecerat
856 3130 877 3195 ³,
894 3129 963 3184 dum

109 3244 145 3298 de
164 3236 364 3296 transmarinis
378 3235 413 3290 ad
430 3249 481 3289 sna
501 3232 667 3286 remeasset.
687 3227 806 3281 Sanetus
828 3236 896 3276 vero
909 3220 963 3274 lta·

107 3330 197 3386 larius
209 3327 363 3383 ordinator
377 3323 447 3394 ejus,
457 3326 489 3377 ut
498 3324 560 3375 erat
571 3318 615 3373 vir
628 3316 693 3389 pius
704 3318 733 3370 et
747 3315 837 3368 Deum
847 3310 961 3375 timens,

109 3416 281 3475 exsultabat,
305 3417 335 3468 et
354 3412 412 3467 [leo
430 3409 535 3480 gratias
554 3406 667 3479 agebat,
693 3419 758 3459 suas
782 3399 929 3455 exauditas
948 3413 964 3450 a

112 3506 233 3563 llomino
257 3502 347 3557 fuisso
362 3515 467 3570 preces,
484 3513 554 3569 quas
567 3511 596 3550 se
611 3489 843 3565 frequentissime
858 3485 964 3542 fudisse

111 3596 255 3660 narrabat,
283 3596 315 3646 ut
334 3589 389 3645 sibi
413 3586 549 3643 divinitus
568 3586 655 3640 homo
671 3580 874 3637 concederetur
888 3574 963 3640 tulis,

112 3685 163 3757 qui
183 3684 283 3755 posset
306 3678 391 3734 verbo
411 3675 463 3732 Dei
485 3680 513 3730 et
534 3672 662 3729 doctrina
681 3667 790 3724 salubri
812 3662 965 3721 Ecclesiam

112 3772 226 3828 ltomiui
247 3769 391 3826 aedificare
414 3782 422 3821 :
442 3765 489 3821 cui
503 3763 546 3819 rei
560 3778 589 3817 se
603 3761 690 3816 homo
714 3761 817 3812 natura
841 3755 965 3817 Graecus,

112 3863 268 3934 minusque
291 3857 382 3914 latina
405 3854 504 3926 lingna
527 3857 555 3908 et
574 3849 677 3906 litteris
689 3847 855 3909 instructus,
871 3841 967 3896 minus

112 3952 215 4008 utilem
237 3945 412 4021 pervidebat.
437 3944 470 3998 Et
490 3941 584 3997 eidem
608 3937 774 4011 presbytero
793 3933 968 4005 potestatem

113 4041 192 4097 dedit
216 4053 312 4094 coram
331 4033 411 4090 sein
432 4029 550 4088 ecelesia
571 4025 755 4099 Evangelium
778 4017 966 4093 praedicandi,

113 4147 147 4185 ae
160 4124 392 4200 frequentissime
412 4118 571 4186 tractandi;
592 4120 692 4171 contra
711 4128 794 4168 usum
807 4108 925 4181 quidem
939 4111 969 4161 et

114 4215 352 4274 consuetudinem
363 4211 559 4268 Africanarum
571 4203 758 4262 Ecclesiarum
773 4217 779 4255 :
794 4198 869 4254 uude
882 4196 968 4252 etiam

117 4308 146 4362 ei
161 4304 292 4361 nonnulli
306 4299 433 4374 episcopi
446 4296 645 4354 detrahebant.
661 4291 715 4347 Sed
731 4289 778 4343 illc
792 4287 837 4342 vir
850 4300 968 4341 venera-

118 4395 186 4450 bilis
207 4409 238 4448 ae
249 4391 385 4464 providus
400 4389 430 4444 in
444 4383 635 4442 Orientalibus
650 4376 779 4435 Ecclesiis
798 4375 827 4430 id
841 4390 875 4429 ex
890 4387 970 4427 more

115 4484 180 4540 lieri
206 4482 296 4537 sciens
321 4483 350 4535 et
372 4480 467 4533 certus
484 4474 508 4541 ⁶,
533 4479 560 4528 et
582 4468 698 4527 utilitati
713 4464 844 4522 Ecclesim
867 4478 969 4517 cousu-

115 4575 189 4643 lens,
212 4567 435 4629 obtrectantium
458 4579 517 4620 non
542 4561 660 4617 curabat
673 4557 797 4628 linguas,
814 4549 971 4608 dummodo

115 4662 294 4718 iactitaretur
315 4675 331 4712 a
352 4655 531 4728 presbytero,
556 4649 632 4722 quod
659 4664 676 4701 a
702 4661 731 4699 se
756 4642 891 4715 episcopo
918 4638 972 4693 im·

114 4750 189 4824 pleri
203 4747 324 4804 minime
346 4759 428 4817 posse
443 4740 589 4797 cernebat.
605 4736 684 4792 Unde
699 4747 816 4788 aceensa
830 4734 858 4784 et
869 4729 972 4783 ardens

114 4842 225 4895 elevata
248 4851 334 4909 super
352 4831 556 4888 caudelabrum
581 4828 708 4894 lucerua,
725 4819 858 4876 omuibus
877 4817 973 4890 quiin

113 4930 204 4985 domo
221 4928 306 4981 erant
330 4921 442 4979 lucebat
467 4918 576 4992 (blattis.
602 4932 629 4982 v,
648 4915 700 4984 15).
725 4912 759 4967 lit
783 4912 883 4982 postea
906 4922 971 4961 cnr-

115 5024 197 5074 rente
220 5021 250 5071 et
270 5013 384 5070 volante
405 5006 572 5082 hujusmodi
592 5005 680 5071 tama,
703 5002 779 5056 beno
793 4995 973 5070 praecedente

116 5104 264 5176 exemplo,
286 5105 401 5173 accepta
422 5098 457 5154 ab
480 5091 621 5169 episcopis
646 5092 798 5163 potestate,
814 5081 973 5157 presbyteri

148 5232 156 5265 ¹
171 5227 243 5278 Edit
260 5225 355 5291 Lugd..
369 5220 492 5274 ciuitatis.
525 5219 560 5268 bl.

147 5294 158 5327 ²
173 5289 290 5351 wana,
302 5286 392 5338 exCd.
401 5284 486 5334 Velie.
496 5283 557 5332 1191
567 5294 573 5328 :
584 5279 616 5328 El
626 5279 658 5328 nt
669 5277 696 5325 ln
707 5272 802 5324 talibus
812 5264 975 5321 corssnetnde

116 5353 236 5464 “imbrii
253 5413 326 5473 llos,
336 5410 473 5473 speraret.

148 5475 286 5535 ‘Salinae
303 5488 336 5525 er
351 5473 397 5523 cd.
408 5469 491 5521 vatic.
511 5467 571 5517 1188
586 5456 824 5523 »dissenterico
839 5451 974 5519 apostolis

116 5543 302 5593 constitutum.
339 5535 372 5585 11.

147 5606 159 5640 ⁸
173 5601 290 5662 winus,
300 5612 334 5650 ex
347 5596 394 5648 od.
409 5593 493 5647 Vatic.
509 5584 737 5650 litttouodjum
746 5581 802 5648 lpse
813 5581 892 5646 prius
905 5577 973 5643 free·

116 5664 339 5778 ταἐᾋᾶιὲύιϋιιιιιο
352 5734 386 5773 ex
402 5719 475 5778 llos,
493 5718 520 5768 et
531 5717 619 5767 sertio
708 5779 712 5786 ¹
852 5676 854 5681 Ι

1011 1566 1040 1616 et
1064 1579 1129 1617 cum
1157 1562 1258 1617 eodem
1287 1562 1322 1617 de
1350 1562 1422 1633 Lege
1446 1562 1589 1616 tractaret.
1613 1557 1692 1622 Quod
1716 1556 1805 1624 idem,
1829 1559 1862 1611 ut

1011 1651 1148 1723 scriptum
1164 1656 1214 1721 est,
1227 1654 1343 1722 paratus
1358 1651 1392 1705 ad
1406 1647 1624 1720 responsionem
1639 1645 1719 1700 omni
1733 1643 1861 1717 poscenti

1012 1740 1195 1796 serationem
1211 1740 1245 1795 de
1263 1739 1319 1795 lide
1345 1743 1373 1794 et
1392 1754 1443 1809 spe
1466 1753 1530 1810 quae
1545 1736 1574 1790 in
1595 1737 1685 1791 Deum
1699 1739 1741 1788 ost
1753 1733 1774 1805 (l
1788 1735 1861 1789 Petr.

1012 1848 1053 1897 m,
1071 1831 1123 1899 15),
1137 1834 1297 1900 potensque
1313 1826 1456 1882 exhortari
1470 1825 1501 1880 iu
1515 1824 1645 1880 doctrina
1659 1840 1737 1889 sana,
1753 1826 1782 1877 et
1795 1837 1862 1877 con-

1012 1918 1183 1974 tradicentes
1206 1917 1379 1987 redarguere
1404 1916 1469 1985 (Tit.
1501 1930 1521 1980 1,
1549 1914 1585 1981 9),
1614 1912 1735 1966 minime
1755 1910 1862 1966 renuit.

1013 2007 1067 2063 Sed
1083 2010 1181 2061 utrum
1202 2005 1290 2061 etiam
1314 2004 1362 2059 ille
1385 2003 1438 2058 hoc
1453 2001 1515 2057 fieri
1528 2002 1623 2067 vellet,
1639 2000 1796 2054 sciscitatus
1810 2002 1862 2054 cst.

1013 2099 1048 2150 111
1060 2095 1102 2150 illi
1116 2094 1267 2150 contestim
1280 2094 1316 2149 ad
1331 2094 1426 2165 ipsum
1442 2093 1630 2146 Fortunatam
1645 2089 1674 2144 id
1689 2088 1862 2155 detulerunt,

1014 2187 1143 2254 petentes
1166 2186 1195 2237 et
1209 2182 1389 2237 exhortantes
1403 2196 1435 2234 ae
1459 2179 1630 2250 llagitautes,
1649 2176 1763 2248 quodid
1778 2174 1864 2230 mini·

1014 2288 1060 2326 me
1087 2275 1239 2329 recusaret.
1260 2270 1333 2325 Saue
1356 2267 1493 2341 quoniam
1517 2267 1593 2321 idern
1618 2267 1787 2320 Fortunatus
1803 2265 1865 2336 jam

1015 2362 1091 2432 apud
1102 2359 1304 2431 Carthaginem
1312 2354 1763 2425 sanctumnoverathugustinum
1774 2354 1866 2409 adhuc

1014 2450 1046 2504 iu
1074 2448 1176 2504 eodem
1198 2464 1293 2502 seeum
1322 2462 1417 2500 errore
1440 2444 1642 2511 constitutum
1672 2459 1737 2497 cum
1764 2441 1866 2497 eodem

1015 2537 1151 2608 congredi
1177 2535 1335 2607 pavitabat.
1366 2535 1568 2588 Verumtamen
1595 2547 1713 2585 suorum
1742 2531 1865 2585 maxime

1016 2626 1152 2682 instantia
1172 2630 1285 2679 coactus
1300 2640 1331 2677 ac
1355 2623 1572 2689 verecundatus,
1587 2619 1719 2691 promisit
1732 2619 1761 2672 in
1776 2618 1866 2672 comi-

1016 2732 1070 2771 nus
1096 2733 1124 2770 se
1148 2730 1209 2769 esse
1224 2717 1386 2779 venturum,
1403 2716 1605 2781 certamenque
1620 2705 1784 2780 disputandi
1800 2706 1867 2761 sub·

1016 2805 1135 2861 iturum.
1158 2802 1237 2858 Unde
1264 2800 1394 2856 condicto
1418 2800 1463 2854 die
1483 2805 1512 2854 et
1534 2800 1596 2853 loco
1619 2800 1815 2852 convenerunt
1838 2794 1869 2849 in

1016 2908 1119 2962 unum,
1138 2889 1375 2946 concurrentibus
1394 2904 1480 2960 quam
1500 2885 1632 2957 plurimis
1651 2884 1785 2940 studiosis
1804 2888 1866 2938 tur-

1017 2981 1118 3052 bisque
1130 2978 1259 3042 euriosis,
1275 2981 1304 3032 et
1319 2976 1424 3048 apertis
1436 2974 1612 3030 notariorum
1622 2971 1726 3028 tabulis
1736 2976 1758 3041 ⁴,
1772 2971 1870 3042 dispu-

1017 3068 1087 3124 tatio
1109 3071 1202 3138 coepta
1215 3066 1320 3139 primo,
1342 3071 1371 3119 et
1393 3063 1517 3118 secundo
1532 3060 1614 3116 linita
1632 3066 1676 3116 est
1692 3060 1747 3115 die.
1766 3061 1799 3115 ln
1813 3075 1871 3131 qua

1018 3158 1066 3212 ille
1081 3156 1252 3212 llauichaeus
1261 3156 1431 3226 praeceptor,
1448 3156 1479 3206 ut
1490 3155 1635 3222 gestorum
1645 3149 1775 3204 continet
1786 3148 1868 3214 tides,

1019 3263 1070 3301 nce
1091 3244 1260 3300 catholicam
1282 3241 1468 3296 assertionem
1492 3238 1585 3310 potuit
1598 3254 1729 3305 vacuare,
1744 3253 1797 3292 nec
1812 3237 1868 3292 lda-

1020 3335 1196 3390 nichaeorum
1211 3337 1317 3387 sectam
1333 3329 1449 3384 veritate
1465 3327 1615 3382 subnixam
1630 3327 1719 3381 valuit
1736 3341 1868 3396 compro·

1019 3423 1087 3478 hare
1105 3439 1112 3478 :
1136 3421 1185 3477 sed
1201 3418 1386 3491 responsione
1400 3415 1534 3471 delicians
1549 3413 1570 3482 ⁵,
1585 3414 1687 3469 ultimo
1699 3413 1869 3468 collaturum

1020 3529 1049 3566 se
1064 3518 1129 3566 enm
1145 3509 1204 3564 suis
1227 3506 1384 3578 majoribus
1399 3521 1442 3570 ea,
1464 3520 1529 3575 qum
1550 3503 1678 3558 refellere
1694 3518 1750 3556 uon
1765 3501 1869 3573 potuit,

1020 3603 1188 3672 prosecutus
1213 3602 1270 3664 est,
1287 3601 1316 3650 et
1341 3594 1365 3648 si
1388 3593 1441 3647 sibi
1468 3593 1541 3647 ferte
1557 3591 1592 3646 de
1605 3591 1651 3646 his
1667 3592 1736 3645 satis
1751 3590 1871 3645 minime

1019 3689 1160 3752 iecissent,
1191 3701 1250 3740 suae
1278 3682 1383 3737 auimae
1412 3680 1610 3735 consulturum
1636 3695 1642 3733 :
1672 3684 1758 3751 atque
1781 3679 1873 3733 itaah

1022 3777 1156 3832 omnihus
1167 3773 1242 3845 apud
1258 3788 1331 3845 quos
1345 3785 1467 3842 maguus
1479 3772 1508 3824 ct
1518 3768 1616 3823 doctus
1626 3768 1784 3836 videbatur,
1799 3767 1872 3823 nihil

1021 3867 1143 3922 valuisse
1167 3863 1198 3919 in
1221 3879 1281 3918 suae
1305 3865 1388 3915 sectae
1412 3858 1566 3914 assertione
1587 3857 1732 3928 judicatus
1746 3861 1797 3912 est.
1814 3857 1875 3922 Qua

1022 3957 1070 4011 illa
1084 3952 1250 4009 confusione
1271 3950 1400 4015 allectus,
1425 3952 1454 4002 et
1468 3947 1600 4018 sequenti
1612 3952 1741 4017 tempore
1756 3945 1791 4000 de
1807 3946 1874 4018 ilip-

1022 4041 1144 4115 ponensi
1166 4040 1280 4095 civitate
1302 4037 1457 4109 proiectus,
1473 4035 1509 4090 ad
1529 4050 1593 4087 eam
1615 4032 1738 4104 amplius
1757 4049 1815 4087 non
1828 4048 1873 4088 re·

1023 4130 1128 4186 meavit
1141 4147 1148 4184 :
1160 4145 1192 4184 ac
1201 4128 1241 4183 sie
1252 4128 1505 4200 permemoratum
1520 4122 1570 4177 Dei
1583 4121 1731 4176 hominem
1745 4120 1874 4176 onmium

1024 4220 1165 4282 cordibus,
1183 4217 1227 4271 vel
1242 4215 1293 4288 qui
1312 4215 1442 4281 aderant,
1466 4212 1511 4267 vel
1530 4210 1580 4281 qni
1595 4210 1726 4264 absentas
1740 4206 1790 4261 illa
1811 4221 1876 4277 quae

1024 4313 1103 4383 gesta
1118 4311 1186 4362 sunt
1209 4308 1413 4376 cognoverant,
1437 4316 1517 4355 error
1530 4299 1578 4353 ille
1599 4297 1718 4363 ablatus,
1735 4292 1876 4350 catholiea

1026 4403 1068 4454 est
1080 4396 1214 4453 intimata
1231 4410 1261 4448 ae
1275 4397 1387 4448 retenta
1401 4391 1510 4446 sincera
1525 4386 1636 4457 religio.

1025 4506 1137 4563 CAPUT
1150 4504 1209 4558 llll.
1225 4532 1261 4544 -
1274 4501 1352 4557 Libri
1366 4504 1391 4556 et
1404 4502 1536 4553 tractulus
1549 4494 1701 4562 ilnpnstini
1710 4496 1804 4548 contro
1812 4489 1877 4560 fidet

1061 4599 1147 4653 hostes
1160 4594 1194 4649 ab
1208 4596 1276 4664 ipsis
1290 4593 1371 4646 etium
1386 4588 1517 4643 hereticis
1528 4586 1632 4652 timenti
1646 4582 1745 4638 ardore
1759 4581 1874 4650 excepti.

1064 4706 1096 4759 Et
1129 4701 1249 4756 docebat
1271 4714 1303 4752 ae
1332 4693 1502 4768 praedicabat
1528 4692 1576 4746 ille
1599 4688 1736 4761 privatim
1764 4691 1793 4743 et
1818 4703 1873 4759 pu·

1060 4829 1066 4862 ¹
1083 4825 1126 4898 hic
1142 4824 1203 4872 lllss.
1220 4820 1289 4871 Editi
1301 4831 1364 4868 vero
1383 4816 1487 4875 :Onam
1501 4812 1712 4876 plurimoselecs
1726 4813 1749 4862 et
1759 4812 1878 4876 persert-

1028 4886 1233 4999 aqsgqssqggaetx
1242 4942 1305 4993 Cdd.
1316 4940 1410 4999 Vatia,
1421 4936 1473 4989 vel.
1488 4937 1629 5001 rtdoptuvit
1638 4941 1728 4986 tumen
1741 4947 1830 4985 vorem
1843 4936 1877 4994 et,

1028 5013 1104 5076 eujus
1116 5010 1153 5060 rei
1167 5009 1212 5057 dat
1226 5006 1355 5056 rationem
1369 5004 1538 5063 sequentem:
1553 5017 1567 5045 u
1580 4999 1649 5048 Nihil
1660 4999 1687 5048 in
1697 5002 1771 5047 textu
1786 4996 1880 5044 immu-

1029 5076 1151 5131 tavimus,
1167 5068 1340 5120 Purisiensem
1357 5063 1438 5113 seculi
1455 5062 1608 5119 editionem,
1624 5061 1743 5124 quamvis
1758 5070 1811 5107 nou
1832 5057 1879 5106 ab·

1028 5142 1107 5188 surde
1126 5133 1177 5198 legi
1198 5130 1290 5195 possit,
1313 5132 1342 5177 ut
1364 5125 1391 5175 hi
1405 5126 1458 5175 duo
1473 5125 1577 5174 codices
1591 5125 1688 5183 lerunt,
1703 5121 1805 5170 terente
1820 5119 1879 5169 loeo

1028 5198 1108 5264 paulo
1119 5200 1190 5246 ante.
1205 5214 1217 5236 u
1252 5193 1288 5240 Μ.

1059 5266 1069 5297 ²
1084 5259 1152 5309 liditi
1169 5272 1175 5305 τ
1188 5255 1291 5306 seems
1300 5251 1474 5313 Arreustinam
1483 5249 1678 5312 presbyterum.
1691 5244 1771 5293 Abest
1780 5248 1882 5306 Auens·

1029 5327 1119 5375 tinum
1131 5335 1146 5370 a
1160 5320 1222 5368 lllas.

1059 5390 1070 5423 ⁸
1085 5383 1148 5434 Cdd.
1167 5383 1227 5430 hlss.
1245 5394 1251 5428 ε
1271 5381 1300 5429 El
1311 5378 1413 5443 opertis
1423 5373 1522 5424 notarii
1536 5369 1639 5422 tabells.

1060 5446 1186 5497 ⁵Sulinos
1202 5458 1208 5491 τ
1227 5443 1276 5492 Sed
1290 5438 1458 5503 responsione
1469 5432 1589 5498 deficiens
1598 5432 1704 5484 ultima,
1719 5427 1881 5482 collaturum

1028 5525 1062 5568 se,
1079 5514 1128 5560 etc.
1141 5508 1214 5557 lianc
1226 5503 1333 5568 subjicit
1344 5500 1507 5551 notationem
1519 5511 1524 5544 :
1538 5496 1577 5544 lte
1589 5492 1681 5556 legunt
1691 5492 1752 5541 hlss.
1767 5497 1882 5557 quatuor

1028 5573 1103 5628 cdd..
1117 5575 1145 5621 et
1164 5567 1272 5632 quidem
1286 5568 1363 5615 recte.
1378 5561 1444 5612 Aliae
1457 5571 1519 5609 vero
1533 5554 1663 5606 editiones
1684 5568 1690 5604 :
1706 5553 1758 5605 sed
1776 5568 1883 5620 respon·

1029 5637 1105 5687 sione
1119 5628 1247 5699 miricas,
1265 5627 1362 5679 ultimo
1375 5622 1538 5675 collatarum
1554 5631 1588 5676 se,
1609 5619 1659 5669 etc.
1683 5615 1772 5668 codex
1786 5630 1857 5668 unae
1875 5630 1882 5665 ι

1032 5687 1410 5750 vllimeoottatsrsmse.ete.
1443 5682 1477 5733 11.
