3884 6112
136 182 200 234 1171

132 311 174 352 me
192 296 319 351 liberabit
332 295 366 351 de
383 308 493 364 corpore
515 295 609 348 mortis
628 290 911 360 rerurrectione
930 304 981 361 per

132 386 223 441 lesum
237 385 374 442 christum
392 384 541 439 Dominum
554 385 676 436 nostram
692 380 779 449 (Rom.
793 394 840 444 vu,
854 381 899 443 bl,
921 377 978 449 11).

135 473 227 528 Μ1111
242 471 330 544 igitur
349 463 455 525 animes
467 485 582 524 servans
601 468 741 538 impetum
757 481 851 533 suum,
867 469 896 520 et
910 479 981 519 nou·

136 561 205 617 dum
221 561 386 625 exstinctus,
407 559 437 613 in
453 557 590 612 memoria
606 572 666 611 esse
681 553 785 610 dicitur
801 571 808 608 :
824 558 852 609 et
872 569 938 609 cum
951 552 982 607 in

135 649 214 705 aliud
223 647 384 704 intenditur
393 646 516 710 animus,
532 643 614 715 quasi
626 659 685 698 non
695 643 770 697 inest
783 640 879 696 animo
889 639 983 712 pristi-

136 753 191 793 nus
205 742 311 806 motus,
327 731 622 798 11111111111111111,
636 730 692 786 nisi
702 735 856 802 antequem
870 728 984 785 interci-

135 826 193 895 dat,
208 825 332 897 quadam
345 821 487 877 vicinitate
502 825 664 876 renovetur.

174 916 215 968 15.
241 912 295 967 Sed
309 911 396 966 velim
422 911 505 973 scire,
521 914 618 963 utrum
643 912 671 964 te
692 908 827 964 adversus
840 906 895 962 isla
911 904 984 960 nihil

134 1004 257 1054 moveat.
279 1001 317 1054 D.
334 997 525 1054 Probabiliter
540 995 613 1051 mihi
628 995 722 1051 dicere
737 995 850 1061 videris,
867 1009 918 1048 uec
932 1008 983 1047 au-

134 1087 190 1143 sim
211 1087 352 1142 resistere.
377 1086 420 1140 M.
446 1087 516 1141 Cum
540 1083 629 1155 igilur
642 1084 737 1156 ipsum
751 1083 857 1138 sentire
871 1095 985 1136 movere

135 1175 173 1231 sit
186 1190 290 1246 corpus
305 1174 438 1229 adversus
453 1174 535 1228 illum
547 1177 658 1227 motum
673 1171 766 1244 quiin
781 1187 813 1226 eo
827 1170 917 1225 factus
932 1172 983 1236 est,

136 1279 232 1318 nonne
252 1262 396 1317 existimas
415 1261 481 1316 ideo
500 1277 552 1315 uos
571 1275 630 1315 uon
655 1259 760 1314 sentire
784 1275 849 1313 cum
872 1273 935 1312 ossa
959 1260 987 1310 et

136 1367 246 1423 ungues
268 1356 297 1406 et
316 1349 413 1421 capilli
437 1353 578 1415 secantur,
600 1364 659 1403 non
682 1347 751 1420 quie
773 1347 827 1402 ista
849 1347 880 1401 iu
904 1344 987 1400 nubis

137 1439 256 1495 omnino
269 1437 447 1504 nenvivuut,
457 1452 516 1491 non
525 1435 695 1491 animaliter
709 1441 758 1490 eut
771 1434 987 1490 continerentur
1010 1477 1017 1492 .

139 1531 190 1582 aut
204 1526 384 1582 nutrirentur
405 1530 456 1580 aut
475 1527 643 1592 crescerent,
658 1529 709 1580 eut
726 1524 812 1579 etiam
834 1524 891 1578 vim
906 1538 987 1578 suam

50 1615 52 1619 ’
137 1614 171 1670 11
185 1614 306 1669 serenda
321 1614 401 1685 prole
415 1617 623 1681 monstrarent;
640 1613 690 1669 sed
704 1612 771 1685 quia
786 1615 882 1667 miuus
895 1611 986 1666 libero

139 1719 205 1761 aere
220 1707 418 1776 penetrentur,
440 1702 540 1758 mobili
563 1703 670 1757 scilicet
681 1703 833 1767 elemento,
851 1717 938 1773 quum
957 1705 988 1755 ut

140 1797 234 1848 motus
246 1791 287 1847 ibi
301 1791 392 1863 possit
400 1791 435 1846 ab
446 1792 542 1846 anima
552 1791 615 1846 fleri
625 1796 684 1846 tam
692 1791 777 1856 celer,
789 1805 876 1863 quam
887 1793 929 1844 est
939 1789 987 1844 illa

139 1882 273 1937 adversus
288 1895 375 1952 quem
389 1879 423 1934 fit
436 1895 502 1935 cum
516 1879 621 1935 sentire
635 1879 748 1935 dicitur.
765 1879 840 1935 Telis
856 1878 988 1950 quaedem

140 1969 197 2026 vita
209 1984 275 2024 cum
290 1968 320 2022 in
334 1969 485 2024 arboribus
499 1973 584 2040 atque
599 1968 734 2039 stirpibus
745 1967 854 2023 caeteris
867 1982 929 2021 esse
942 1965 989 2020 in·

139 2057 297 2129 telligatur,
312 2056 392 2112 nullu
402 2057 488 2112 modu
501 2073 565 2112 eam
578 2073 636 2111 non
649 2057 741 2112 solum
751 2060 856 2111 nostrae
870 2072 934 2127 quta
945 2070 989 2110 ra·

138 2145 321 2202 111111111111
340 2146 499 2217 prepollet,
523 2145 573 2201 sed
593 2161 629 2200 ne
644 2145 700 2216 ipsi
721 2145 840 2216 quidem
854 2144 989 2200 belluinae

139 2231 222 2288 decet
243 2247 422 2303 preponere.
443 2232 528 2288 eliud
542 2237 585 2287 est
599 2233 677 2288 euim
696 2249 808 2289 summa
822 2233 988 2304 stoliditate,

140 2320 219 2376 aliud
233 2336 346 2375 summa
362 2320 481 2376 sanitate
503 2321 630 2392 corporis
645 2320 718 2377 nihil
732 2323 848 2377 sentire.
864 2323 936 2378 Nam
958 2321 989 2377 in

143 2407 234 2463 altero
257 2408 448 2463 instrumenta
470 2408 582 2474 desunt,
608 2424 673 2479 quar
695 2408 830 2463 adversus
844 2409 989 2480 passiones

141 2494 456 2566 corperismoveautur,
465 2495 497 2550 in
506 2496 596 2552 alteru
605 2496 837 2568 ipsepassioues.
846 2498 883 2553 D.
896 2497 988 2554 Probo

143 2587 173 2637 11
186 2582 336 2637 assentior.

141 2670 255 2726 CAPUT
269 2670 314 2725 v1.
329 2699 363 2711 -
378 2672 452 2726 later
465 2685 563 2739 1111111
578 2686 749 2728 nemeaeum
762 2672 838 2741 ordo,
853 2677 880 2728 et
899 2688 990 2728 eorum

506 2762 626 2814 nomiua

179 2846 223 2899 lb.
246 2846 284 2901 Μ.
310 2845 382 2901 Redi
405 2861 473 2918 ergo
496 2862 610 2903 meeum
633 2848 670 2904 ed
692 2847 882 2921 propositum,
902 2853 989 2921 atque

109 3004 112 3010 1
141 2936 283 3008 responde
297 2936 333 2992 de
347 2936 440 2992 tribus
461 2937 518 2992 illis
534 2938 687 3009 generibus
702 2954 899 3007 numerorum,
914 2956 988 3011 quo-

142 3038 208 3078 rum
232 3023 353 3080 alterum
371 3023 403 3078 in
424 3025 564 3081 memoria
577 3031 630 3094 est,
645 3028 768 3083 alterum
782 3028 814 3082 in
829 3027 988 3096 sentiendo,

143 3109 265 3166 alterum
284 3110 315 3165 in
338 3127 417 3177 sono,
446 3113 591 3184 quodnam
613 3114 666 3169 tibi
688 3115 818 3171 videatur
841 3115 988 3171 excellere.

142 3198 180 3254 D.
196 3197 305 3253 Sonum
320 3198 432 3254 duobus
446 3199 503 3255 illis
516 3206 656 3273 postpono
679 3219 745 3274 quae
763 3203 794 3258 in
813 3204 909 3259 anima
923 3209 991 3260 suut

144 3289 173 3342 et
192 3286 292 3341 vivunt
309 3287 523 3359 quodammodo
548 3306 555 3343 :
581 3290 631 3345 sed
646 3290 749 3345 horum
764 3291 888 3347 duorum
912 3292 990 3361 quod

142 3373 326 3447 prestantius
340 3375 478 3447 judicem,
501 3376 628 3432 incertus
647 3393 723 3446 sum,
742 3378 797 3433 nisi
819 3379 891 3434 lorte
916 3396 989 3452 quu-

143 3463 222 3518 uiam
236 3463 302 3519 illos
320 3464 372 3535 qui
393 3468 461 3520 suut
475 3464 506 3520 in
520 3465 642 3535 actione,
657 3482 718 3521 non
731 3467 767 3522 ob
782 3466 861 3523 aliud
874 3483 989 3540 prepo-

142 3552 296 3607 nendosiis
310 3552 361 3625 qui
376 3557 443 3608 sunt
459 3552 488 3609 in
503 3553 643 3609 memoria
655 3553 829 3625 dixeramus,
843 3555 900 3611 nisi
912 3556 991 3628 quod

142 3639 185 3694 illi
199 3640 334 3720 iacientes
346 3645 422 3707 sunt,
436 3641 483 3697 isti
493 3643 528 3697 ab
541 3642 586 3698 bis
596 3641 662 3698 fecti
673 3660 680 3711 ;
691 3643 792 3700 eedem
802 3643 911 3699 ratione
920 3643 990 3699 istos

143 3728 230 3784 111111
248 3729 381 3801 quidum
401 3730 534 3785 audimus
550 3731 648 3786 insunt
661 3732 692 3787 in
706 3732 814 3803 anima,
829 3736 942 3804 oportet
955 3733 991 3787 iis

143 3821 318 3887 anteponere
330 3817 380 3888 qui
394 3819 430 3873 ab
448 3818 551 3874 iisdem
568 3819 601 3875 iu
613 3820 755 3875 memoria
767 3821 850 3886 dunt,
867 3821 949 3877 sicuti
963 3825 991 3876 et

144 3903 253 3959 dudum
275 3904 346 3960 mihi
366 3904 525 3961 videbatur.
551 3909 591 3964 Μ.
617 3907 678 3961 Non
694 3910 764 3978 puto
778 3907 931 3963 absurdam
945 3925 989 3963 re·

144 3991 328 4063 sponsionem
340 3997 420 4047 tuam
436 4009 443 4047 :
461 3993 510 4048 sed
525 3993 664 4064 quoniam
679 3993 856 4066 disputatum
869 3999 921 4064 est,
937 3997 990 4053 hos

144 4079 230 4135 1111111
243 4080 372 4153 quisunt
384 4080 574 4138 insentiendu
587 4097 723 4137 numeros
736 4082 918 4154 operationes
929 4101 991 4141 esse

143 4169 264 4236 enimae;
280 4170 425 4241 11111111
446 4186 493 4226 111
507 4170 543 4225 ab
557 4169 614 4225 illis
627 4170 775 4240 discernis,
795 4188 866 4244 quos
880 4172 912 4227 iu
926 4179 991 4229 ectu

143 4274 204 4314 esse
227 4258 491 4327 animadvertimus,
516 4258 602 4314 etiam
618 4275 682 4314 cum
699 4260 730 4315 in
744 4260 858 4316 silentio
872 4277 932 4317 uon
945 4277 991 4317 re·

143 4348 262 4404 eordans
281 4348 340 4418 egit
352 4347 461 4420 aliquid
472 4347 568 4403 anime
579 4363 632 4419 per
645 4349 814 4421 temporalia
828 4350 919 4422 spatia
932 4365 990 4405 nu-

142 4451 287 4491 merosum
298 4437 327 4491 11
337 4451 374 4491 111
388 4436 465 4507 quod
480 4435 524 4492 illi
533 4439 599 4490 sunt
608 4438 749 4492 moventis
763 4453 825 4492 sese
835 4439 939 4494 enimse
954 4438 990 4494 ad

142 4537 246 4592 corpus
273 4537 368 4590 suum,
393 4521 424 4577 hi
447 4538 515 4577 vero
539 4522 570 4576 11
595 4522 740 4578 11111111
766 4524 906 4579 moventis
928 4541 989 4580 sese

142 4608 247 4664 animae
269 4610 403 4666 adversus
425 4610 573 4683 passiones
597 4611 724 4683 corporis
739 4613 802 4666 sui‘l
820 4613 858 4669 D.
873 4613 988 4685 Accipio

141 4694 224 4751 istam
246 4697 447 4754 differentiam.
475 4701 513 4755 Μ.
543 4699 633 4765 Quidl
653 4699 684 4754 in
705 4700 846 4756 sententia
870 4716 989 4757 manen·

141 4785 249 4839 dumne
262 4785 417 4854 arbitraris,
434 4792 466 4842 ut
477 4788 692 4859 prestantiores
705 4788 750 4844 illi
761 4788 925 4860 judicentur
939 4790 989 4861 qui

141 4873 258 4928 suntad
273 4888 387 4944 corpus,
399 4891 486 4947 quam
499 4876 544 4931 illi
558 4877 609 4948 qui
618 4881 686 4931 sunt
695 4878 829 4932 adversus
843 4878 989 4948 passiones

140 4961 288 5034 corporis?
303 4961 341 5016 D.
357 4962 516 5019 liberiores
531 4964 603 5020 mihi
612 4965 747 5021 videntur
759 4965 802 5020 illi
816 4967 866 5038 qui
879 4971 945 5022 sunt
958 4968 989 5022 in

141 5049 263 5119 silentio,
274 5065 361 5122 quam
376 5049 397 5104 ii
409 5050 459 5122 qui
471 5067 530 5106 non
543 5053 638 5107 solum
648 5053 684 5109 ad
695 5070 808 5125 corpus,
818 5055 866 5110 sed
880 5055 916 5110 ad
927 5071 989 5127 pas·

140 5139 234 5195 aiones
244 5138 330 5195 etiam
340 5137 468 5209 corporis
482 5146 660 5196 exseruntur.
669 5143 713 5198 M.
721 5142 883 5199 Distinctua
895 5143 988 5213 nobis,

139 5229 348 5301 atquibusdam
358 5227 989 5305 meritorumgradibusordinatavideoquiu-

172 5357 180 5389 ¹
194 5354 263 5405 Editl
275 5391 280 5403 .
292 5357 345 5406 Per
356 5351 513 5425 temporalia
523 5355 608 5417 spatia
620 5366 801 5406 numerorum.
812 5357 987 5420 Reposulmus

139 5427 324 5479 nemeaeum,
337 5431 369 5468 11
383 5419 538 5467 auctoritate
551 5429 597 5466 sex
610 5417 860 5482 manuscriptorum.

772 173 820 228 DE
838 173 980 240 mustus,
1001 171 1029 229 S.

1050 167 1243 233 bueusvutr
1837 163 1900 215 llll

1037 304 1093 361 que
1102 299 1413 361 generanumsrorum,
1424 285 1540 358 qulbus,
1552 284 1580 340 si
1588 282 1706 356 placet,
1716 279 1901 353 impensae

1036 393 1163 449 congrua
1185 375 1332 437 vocabula.
1357 375 1447 430 nain
1470 373 1585 446 reliquo
1611 385 1758 427 sermone
1774 369 1901 441 pluribus

1038 465 1130 522 verbis
1155 480 1241 534 quem
1264 464 1349 519 rebus
1373 463 1416 518 uti
1438 460 1617 518 accessesit.
1634 461 1678 514 D.
1698 459 1804 514 Placet
1830 474 1900 514 vero.

1036 555 1074 610 Μ.
1089 555 1231 608 Vocantur
1244 568 1312 624 ergo
1322 550 1411 622 primi
1420 549 1580 622 judiciales,
1596 546 1726 604 secundi
1737 560 1901 618 progresso

1036 658 1092 709 res,
1107 641 1184 697 tertii
1199 656 1371 705 occursores,
1394 639 1488 711 quarti
1508 636 1725 704 recordabiles,
1742 635 1900 707 (111111111-

1037 735 1148 786 nantes.
1160 729 1197 784 D.
1214 731 1317 794 Teneo,
1333 733 1362 782 et
1375 727 1420 782 his
1435 726 1603 782 nominibus
1620 729 1698 782 utar
1712 722 1866 780 libentius.

1038 818 1151 874 CAPUT
1165 817 1224 871 Vll.
1240 844 1277 856 -
1292 816 1404 874 Numeri
1417 814 1564 885 judiciales
1578 829 1616 869 11
1640 814 1705 869 stat
1719 812 1897 867 immortales.

1075 910 1118 962 17.
1136 909 1172 962 Μ.
1195 904 1317 960 Atteude
1337 903 1426 974 igitur
1444 901 1588 974 deinceps,
1608 907 1641 958 11
1664 900 1716 956 111
1738 898 1828 968 milri,
1843 901 1899 972 qui·

1039 1010 1107 1049 nam
1120 993 1241 1048 istorum
1248 992 1425 1047 immortales
1435 991 1487 1047 tibi
1498 991 1665 1057 videantur,
1679 1006 1720 1044 an
1730 1005 1840 1044 omues
1848 988 1899 1043 suis

1038 1082 1216 1156 temporibus
1230 1081 1288 1136 labi
1303 1085 1389 1152 atque
1404 1080 1531 1136 occidere
1540 1077 1710 1135 existimes.
1723 1079 1766 1133 D.
1781 1077 1898 1133 iudicia·

1040 1172 1081 1226 les
1095 1170 1170 1225 solos
1184 1169 1360 1225 immortales
1373 1173 1459 1240 puto;
1480 1174 1597 1223 ceteros
1611 1166 1704 1222 video
1719 1166 1771 1221 vel
1786 1165 1898 1220 transire

1040 1274 1107 1314 cum
1118 1257 1201 1326 fiunt,
1218 1260 1263 1313 vel
1277 1258 1313 1313 de
1325 1256 1465 1312 memoria
1485 1256 1631 1312 oblivione
1649 1253 1762 1310 deleri.
1779 1257 1820 1310 Μ.
1841 1255 1899 1310 ’111

1041 1351 1135 1402 certus
1149 1362 1179 1402 es
1193 1347 1228 1401 de
1241 1346 1365 1401 istorum
1379 1344 1603 1409 immortalitate,
1621 1358 1719 1415 quam
1735 1342 1776 1397 de
1791 1341 1899 1397 interitu

1041 1438 1228 1501 ceterorum
1246 1448 1282 1488 eu
1292 1433 1466 1505 diligentius,
1482 1436 1660 1487 utrumvere
1675 1432 1709 1487 111
1726 1432 1900 1487 immortales

1041 1521 1109 1589 sint,
1133 1526 1249 1592 oportet
1265 1519 1418 1593 quereret
1436 1520 1473 1576 D.
1497 1521 1670 1586 Quaeramus
1695 1536 1784 1576 sene.
1801 1519 1900 1576 111111

1042 1626 1121 1682 ergo,
1136 1626 1202 1666 cum
1217 1609 1365 1681 eliquanto
1379 1609 1537 1681 correptius
1552 1609 1612 1665 eive
1628 1609 1828 1681 productius,
1840 1609 1900 1664 dum

1042 1699 1164 1755 serviam
1184 1703 1346 1770 temporum
1361 1698 1489 1771 legique
1502 1698 1605 1771 simplo
1619 1697 1807 1769 adduplum
1823 1698 1900 1771 pedes

1041 1788 1225 1855 conveniunt,
1253 1802 1367 1843 versum
1395 1787 1560 1859 pronuntio,
1590 1802 1668 1841 num
1699 1787 1827 1842 offendo
1850 1786 1900 1841 ulla

1041 1875 1141 1931 fraude
1148 1874 1290 1946 judicium
1298 1891 1398 1930 sensus
1408 1874 1468 1930 tnil
1476 1875 1512 1930 D.
1532 1875 1594 1929 Nou
1604 1874 1748 1930 omnino.
1760 1878 1803 1931 Μ.
1815 1874 1900 1940 01111

1043 1980 1129 2019 11111
1139 1964 1189 2020 1111
1202 1964 1253 2036 qui
1267 1964 1487 2035 correptioribus
1502 1967 1531 2018 et
1541 1962 1625 2035 quasi
1635 1962 1899 2036 fugacioribussyl·

1043 2052 1114 2108 lehis
1123 2052 1229 2120 editur,
1240 2068 1311 2107 num
1322 2056 1415 2124 potest
1426 2052 1492 2123 plus
1504 2050 1645 2122 temporis
1658 2067 1812 2123 occupare
1823 2066 1900 2124 11111

1043 2141 1145 2197 sonat?
1158 2143 1195 2197 D.
1217 2141 1271 2207 Qui
1284 2142 1398 2214 petest?
1410 2141 1453 2198 M.
1467 2139 1621 2196 iudiciales
1636 2155 1712 2213 ergo
1727 2141 1776 2195 illi
1796 2141 1900 2196 numeri

1044 2231 1068 2285 si
1082 2230 1195 2285 viuculo
1209 2230 1347 2302 temporis
1360 2229 1391 2284 in
1404 2233 1483 2284 tento
1499 2229 1591 2299 spatio
1605 2233 1903 2302 tenerentur,quauto

1043 2319 1091 2374 isti
1102 2308 1237 2374 ¹sonantes
1251 2318 1354 2390 digesti
1366 2324 1446 2384 suut;
1460 2322 1614 2390 possentne
1627 2319 1668 2373 ad
1683 2334 1798 2374 eorum
1811 2334 1903 2374 sonan

1043 2408 1118 2464 tium
1126 2407 1272 2480 quipeulo
1281 2407 1447 2480 productius
1457 2407 1556 2462 eadem
1566 2406 1902 2480 iambicalegefundnn·

1043 2500 1100 2564 tur,
1128 2495 1255 2568 aspirare
1274 2496 1436 2568 judicium?
1454 2497 1489 2550 D.
1512 2496 1595 2551 Nullo
1619 2496 1726 2551 modo.
1752 2499 1796 2553 Μ.
1824 2497 1903 2568 igitur

1043 2588 1164 2655 apparet
1178 2584 1232 2640 hos
1249 2600 1332 2640 more
1345 2589 1520 2656 temporum,
1542 2583 1593 2656 qui
1614 2583 1790 2655 judicando
1814 2583 1902 2657 presi·

1043 2674 1123 2743 dent,
1136 2689 1197 2728 non
1207 2673 1311 2728 teneri.
1328 2674 1364 2728 D.
1381 2675 1501 2729 Prorsus
1512 2677 1647 2745 apparet.

1081 2764 1123 2817 18.
1139 2764 1177 2817 Μ.
1194 2763 1280 2818 Recta
1290 2761 1403 2817 annuis.
1417 2761 1472 2818 Sed
1488 2762 1512 2816 si
1522 2762 1602 2816 nulla
1611 2767 1809 2833 tenerentur,
1820 2778 1901 2835 quau·

1043 2848 1143 2904 tulibet
1158 2849 1336 2922 productius,
1355 2848 1491 2921 legitimis
1504 2849 1667 2905 intervallis
1679 2849 1830 2906 iambicos
1842 2867 1900 2923 pro·

1043 2936 1149 2992 ferrem
1165 2936 1455 3007 sonos,nihilominus
1471 2936 1716 3008 adjudicandum
1732 2939 1900 2994 adhiberen-

1043 3029 1110 3080 tur:
1126 3040 1201 3080 uuna
1211 3041 1277 3080 vero
1288 3024 1312 3080 si
1321 3024 1437 3080 ederem
1448 3040 1534 3080 unam
1545 3025 1692 3097 syllabam
1704 3032 1822 3099 quauta
1829 3042 1899 3083 mors

1043 3119 1222 3186 peraguntur
1235 3113 1281 3185 (111
1291 3113 1415 3168 multum
1424 3113 1526 3185 dicem)
1537 3118 1594 3169 tres
1604 3129 1718 3184 passus
1734 3115 1897 3179 incedentis,

1044 3206 1074 3256 et
1084 3200 1170 3256 eliam
1184 3200 1284 3273 duplo,
1299 3203 1384 3271 atque
1396 3199 1436 3255 ita
1448 3200 1582 3272 deinceps
1593 3205 1658 3256 tam
1669 3203 1784 3276 longos
1798 3205 1899 3261 iambos

1044 3289 1222 3356 ordinarem,
1237 3287 1333 3359 simpli
1347 3292 1377 3343 11
1391 3287 1471 3359 dupli
1481 3290 1526 3344 lex
1541 3289 1592 3344 illa
1607 3290 1809 3348 nihilosecius
1819 3307 1900 3348 serva·

1044 3381 1124 3434 retur
1138 3392 1145 3433 :
1161 3393 1215 3432 nec
1227 3380 1326 3432 111111
1340 3377 1469 3432 naturale
1480 3376 1553 3433 illud
1564 3376 1720 3449 judicium
1734 3380 1783 3436 his
1798 3382 1898 3437 dimen-

1044 3465 1172 3522 sionibus
1184 3465 1376 3536 approbandis
1391 3465 1526 3520 adhibere
1538 3481 1707 3536 possemus.
1725 3472 1772 3525 An
1785 3469 1837 3525 tibi
1849 3485 1898 3524 nou

1045 3554 1175 3610 videtur‘l
1189 3555 1227 3609 D.
1244 3555 1354 3624 Negare
1370 3569 1429 3609 non
1441 3568 1557 3625 possum
1570 3553 1613 3608 ita
1621 3554 1722 3611 videri
1740 3574 1748 3612 :
1762 3573 1831 3614 nam
1843 3572 1898 3612 mea

1045 3642 1160 3716 quidem
1176 3641 1317 3697 sententie
1330 3657 1376 3697 res
1389 3642 1420 3696 iu
1434 3646 1532 3713 aperto
1548 3647 1599 3697 111
1614 3645 1654 3700 Μ.
1670 3645 1826 3702 Tenentur
1838 3662 1897 3718 ergo

1044 3721 1074 3787 11
1087 3731 1119 3786 hi
1129 3730 1279 3803 judiciales
1290 3729 1437 3786 nonnullis
1450 3730 1555 3786 linibus
1569 3735 1787 3804 temporalium
1801 3735 1895 3808 spetio-

1045 3835 1120 3886 rum,
1134 3835 1205 3892 quus
1219 3818 1415 3892 injudicando
1437 3819 1572 3875 excedere
1589 3828 1763 3893 nequeunt,
1780 3828 1810 3879 et
1823 3824 1895 3897 quid·

1045 3908 1115 3982 quid
1128 3907 1238 3964 excedit
1249 3907 1311 3963 11111
1319 3907 1421 3979 spatie,
1432 3922 1491 3962 non
1500 3913 1697 3979 assequuntur
1711 3916 1746 3967 ut
1754 3911 1893 3982 judicent:

1045 3998 1131 4066 atque
1145 3994 1186 4050 ita
1199 3995 1223 4049 si
1243 3997 1386 4059 tenentur,
1411 3995 1556 4066 quomedo
1571 3994 1631 4050 sint
1645 3997 1834 4054 immortales
1847 4014 1894 4054 uon

1044 4081 1136 4138 video.
1151 4086 1184 4138 D.
1200 4083 1256 4138 Nec
1269 4097 1322 4154 ego
1335 4082 1418 4139 video
1429 4083 1499 4156 quid
1513 4084 1723 4155 respondeam.
1736 4087 1795 4144 Sed
1814 4104 1895 4162 quen·

1046 4185 1133 4242 quem
1146 4170 1181 4225 de
1194 4170 1408 4226 immortalitate
1418 4172 1522 4227 horum
1530 4173 1590 4245 jam
1600 4173 1705 4230 minus
1717 4192 1893 4249 praesumam,

1044 4274 1104 4314 nou
1119 4262 1215 4314 tamen
1230 4274 1287 4331 quo
1300 4264 1384 4332 pacto
1400 4261 1468 4316 hinc
1481 4262 1619 4316 mortales
1634 4265 1849 4321 convincantur
1860 4264 1895 4319 11-

1043 4347 1153 4419 telligo.
1178 4347 1253 4402 Fieri
1276 4348 1353 4404 enim
1375 4352 1475 4420 potest,
1499 4353 1532 4405 ut
1550 4354 1796 4426 quantecumque
1816 4353 1896 4426 spatia

1041 4435 1171 4508 judicare
1193 4440 1325 4507 possunt,
1352 4453 1465 4511 semper
1486 4438 1515 4494 id
1537 4439 1660 4509 possint,
1685 4443 1833 4513 quoniam
1846 4457 1895 4496 non

1044 4525 1116 4580 sicut
1134 4529 1259 4593 ceteros,
1280 4531 1330 4581 aut
1350 4527 1494 4582 oblivione
1517 4527 1627 4582 aboleri
1648 4544 1777 4599 possum
1800 4533 1894 4596 dicere

1044 4618 1094 4669 aut
1104 4614 1213 4669 tamdiu
1229 4630 1291 4669 esse
1305 4615 1350 4670 vel
1363 4615 1393 4669 in
1405 4620 1515 4670 tantum
1530 4615 1806 4689 extendi,quamdiu
1818 4635 1895 4676 sonus

1044 4703 1200 4774 appellitur
1215 4706 1243 4757 et
1256 4702 1285 4756 iu
1301 4707 1441 4774 quantum
1457 4704 1651 4759 extenduntur
1663 4722 1837 4765 occursores
1849 4707 1894 4773 illi,

1044 4798 1094 4848 aut
1106 4791 1244 4864 quamdiu
1256 4796 1383 4862 agimtur
1393 4793 1437 4848 vel
1453 4797 1594 4865 quantum
1609 4794 1823 4864 producuntur
1833 4813 1895 4871 quos

1043 4895 1242 4952 progreseores
1257 4880 1433 4949 vocavimus;
1449 4897 1517 4936 nam
1531 4882 1648 4953 utrique
1661 4899 1734 4941 cum
1748 4885 1815 4958 ipso
1829 4893 1894 4942 tem·

1044 4983 1112 5040 pore
1126 4967 1301 5040 operationis
1315 4985 1374 5025 sue
1386 4973 1537 5026 transeunt
1553 4988 1561 5025 :
1575 4970 1724 5029 hiantem
1739 4975 1894 5047 judiciales,

1044 5059 1140 5111 utrum
1169 5060 1197 5112 et
1216 5056 1247 5111 in
1267 5056 1365 5114 anima
1387 5057 1495 5127 nescio,
1519 5059 1549 5113 in
1574 5058 1639 5131 ipsa
1665 5066 1748 5118 certe
1776 5061 1896 5119 hominis

1043 5147 1145 5200 natura
1165 5149 1292 5208 1111111,
1315 5146 1471 5218 judicaturi
1495 5146 1529 5203 de
1551 5147 1668 5216 oblatis,
1690 5165 1896 5223 quenqueme

1043 5238 1119 5289 certa
1139 5233 1276 5290 brevitate
1299 5235 1450 5307 usquead
1474 5240 1583 5290 certam
1608 5237 1831 5308 longitudinem
1852 5256 1895 5294 vu·

1042 5323 1164 5392 riantur,
1180 5323 1364 5396 approbando
1387 5323 1418 5379 in
1442 5323 1488 5381 bis
1502 5340 1667 5393 numerosa,
1685 5331 1718 5382 et
1733 5329 1897 5401 perturbate

1044 5411 1217 5469 damnando.
