3884 6112
107 205 173 260 ιιιι
578 197 732 255 ausura
751 197 913 256 ansatus
932 199 1101 257 rutena
1120 184 1381 258 annonarum.
1804 207 1808 255 ι

104 331 133 382 et
147 325 270 394 sordida,
286 323 376 381 totius
387 322 585 378 controversiae
596 321 719 394 speciem
735 322 790 377 sibi
799 321 953 378 vindicant.
1010 336 1176 395 augeamus,
1192 323 1236 377 vet
1250 322 1291 377 ita
1306 322 1382 377 varie
1395 325 1558 392 utrumque
1567 320 1763 382 misceamus,
1775 329 1808 378 utv

105 414 218 472 CAPUT
230 415 260 471 X.
278 441 313 456 -
326 411 399 479 Quid
417 412 546 465 utilitatis
571 427 629 479 pra
653 425 681 465 se
704 413 777 479 terat
801 410 955 482 fipnrarum
1008 394 1066 449 rius
1081 395 1171 466 partis
1184 393 1392 476 turpitudinem
1407 393 1528 474 alterius
1548 393 1700 473 honestas
1717 399 1800 519 teqat

395 481 529 551 ejusmodi
551 484 665 548 aquino,
1007 481 1064 537 que
1080 472 1176 520 tamen
1191 481 1256 520 cum
1271 469 1350 547 tanta
1359 470 1541 546 jactatione,
1551 468 1673 536 quanta
1686 480 1719 519 in
1735 466 1755 518 rl

1767 482 1808 519 ou

1008 537 1078 591 riori
1093 553 1198 609 genere
1226 541 1364 602 materie,
1385 536 1433 590 sed
1456 552 1544 609 quast
1559 551 1635 590 cum
1652 536 1808 607 quadame

1007 607 1087 662 denti
1095 607 1274 663 verecundia.
1289 606 1318 662 Si
1328 607 1356 662 iu
1368 623 1398 661 re
1409 608 1568 678 turpitudo
1579 606 1652 672 crit,
1665 613 1803 679 quantum

1027 679 1122 745 eterit,
1139 678 1319 734 evocabimus
1331 678 1457 750 judicem
1474 679 1511 733 ad
1529 693 1677 749 personae
1698 678 1808 748 dignita

1027 750 1036 802 i
1049 750 1080 803 in
1093 766 1225 820 persona,
1234 750 1270 804 ad
1285 749 1327 804 rei
1335 749 1507 820 dignitatem
1518 749 1610 821 quasi
1624 749 1663 803 de
1677 751 1808 819 pericula

1007 820 1142 875 tutiorem
1158 822 1251 875 locum
1268 820 1506 892 retugiemus‚sed
1524 820 1708 876 summatim
1723 821 1808 877 leviter

1007 891 1150 957 cedentes,
1181 898 1212 946 ut
1238 891 1383 962 despicere
1409 892 1508 962 potius
1540 891 1749 962 suspicionem
1775 909 1808 948 mr

1007 978 1094 1033 quam
1110 962 1212 1017 timere
1224 962 1380 1017 videamur.
1398 962 1619 1017 Laborabimus
1636 963 1808 1019 antemius

1006 1033 1124 1088 contusa
1136 1040 1259 1104 utraque
1273 1032 1411 1103 dignitato
1421 1033 1463 1088 rei
1477 1040 1508 1088 et
1519 1049 1678 1103 personae,
1690 1036 1757 1104 plus
1767 1035 1808 1091 fidv

1006 1103 1209 1170 inhonestate,
1233 1121 1319 1176 quam
1344 1111 1437 1159 metus
1452 1105 1482 1159 in
1505 1105 1705 1175 turpitudine
1720 1107 1808 1161 haben

1006 1174 1135 1229 deamur.
1151 1175 1204 1230 Sed
1221 1181 1251 1228 ut
1267 1174 1412 1246 limpidius
1426 1176 1481 1230 hoc
1496 1191 1598 1246 genus
1616 1176 1808 1247 principiaudi

1005 1245 1209 1316 prehendatur,
1225 1246 1298 1300 dabo
1313 1247 1478 1317 exemplum
1495 1248 1579 1318 quod
1590 1247 1749 1303 hahuitil.
1761 1249 1808 1304 Tull

1005 1331 1138 1387 cumpro
1162 1318 1197 1372 u.
1215 1317 1318 1373 Scauro
1333 1317 1512 1388 loqueretur.
1530 1320 1605 1372 Erat
1619 1319 1706 1373 euim
1722 1328 1808 1374 contro

1005 1387 1048 1441 sia
1061 1393 1202 1460 ἀμφίδοξος
1218 1389 1325 1459 quippe
1346 1389 1396 1460 qui
1417 1390 1568 1443 niteretur
1583 1389 1738 1470 dignitate
1784 1398 1808 1444 rt

1005 1458 1040 1512 bi.
1057 1458 1166 1526 Scauri,
1182 1464 1362 1530 premeretur
1377 1459 1565 1531 turpitudine
1589 1461 1734 1515 criminis
1764 1478 1778 1516 e
1788 1478 1808 1533 pv

1004 1529 1060 1582 niis
1073 1530 1250 1600 repetundis.
1268 1531 1426 1600 Utrumque
1437 1530 1466 1584 in
1478 1531 1640 1601 principio
1652 1533 1752 1587 statim
1762 1533 1808 1587 ita=

1004 1598 1078 1653 ludit
1103 1607 1209 1667 orator,
1234 1605 1265 1655 ut
1286 1607 1315 1655 et
1333 1601 1550 1672 turpitudinem
1577 1603 1724 1656 oriminis
1742 1603 1808 1676 digni

1004 1686 1134 1741 personae
1152 1676 1331 1743 contegeret;
1357 1687 1450 1753 neque
1471 1677 1579 1728 tamen
1600 1674 1733 1744 largiter
1745 1676 1807 1729 nimi

1004 1757 1098 1812 neque
1123 1743 1306 1808 exsultanter,
1335 1744 1383 1797 sed
1403 1748 1443 1798 ιιι
1459 1749 1489 1798 ut
1515 1751 1687 1815 expromat
1710 1746 1808 1801 nonnul

1003 1811 1090 1866 etiam
1105 1818 1199 1868 metus
1219 1813 1420 1884 suspicionem.
1446 1816 1576 1870 homme
1592 1817 1659 1882 suit
1675 1817 1808 1886 oparata

1002 1883 1117 1950 Scauro,
1138 1884 1254 1954 judices,
1279 1890 1309 1938 ut
1327 1885 1400 1939 nullo
1415 1893 1544 1955 suscepto
1562 1888 1723 1956 enjusdam
1736 1889 1800 1955 edio,

1003 1953 1148 2022 offensione
1161 1971 1192 2009 oc
1206 1957 1341 2022 mulcatis,
1357 1961 1385 2010 et
1399 1962 1516 2010 catera.
1535 1957 1570 2011 In
1583 1965 1736 2030 παραδόξῳ,
1749 1959 1776 2014 id
1787 1976 1808 2014 ev

1002 2026 1086 2080 malta
1109 2026 1252 2096 opinionis
1275 2027 1409 2093 themate,
1435 2027 1485 2082 ubi
1504 2034 1537 2083 et
1556 2044 1699 2098 persona
1713 2037 1741 2086 et
1756 2031 1808 2103 dign

1002 2096 1111 2164 pariter
1124 2096 1273 2162 laborabit,
1285 2097 1463 2167 longioribus
1476 2098 1648 2170 principiis
1660 2104 1808 2157 utendum:

1002 2171 1031 2220 et
1041 2168 1199 2239 purgandis
1209 2168 1418 2239 suspicionibus
1430 2185 1524 2239 opera
1532 2170 1748 2237 tribuenda‚et
1757 2173 1808 2228 deu

1002 2236 1191 2308 loquendum,
1208 2255 1273 2293 cum
1284 2239 1442 2306 sententiis,
1456 2246 1524 2295 tum
1538 2243 1647 2297 verbis
1659 2244 1749 2298 etiam
1761 2261 1808 2326 pro]

1001 2306 1170 2364 blanditiam
1185 2309 1255 2371 sitis,
1268 2315 1296 2364 et
1311 2310 1494 2391 querimonia
1509 2313 1604 2383 quasi
1623 2314 1692 2370 falsi
1704 2315 1808 2370 illatrcr

1002 2378 1057 2446 nis,
1082 2385 1112 2434 et
1134 2381 1213 2435 talare
1228 2381 1352 2435 iniamus
1368 2380 1542 2452 compositae
1567 2384 1736 2441 adversum
1752 2403 1799 2441 uos

1001 2449 1149 2516 invidiam,
1165 2451 1252 2505 etiam
1267 2451 1448 2506 submissiore
1463 2459 1531 2507 toto
1548 2470 1687 2527 corpore
1701 2458 1808 2512 couioru

1002 2521 1038 2574 ad
1057 2522 1269 2589 verecundiam,
1291 2523 1430 2577 submisso
1447 2526 1546 2590 vultu,
1575 2528 1680 2583 oculis
1703 2536 1803 2584 terram

1001 2592 1162 2657 tuentibus;
1178 2609 1272 2663 neque
1287 2593 1335 2649 illa
1347 2594 1459 2659 acriter,
1481 2596 1549 2662 sed,
1567 2597 1595 2651 si
1607 2615 1778 2670 possumus,
1789 2605 1808 2655 et

1001 2662 1104 2716 timore
1120 2663 1262 2719 simulato.
1279 2665 1310 2718 lu
1325 2671 1410 2735 ἀδόξῳ,
1425 2664 1516 2720 idest
1531 2668 1563 2720 in
1576 2669 1693 2724 humili
1702 2687 1801 2742 ςοιιοιο

1001 2733 1093 2801 terite,
1109 2733 1238 2802 proxima
1251 2738 1377 2790 sermoni
1392 2736 1502 2791 debent
1517 2754 1587 2793 esse
1604 2741 1768 2814 principiam
1781 2757 1808 2798 m

1001 2804 1147 2858 sententiis
1167 2806 1222 2859 alte
1242 2807 1351 2876 petitis,
1367 2822 1460 2877 neque
1476 2809 1582 2864 verbis
1598 2812 1682 2867 ultra
1697 2815 1808 2868 modum

1000 2874 1085 2954 natis,
1101 2891 1136 2929 ne
1161 2892 1196 2930 ne
1208 2881 1349 2932 structura
1367 2878 1513 2948 graviore,
1531 2882 1586 2935 sed
1605 2883 1697 2954 quasi
1713 2886 1808 2939 resolut

1001 2944 1133 3016 simplici.
1175 2946 1198 3000 is
1212 2954 1308 3002 autem
1323 2949 1454 3003 omnium
1469 2953 1716 3022 sententiarum,
1732 2972 1808 3027 quan

999 3015 1149 3095 principiis
1170 3017 1340 3073 adhibemus
1358 3035 1391 3072 ea
1409 3036 1471 3102 esse
1488 3020 1631 3087 debebit,
1650 3031 1685 3080 ut
1705 3043 1765 3081 rem
1779 3043 1808 3098 a]

998 3089 1295 3214 tttttttttttttt
1308 3096 1808 3242 tatutbttsnstltttttt

999 3243 1122 3299 quaeque
1143 3229 1256 3285 minora
1279 3237 1355 3298 suut,
1378 3236 1458 3287 tauto
1480 3236 1627 3292 crebrius
1651 3246 1681 3295 et
1696 3242 1787 3312 magis
1797 3241 1808 3295 i:

998 3300 1103 3353 multos
1118 3300 1219 3356 cadere
1231 3302 1349 3372 possint.
1366 3304 1422 3359 Nec
1435 3309 1497 3358 tam
1517 3314 1668 3378 oportere
1685 3312 1803 3383 spectari

999 3369 1178 3439 gnitndinem
1205 3388 1301 3428 rerum
1327 3379 1354 3429 et
1381 3390 1600 3448 personarum,
1619 3399 1715 3454 quam
1738 3384 1808 3438 ratior

999 3441 1115 3522 equilet
1128 3441 1237 3524 iniqui,
1255 3444 1315 3525 veri
1330 3450 1359 3500 ct
1373 3445 1437 3500 falsi
1451 3463 1460 3526 ‚²
1483 3451 1635 3507 eamdem
1658 3455 1740 3510 enirn
1755 3470 1807 3509 csse

998 3527 1064 3565 rum
1078 3528 1108 3566 1n
1125 3529 1253 3568 nnnrmrs
1267 3531 1336 3580 vim,
1368 3532 1435 3571 uam
1449 3533 1480 3571 ru
1494 3522 1658 3578 maximis.
1677 3527 1759 3581 Talia
1771 3525 1808 3597 pn'

998 3582 1046 3663 pio
1061 3588 1128 3637 scrut
1140 3585 1217 3655 plera
1240 3601 1276 3640 ue
1290 3532 1366 3656 apug
1376 3588 1618 3648 Demosthenem
1636 3595 1670 3650 in
1687 3598 1723 3651 iis
1735 3597 1807 3653 libris

999 3654 1197 3709 rnscribuntur
1210 3603 1332 3725 dictim,
1348 3662 1376 3712 et
1395 3659 1488 3729 magis
1505 3678 1524 3716 a
1549 3665 1593 3718 ud
1611 3666 1635 3720 L
1658 3667 1746 3735 siam,
1761 3674 1808 3723 eta

142 575 313 646 bignoscere
342 573 438 628 autem
464 570 515 624 bas
546 570 804 625 controversiarum
836 569 952 642 figuras,

104 661 169 700 cum
183 646 219 699 ad
235 645 325 699 multa
335 643 389 696 alia
400 641 658 708 convenit,tomvel
674 641 703 695 in
714 641 815 712 primis
830 641 864 696 ad
879 641 954 706 id,ut

104 716 222 772 modum
236 713 387 785 pretendi,
404 710 433 793 id
447 718 490 793 est
503 713 644 784 principia
663 711 776 794 edendi,
797 727 955 794 congruen-
1006 695 1026 804 ξ

103 793 161 843 tem
175 786 306 857 qualitati
320 787 468 839 maurium
482 784 610 839 iuvenire
624 799 767 854 possimus
783 799 789 837 :
803 798 861 837 non
875 797 953 837 enim

105 857 204 913 eadem
229 857 337 928 species
359 853 443 908 debet
453 869 513 909 esse
529 854 665 926 principii
679 853 708 907 in
723 853 849 908 themata
864 859 953 924 ιύδόζῳ

104 934 133 984 et
144 935 265 999 ἀμφιδόξφ
280 932 309 982 et
322 931 459 998 παραδόξῳ,
475 926 525 990 ιρὰ
539 943 589 979 sua
601 927 704 996 cuique
717 925 809 979 torma
822 924 951 980 tribuen-

104 999 149 1054 da.
164 1001 225 1054 tam
240 999 365 1070 primum
379 1003 408 1057 in
423 1006 511 1069 ιύδοξῳ
526 1012 631 1068 genere
653 995 781 1050 materiae
797 996 952 1078 Hermago-

103 1085 150 1124 ras
164 1075 251 1141 uegat
264 1085 326 1125 esse
341 1073 520 1142 prestandum
535 1085 542 1122 :
558 1083 625 1121 narn
637 1067 661 1120 si
676 1066 892 1134 benevolentiae,
908 1082 952 1121 rn-

102 1141 176 1211 qnit,
192 1141 377 1198 conciliandae
393 1138 610 1216 gratiaproeiari
621 1139 744 1192 solemus
759 1137 789 1190 in
800 1138 952 1207 bonaeopi·

102 1211 198 1266 uionis
220 1212 356 1280 themate,
383 1216 467 1287 quale
486 1211 558 1265 illud
585 1215 627 1263 est
647 1208 806 1279 Scipionis;
832 1207 952 1280 benigni

101 1287 168 1336 sunt
181 1282 222 1348 hi,
239 1283 315 1354 apud
329 1301 401 1356 quos
415 1281 538 1341 locuturi
554 1295 653 1334 sumus
669 1296 675 1332 :
691 1279 762 1333 nihil
774 1284 871 1333 autem
885 1280 951 1334 atti·

102 1358 152 1407 net
167 1368 279 1423 parare,
295 1357 371 1426 quod
391 1360 524 1426 peratum
540 1355 591 1405 est.
610 1349 665 1405 Sed
682 1349 752 1403 mibi
768 1350 853 1419 longe
868 1349 952 1404 aliter

101 1423 223 1490 videtur,
241 1429 269 1478 ct
283 1440 352 1494 pace
374 1427 447 1481 tanti
467 1422 521 1477 viri
543 1421 663 1476 dixerim
684 1436 690 1474 :
710 1419 894 1490 nequeenim
909 1425 952 1474 est

101 1509 216 1563 semper
228 1497 382 1563 spectanda
395 1493 559 1559 arrctoritas,
574 1491 672 1561 utique
685 1506 749 1544 cum
768 1490 877 1544 ratione
891 1490 951 1544 vin-

100 1569 189 1618 catur.
209 1564 316 1619 Censeo
333 1566 422 1636 igitur
444 1563 516 1620 nihil
530 1562 685 1633 probibere
700 1561 729 1615 iu
744 1566 832 1630 εὐδόξῳ
847 1576 950 1631 genere

101 1634 238 1699 materia,
262 1638 416 1706 quominus
443 1635 608 1708 praetemur.
631 1631 705 1685 Nihil
727 1630 815 1696 enim,
835 1631 949 1701 opinor,

100 1704 170 1758 mali
185 1710 237 1770 est,
257 1705 399 1778 benignos
409 1708 521 1779 judices
537 1702 718 1773 benigniores
744 1702 950 1773 reddereprae·

100 1774 197 1838 tando,
216 1780 249 1829 ut
263 1792 327 1831 cum
343 1778 465 1832 oliensos
480 1774 649 1831 adversariis
664 1773 804 1837 videmus,
820 1772 949 1828 offensio·

99 1860 167 1900 uem
183 1845 262 1900 illam
272 1848 392 1904 dicendo
405 1863 512 1919 augere
524 1859 671 1899 conamur.
682 1844 811 1915 Denique
822 1843 950 1900 auloedos

100 1921 129 1971 et
143 1916 312 1972 citharoedos
336 1925 364 1974 et
386 1925 503 1974 caeteros
526 1914 692 1986 hujusmodi
711 1915 842 1982 artifices,
857 1929 948 1986 quau-

99 2002 187 2058 quam
212 2003 270 2042 non
299 1990 488 2060 polliceantur
503 1988 672 2050 orationem,
701 1986 830 2039 videmus
852 1991 949 2041 tamen

97 2059 240 2129 praetoqui
255 2066 320 2114 ante
334 2061 486 2116 actionem.
514 2059 544 2113 Et
559 2057 677 2111 omnino
693 2061 772 2110 curta
784 2062 813 2111 et
826 2055 888 2111 sine
902 2073 949 2113 ca·

120 2128 157 2183 ite
173 2130 263 2183 oratio
276 2137 328 2197 est,
347 2148 412 2214 quae
430 2133 492 2186 sine
507 2127 650 2211 principio
663 2127 698 2181 ab
713 2127 782 2198 ipsis
795 2127 881 2182 rebus
901 2144 947 2183 or-

97 2144 187 2255 Situr.
204 2199 323 2255 Utemur
331 2208 417 2256 etiam
428 2200 577 2283 principiis
586 2201 616 2252 in
628 2198 709 2252 honre
721 2198 865 2269 opinionis
879 2215 949 2254 cou-

98 2269 260 2335 troversiis;
284 2271 333 2326 sed
357 2272 536 2327 brevioribus
559 2274 588 2324 et
609 2269 777 2323 rectioribus
800 2268 898 2339 paulo,
919 2275 948 2326 et

96 2339 305 2395 confidentibus
333 2349 362 2397 et
389 2343 481 2414 plenis
505 2339 700 2411 dignitatibus,
728 2339 790 2393 sine
811 2340 947 2408 jactantia

99 2410 247 2478 duntaxat,
262 2427 298 2465 ne
318 2427 363 2467 res
385 2413 478 2485 pariat
494 2410 633 2465 invidiam
650 2426 656 2464 :
683 2414 713 2463 ut
730 2415 773 2463 est
784 2409 854 2464 illud
870 2412 948 2482 apud

98 2480 133 2535 it.
155 2479 281 2536 Tullium
295 2487 395 2538 contra
416 2482 583 2537 concionem
598 2480 713 2546 Metelli,
733 2481 762 2533 in
781 2495 838 2549 qua
853 2484 948 2536 exsut·

97 2554 158 2605 tare
175 2551 290 2606 videtur
304 2568 311 2607 ε
328 2555 373 2609 Sic
387 2557 468 2619 enim,
479 2558 510 2609 ut
524 2555 630 2622 opinor,
644 2553 773 2620 insequor
788 2552 945 2618 mqicutem,

98 2623 228 2690 quoniam
245 2624 374 2691 concredi
385 2640 438 2679 non
461 2626 522 2680 ticet
537 2639 597 2677 eum
617 2623 757 2676 resistente
779 2621 859 2685 Quod
875 2638 948 2677 nuu-

95 2708 182 2763 quam
192 2694 323 2818 proiecto
335 2698 393 2750 tam
409 2693 663 2765 magnificedicere
674 2692 704 2745 in
719 2693 835 2746 exordio
849 2694 945 2748 statim

96 2778 177 2817 orsus
204 2764 301 2831 uisset,
317 2766 373 2821 nisi
389 2771 418 2821 ot
431 2765 522 2836 ipsius
536 2763 640 2819 actoris
658 2768 732 2818 esset
746 2764 864 2817 honesta
878 2780 944 2835 per·

95 2849 177 2903 sona,
193 2839 221 2889 et
236 2852 281 2891 res
295 2837 331 2891 de
346 2853 403 2908 qua
414 2840 559 2892 locuturus
569 2839 639 2900 erat,
651 2850 710 2889 non
721 2833 947 2904 improbabam-

97 2920 153 2975 quc
167 2905 223 2960 alio
238 2906 309 2975 loco,
328 2925 393 2963 cunr
408 2907 443 2962 de
458 2908 674 2977 conjuratorum
698 2905 945 2962 animadversione

95 2976 263 3046 loqueretur
286 2995 294 3033 τ
321 2979 414 3044 Video,
439 2981 533 3034 Patres
549 2977 703 3047 conscripti,
718 2979 749 3030 in
771 2991 812 3030 me
827 2990 945 3031 omnium

94 3051 214 3102 uestrum
226 3063 274 3103 oro
290 3055 370 3118 atque
386 3051 474 3105 ocutos
498 3064 553 3104 esse
567 3062 704 3103 concoscs
725 3063 732 3101 ι
758 3053 787 3101 et
800 3046 943 3119 deinceps.
963 3051 969 3058 “

95 3116 164 3182 Qua
177 3119 273 3173 omnia
284 3120 450 3190 hujusmodi
465 3123 542 3188 sunt,
557 3123 677 3174 utactor
692 3123 719 3173 et
735 3117 882 3189 splendori
891 3135 943 3174 suo

95 3192 123 3242 et
137 3187 222 3242 rebus
234 3189 279 3244 his
298 3190 451 3263 dequibus
475 3192 620 3245 locuturus
636 3195 686 3248 est.
704 3188 787 3261 quasi
801 3186 944 3245 honestis·

95 3257 175 3313 simis
190 3259 320 3315 videatur
332 3261 436 3316 merito
452 3260 604 3315 confidere.
629 3261 765 3331 Pleraque
778 3259 944 3329 hujusmodi

95 3329 210 3385 exordia
233 3331 308 3403 apud
337 3332 368 3398 Ο.
401 3332 567 3395 Gracchum,
589 3337 697 3401 quanto
724 3329 873 3385 nobilioris
891 3331 946 3391 tuit

96 3400 222 3471 spiritus,
244 3419 308 3529 quse
330 3404 479 3471 dicentem¹
497 3401 624 3473 profecto
647 3402 813 3465 lterucium,
831 3405 880 3456 aut
894 3403 945 3456 ati.

94 3487 181 3542 quem
196 3489 230 3527 ex
267 3474 387 3528 aunensi
413 3480 525 3535 caterva
548 3488 634 3527 nemo
656 3471 752 3527 terret.
777 3474 809 3528 ln
824 3478 944 3546 ἀμῳιὸόξῳ

94 3557 199 3613 genere
225 3545 352 3600 materiae.
368 3545 566 3600 moderatione
586 3545 711 3615 quadam
725 3547 864 3602 utendum
879 3546 944 3612 erit,

93 3629 159 3667 cum
173 3615 389 3688 principiamus‚
401 3620 470 3671 utet
484 3614 695 3686 turpitudinem
706 3631 771 3686 quae
785 3618 882 3672 subest
892 3615 943 3688 (a),

93 3689 123 3739 et
136 3685 305 3758 dignitatem
321 3703 386 3759 quse
397 3692 439 3742 est
448 3687 478 3742 in
491 3702 522 3740 re
532 3691 581 3741 ant
591 3688 765 3757 personaret
777 3687 945 3743 illustrando
999 3724 1138 3795 quosdam
1154 3743 1188 3781 ex
1213 3728 1487 3784 nostrismteribu,
1542 3742 1611 3790 me
1666 3756 1751 3794 amu,
1770 3739 1808 3794 ῃ]

125 3801 163 3864 (ιι)
179 3800 328 3865 oltepcndo
337 3804 507 3852 macomus.
520 3799 581 3850 Tale
595 3799 722 3863 quiddam
732 3801 837 3853 videtur
844 3801 944 3852 deesse.
999 3811 1064 3850 cum
1077 3811 1131 3866 pro
1145 3798 1250 3852 Archia
1265 3798 1381 3865 diceret,
1397 3816 1457 3855 non
1472 3802 1566 3858 aliter
1583 3823 1717 3866 exorsus
1730 3816 1779 3866 est

102 3912 1808 3945 --——-—--·—--—-—-—--———---—-—-—..-......

812 3988 1130 4071 ADMONlTlO

748 4137 793 4193 DE
811 4137 981 4204 SEQUENTI
1000 4140 1189 4200 bruschio.

128 4257 186 4310 lioc
201 4255 369 4327 opusculum
386 4270 444 4310 ιιιιιι
458 4253 588 4310 omnium
606 4254 784 4310 eruditorum
805 4255 946 4311 sententia
960 4257 1141 4330 abjudicatur
1159 4261 1331 4332 Augustino.
1345 4262 1429 4332 Apud
1445 4263 1560 4322 Lucam
1576 4271 1770 4330 Holstenium
1780 4275 1807 4329 ix

3 4372 7 4377 .
90 4326 152 4381 dice
165 4327 205 4383 Rc
247 4327 351 4393 larum,
374 4331 454 4397 parte
478 4325 613 4392 secunda,
628 4328 811 4382 consensoria
829 4328 1020 4384 Mesochorum
1038 4330 1214 4398 inscribitur,
1238 4333 1348 4403 aptiore
1370 4333 1464 4389 titulo.
1483 4338 1638 4398 Attamen
1662 4354 1803 4418 receptam

91 4396 160 4452 dum
169 4398 199 4453 iu
234 4414 266 4452 ae
276 4397 439 4469 Appendice
450 4396 667 4468 inscriptionem
681 4403 792 4452 mutare
803 4398 895 4453 visum
910 4408 1030 4470 nonest,
1043 4403 1204 4472 presertim
1216 4403 1358 4459 destitutis
1368 4410 1502 4460 veterum
1515 4409 1676 4470 librorum
1689 4417 1808 4473 auctorit

92 4468 198 4541 quippe
212 4469 325 4526 nullum
339 4468 427 4540 hujus
441 4467 571 4541 opusculi
585 4468 635 4524 tds.
650 4469 797 4540 exemplar
811 4472 980 4540 reperimus.

1049 4603 1808 4632 ———-—-—.-.....

535 4688 928 4816 REGULAE
979 4692 1403 4818 CLERICIS

674 4877 889 4944 TRADITAE
911 4878 1256 4946 FRAGMENTUM.

126 5008 279 5066 Communi
300 5005 468 5062 defiuitione
488 5005 665 5063 decrevimus
689 5007 766 5079 apud
781 5024 842 5076 nos,
865 5009 943 5082 quod
996 5009 1200 5065 observationis
1220 5026 1272 5066 nos
1288 5015 1446 5078 teneamus,
1462 5013 1541 5070 etin
1560 5031 1602 5072 eo
1624 5036 1727 5094 usque
1743 5024 1773 5080 in
1785 5022 1808 5078 fir

88 5096 247 5207 iiiiii
262 5078 816 5206 trattiexistimabit?
838 5079 942 5207 *trib
993 5082 1808 5223 auxitanensis,terruissent

87 5223 178 5278 nostri
191 5224 256 5279 lesu
271 5219 387 5286 Christi,
404 5218 537 5274 omuibus
548 5191 819 5300 plac’nitsecuudum
832 5227 942 5293 aposto
994 5224 1048 5292 it).
1065 5223 1094 5278 Si
1105 5223 1169 5294 quis
1179 5229 1276 5278 autem
1291 5224 1385 5278 venire
1396 5195 1545 5281 desiderat
1554 5232 1597 5286 ad
1609 5170 1808 5309 congr-&1501

88 5293 173 5348 licam
196 5292 391 5358 traditionem,
406 5305 498 5372 unum
517 5298 623 5370 sentire
637 5291 667 5346 in
686 5292 806 5347 Domino
819 5298 848 5348 et
861 5309 940 5349 com·
994 5292 1126 5354 fratrum.
1157 5294 1207 5366 qui
1234 5295 1264 5348 in
1288 5310 1379 5349 unum
1398 5311 1458 5351 esse
1474 5297 1635 5369 videntur,
1668 5323 1731 5363 non
1760 5308 1808 5378 ign

87 5364 215 5419 muniter
229 5363 386 5434 possidere.
408 5361 486 5417 Sicut
500 5366 636 5430 scriptum
652 5367 695 5417 est
718 5379 725 5418 :
743 5365 830 5419 Unum
844 5366 941 5420 seutite
994 5365 1139 5435 Evangelii
1153 5365 1272 5433 dictum,
1293 5367 1369 5437 quod
1385 5366 1456 5420 dixit
1480 5384 1487 5422 :
1514 5371 1633 5430 Vendat
1654 5382 1753 5434 omma
1769 5392 1808 5435 w

86 5437 243 5490 innomine
272 5435 349 5504 (Sap.
371 5451 391 5500 1,
421 5434 454 5501 t).
483 5432 517 5487 Et
538 5446 631 5513 neum¹
647 5434 764 5504 quidem
787 5435 939 5506 proprium
993 5441 1083 5504 eroget
1104 5438 1194 5504 caenis
1210 5442 1235 5490 et
1251 5437 1418 5507 pauperibus
1439 5438 1495 5507 (td.
1522 5457 1587 5508 ιιι,
1606 5449 1668 5515 2¹).
1688 5449 1725 5504 gt
1741 5451 1808 5505 jam,

86 5505 141 5561 sibi
157 5506 281 5561 vindicet
294 5504 464 5576 quidquam,
482 5501 530 5557 sed
547 5501 597 5556 tiat
610 5509 683 5559 srcut
695 5505 833 5577 scriptum
853 5505 939 5561 estin
992 5507 1312 5577 Atveqetsemevipsum,
1327 5509 1381 5563 sibi
1395 5509 1472 5564 tottot
1487 5515 1515 5565 et
1530 5527 1652 5573 crucem
1669 5533 1754 5575 suaa
1778 5524 1802 5575 a

84 5576 202 5632 Actibus
220 5575 434 5646 Apostolorum,
449 5572 584 5654 Habentes
602 5576 693 5628 omnia
708 5579 870 5643 communic,
885 5591 936 5631 ne·
993 5584 1096 5703 quatur
1109 5594 1150 5633 me
1171 5579 1243 5648 (Aac.
1274 5596 1310 5642 rx.
1327 5581 1381 5648 28).
1407 5580 1440 5634 Et
1463 5595 1501 5635 ne
1523 5587 1638 5643 auctet
1661 5589 1695 5645 in
1711 5564 1808 5646 eor’de

88 5656 138 5703 mo
174 5646 313 5702 uiduam
337 5661 398 5701 esse
423 5660 507 5701 suum
530 5643 642 5700 dicebat
674 5647 937 5716 Act.r1,44,atrv,
1013 5648 1118 5704 avictu
1134 5655 1184 5705 aut
1201 5649 1315 5715 vestitu,
1336 5655 1367 5706 et
1391 5651 1502 5706 ceteris
1518 5670 1589 5726 quae
1614 5661 1808 5717 mma

84 5719 142 5791 ³2).
189 5733 206 5771 ιι
258 5715 371 5775 anobis
385 5716 587 5787 scriptumest.
602 5716 634 5772 ln
650 5717 771 5774 Domino
785 5733 856 5790 ergo
868 5717 936 5790 jure
992 5719 1114 5792 corpori,
1142 5720 1204 5793 ipsc
1228 5721 1348 5779 marino
1367 5730 1571 5794 praemonente
1595 5728 1633 5785 in
1662 5730 1808 5805 Evangelia
