3884 6112
97 288 131 343 27
804 291 927 350 anans
945 292 1141 350 PRAEFATIO.
1817 298 1853 350 ‘28

95 411 163 479 tide,
177 411 274 468 animo
290 415 375 485 atque
389 414 547 486 proposito,
563 416 593 471 in
608 415 776 472 universalis
790 416 919 472 Ecclesiae
931 417 1028 487 decus,
1043 417 1205 485 commoda,
1224 419 1309 490 atque
1324 415 1502 488 presidium.

132 501 201 566 Quis
215 505 370 556 conatuum
393 507 557 558 nostrorum
580 503 611 559 in
632 509 691 558 tam
707 505 796 560 arduo
820 505 943 575 incaepto
965 503 1051 559 fuerit
1066 520 1222 571 successus,
1241 505 1337 576 palam
1355 504 1464 560 edicere
1484 520 1550 560 cum
1571 508 1648 559 vetat
1660 505 1766 576 pudor,
1788 508 1851 560 turn

96 604 170 663 pene
184 589 384 645 universorum
400 590 430 646 in
445 591 566 646 Ecclesia
580 592 725 662 ordinum,
740 591 883 662 inprimis
898 598 1023 648 vestrum
1037 593 1166 648 omniurn
1189 593 1395 664 benignissima
1410 594 1445 649 de
1464 594 1514 648 illo
1532 593 1649 666 judicia.
1667 593 1714 649 itis
1730 593 1851 665 amplis·

97 677 203 734 simum
225 678 316 734 labori
338 686 435 735 nostro
459 682 622 753 praemium,
643 687 717 737 certe
733 682 942 753 exspectatione
958 686 1055 738 nostra
1068 688 1097 737 et
1118 682 1220 738 merito
1234 688 1332 737 nostro
1356 683 1441 753 longe
1456 682 1560 754 majus,
1577 698 1634 738 nen
1649 682 1711 737 sine
1728 681 1854 754 gratiae

97 765 214 822 demissi
226 768 314 823 animi
328 768 414 824 tacita
428 769 635 842 significatione
654 771 762 841 experti
773 787 881 827 sumus.

24 858 28 862 '
132 855 195 909 lstis
208 860 305 910 autem
319 857 460 912 bonarum
472 861 629 913 vestrarum
644 859 823 913 voluntatum
836 858 1081 915 testificationibus
1102 858 1167 915 freti
1181 865 1266 931 atque
1280 859 1390 926 conlisi,
1408 858 1602 932 querimonias
1629 859 1855 915 obtrectantium

98 945 305 999 nonnullorum
322 944 404 1000 facile
424 946 541 1016 insuper
559 945 726 1002 habuimus.
746 947 777 1002 ld
792 930 870 1001 eninr
889 945 972 1002 nobis
986 952 1063 1003 certo
1078 964 1246 1020 persuasum
1260 948 1326 1015 tuit,
1341 953 1473 1003 navatam
1489 965 1505 1003 a
1520 948 1625 1003 nostris
1643 949 1673 1004 in
1688 949 1851 1020 Augustino

97 1030 267 1087 illustrando
284 1048 399 1102 operam
416 1033 530 1087 calculis
544 1033 743 1089 universorum
759 1034 1011 1105 comprobandam,
1022 1053 1087 1092 cum
1098 1038 1134 1092 iis
1146 1038 1295 1108 placuerit,
1309 1055 1396 1110 penes
1406 1055 1478 1111 quos
1491 1038 1612 1093 istarum
1626 1054 1724 1094 rerum
1737 1044 1766 1093 et
1777 1039 1855 1110 judi·

99 1120 175 1175 cium
191 1124 219 1174 et
233 1120 384 1175 arbitrium
399 1137 459 1175 csse
474 1121 600 1177 universi
619 1123 805 1178 confitentur.

135 1210 232 1279 Neque
246 1225 313 1263 vero
329 1211 500 1283 exspectatio
513 1211 568 1266 ista
591 1228 642 1268 nos
654 1212 762 1267 tctcllit.
788 1214 896 1268 Novum
914 1230 978 1270 ecce
993 1218 1021 1269 et
1035 1214 1136 1287 ingens
1158 1215 1238 1288 operi
1260 1221 1357 1271 nostro
1378 1216 1544 1288 praesidium
1562 1216 1668 1272 accedit
1692 1232 1727 1271 ex
1740 1233 1852 1288 nupera

98 1312 150 1368 per
164 1297 347 1369 apostolicam
361 1299 463 1355 Sedem
477 1300 661 1356 damnatione
673 1301 837 1357 libellorum
852 1301 957 1374 quibus
969 1303 1076 1359 invidia
1090 1288 1275 1377 gravare'nos
1289 1306 1481 1361 moliebantur
1495 1306 1571 1362 haud
1587 1306 1662 1383 aeqpi
1672 1306 1806 1360 laborum
1821 1322 1852 1360 ac

99 1385 167 1442 fidei
181 1391 287 1442 nostrae
303 1388 500 1446 aestimatores.
520 1389 696 1445 Palmarium
709 1390 844 1446 adversus
858 1390 926 1445 istos
940 1390 1112 1446 detensionis
1126 1396 1230 1447 nostrae
1246 1393 1453 1448 incrementum
1467 1393 1567 1448 alienet
1579 1392 1777 1464 augustissimi
1792 1394 1852 1449 ce-

102 1480 148 1531 tus
160 1477 247 1531 vestri
267 1476 419 1532 auctoritas
434 1482 463 1532 et
477 1477 644 1549 sullragium
661 1497 668 1534 ε
692 1484 778 1551 atque
794 1479 867 1533 banc
885 1479 1046 1536 communis
1070 1485 1170 1536 vestrae
1185 1482 1332 1537 sententiae
1347 1485 1432 1553 atque
1444 1481 1544 1552 judicii
1558 1481 1797 1552 significationem
1817 1498 1851 1536 eo

99 1565 257 1636 impensius
270 1566 444 1637 liberiusque
460 1566 649 1638 deposcimus,
670 1584 727 1639 quo
740 1572 833 1622 tolum
848 1568 901 1623 hoc
915 1569 1079 1641 vigiliarum
1101 1575 1262 1625 nostrarum
1286 1586 1357 1643 opus
1372 1570 1424 1625 sub
1444 1570 1576 1626 Ludevici
1591 1570 1684 1641 ldagui
1705 1569 1851 1641 auspiciis,

100 1651 239 1723 regioque
253 1653 423 1724 insignitum
437 1654 556 1709 nomine
569 1655 715 1726 publicam
727 1654 756 1709 in
770 1656 864 1710 lucem
879 1655 1036 1712 emisimus.

133 1741 212 1807 Quod
229 1742 252 1796 si
267 1741 474 1814 religiosissimi
488 1743 628 1815 Principis
642 1745 671 1799 in
686 1745 914 1816 recognoscendo
926 1745 980 1800 isto
994 1761 1113 1800 munere
1124 1745 1298 1819 benignitati
1312 1750 1340 1802 et
1351 1747 1525 1802 humanitati
1536 1745 1701 1801 addideritis
1710 1762 1855 1801 commen-

98 1828 220 1885 dationis
235 1835 335 1886 vestra
350 1831 473 1902 pondus,
490 1833 545 1887 erit
560 1834 639 1887 omui
654 1833 783 1904 praesidii
797 1849 902 1905 genere
918 1832 1053 1888 vallatum
1067 1849 1150 1904 opus,
1170 1835 1248 1907 quod
1263 1851 1316 1889 nec
1329 1835 1387 1889 ulla
1401 1835 1508 1889 delebit
1523 1840 1602 1901 atas,
1620 1835 1699 1889 nulla
1715 1835 1853 1889 lacessam

97 1916 128 1973 in
147 1925 295 1989 posterum
308 1919 426 1975 audebit
441 1936 542 1975 manias
554 1926 639 1994 atquc
650 1922 791 1993 protervia
808 1939 815 1977 ε
829 1939 880 1994 pro
893 1939 950 1994 quo
964 1920 1071 1993 insigni
1085 1924 1180 1978 favore
1194 1929 1279 1997 atque
1294 1924 1453 1991 benefacto,
1475 1924 1632 1979 Clarissimi
1650 1929 1754 1978 sauctae
1777 1919 1853 1980 Reti·

97 2006 191 2079 gionis
212 2008 373 2075 Antistites,
396 2013 426 2064 et
447 2009 528 2064 vobis
546 2009 688 2081 singulis.
711 2014 740 2065 et
762 2011 895 2066 universo
921 2011 1105 2067 sacrosancto
1128 2012 1229 2069 Ordini
1250 2017 1345 2068 vestro
1359 2013 1461 2068 acturi
1491 2017 1576 2085 atque
1604 2013 1732 2068 habituri
1754 2029 1853 2069 stamus

97 2095 274 2152 immortales
289 2097 404 2168 gratias.
1438 2093 1442 2102 ’

293 2461 379 2587 ru
418 2459 940 2586 arcamarcaa
995 2456 1677 2584 auausvmmuns
1722 2423 1726 2428 ’

582 2704 632 2764 ΕΤ
654 2704 746 2764 atla
768 2702 845 2763 Huc
871 2699 911 2761 IN
933 2700 1139 2763 vouuttlllu
1161 2700 1372 2761 CONTENTA

738 2907 920 2987 BREVIS
950 2905 1213 2986 PRAEFATlO

133 3227 370 3300 Quandoquidem
394 3243 522 3282 seorsum
537 3231 565 3282 et
580 3227 609 3282 in
627 3227 766 3298 angulum
787 3227 889 3297 rejecta
904 3231 971 3281 sunt
988 3225 1085 3297 spuria
1099 3226 1148 3279 illa
1163 3224 1313 3297 Opuscula,
1331 3240 1396 3295 qum
1412 3222 1497 3277 variis
1510 3221 1688 3294 temporibus
1699 3221 1728 3278 S.
1742 3224 1846 3294 Augu-

98 3318 173 3373 stino
186 3317 334 3389 supposita
348 3316 446 3382 iuere;
469 3317 601 3372 eumdem
617 3332 733 3388 quoque
749 3315 867 3371 modum
886 3320 914 3370 et
933 3315 1064 3370 ordinem
1084 3315 1138 3369 hoc
1161 3314 1223 3368 loco
1244 3317 1342 3367 tenere
1358 3311 1451 3365 visum
1466 3315 1518 3378 est,
1532 3310 1662 3382 adeoque
1676 3310 1851 3382 peculiarem

97 3406 237 3478 ejusmodi
250 3405 361 3477 scriptis
375 3405 578 3461 Proeiationem
597 3405 741 3476 assignare
756 3421 773 3458 a
786 3403 914 3475 generali
927 3404 1096 3475 sejunctam,
1110 3418 1175 3475 quae
1190 3417 1286 3473 operae
1301 3400 1332 3455 in
1341 3401 1395 3456 hac
1405 3400 1607 3471 etiampartea
1622 3399 1704 3454 nobis
1714 3399 1851 3471 impensa

96 3494 238 3551 rationem
253 3495 416 3550 contineat:
432 3499 495 3550 tum
509 3499 542 3549 ut
556 3495 670 3565 nequis
684 3510 718 3548 ea
733 3511 749 3548 a
764 3493 847 3548 nobis
861 3494 989 3565 neglecta
1002 3492 1088 3548 fuisse
1100 3492 1172 3546 torte
1187 3490 1361 3562 suspicetur;
1373 3493 1434 3544 tum
1447 3494 1480 3545 ut
1494 3491 1581 3545 lector
1594 3489 1628 3544 ad
1643 3505 1745 3545 eorum
1756 3491 1852 3545 lectio-

96 3602 163 3641 nem
178 3586 358 3654 iniormetur,
375 3590 584 3658 monenturque
599 3585 634 3639 de
650 3584 713 3638 aliis
732 3584 827 3647 rebus,
844 3599 908 3655 qum
924 3583 952 3637 in
968 3582 1022 3636 hoc
1035 3585 1180 3652 postremo
1192 3579 1339 3634 volumine
1354 3578 1547 3634 continentur.

132 3677 168 3731 Ut
181 3675 216 3732 ad
238 3691 300 3731 rem
314 3676 473 3742 veniamus,
498 3674 619 3745 singulae
643 3672 762 3742 singulis
780 3671 933 3742 Augustini
947 3671 1034 3726 tomis
1053 3669 1246 3741 subjiciuntur
1264 3668 1454 3741 Appendices,
1476 3685 1524 3723 cas
1542 3670 1764 3740 complectentes
1779 3670 1850 3724 scri·

95 3765 269 3837 ptiuncutas,
282 3781 354 3836 quas
368 3765 410 3819 vet
427 3765 632 3834 stiliqutedam
646 3761 778 3828 imitatio,
798 3762 843 3816 vel
862 3760 1026 3831 argumenti
1040 3759 1175 3826 affinitas,
1190 3760 1235 3814 vel
1257 3775 1349 3829 casus,
1364 3759 1408 3813 vel
1422 3763 1587 3830 temporum
1607 3759 1781 3830 ignorantia,
1808 3760 1852 3815 vel

97 3853 221 3924 denique
236 3853 314 3908 trans
327 3858 476 3908 auctorum
490 3852 746 3923 bibliopolarumve
759 3850 918 3922 Augustino
936 3850 1057 3907 attinxit.
1075 3852 1113 3905 Ex
1124 3849 1182 3905 stili
1197 3850 1338 3905 nonnulla
1356 3849 1516 3904 imitatione
1530 3848 1638 3904 lactum
1651 3853 1796 3920 putamus,
1821 3854 1855 3905 nt

97 3940 213 3997 Caesarii
228 3942 401 3997 Arelatensis
414 3940 539 4012 episcopi
551 3940 669 4011 plurimi
683 3956 829 3994 sermones
842 3939 1056 4011 augustinianis
1067 3943 1295 3994 accenserentnr.
1307 3938 1388 4003 Quod
1400 3954 1464 3993 vero
1475 3937 1582 4008 Pelagii
1590 3938 1626 3993 ud
1642 3938 1852 3994 demetriadem

99 4030 231 4101 epistola,
249 4034 277 4085 et
299 4029 416 4085 Fastidii
433 4029 470 4083 ad
486 4030 610 4084 Fatalem
625 4028 740 4084 viduam
760 4028 795 4083 de
809 4028 900 4083 Vidua
917 4028 1072 4084 christiana
1086 4028 1159 4082 liber
1173 4032 1270 4082 sancto
1286 4026 1400 4082 Ductori
1415 4026 1575 4097 adscriptus
1590 4025 1636 4095 sit,
1651 4026 1728 4081 haud
1744 4026 1802 4080 scio
1816 4042 1853 4080 an

98 4118 260 4190 argumenti
274 4117 423 4184 altinitate,
444 4133 480 4171 an
496 4117 561 4171 dolo
574 4115 724 4186 contigerit
738 4120 898 4184 auctorum,
914 4117 963 4187 qui
977 4117 1022 4171 vel
1037 4119 1068 4170 ut
1082 4116 1231 4186 scriptioni
1246 4133 1304 4170 suae
1322 4115 1521 4170 auctoritatem
1545 4114 1706 4185 pretiumve
1726 4130 1853 4169 accerse·

97 4210 170 4278 rent,
186 4209 228 4263 vel
245 4208 321 4280 quod
335 4205 448 4262 nomini
463 4206 626 4261 diltiderent
639 4221 700 4270 sno,
716 4203 787 4259 tanti
803 4203 929 4259 nominis
942 4204 1059 4260 titutum
1074 4205 1286 4276 supposuerint.
1304 4206 1368 4260 Non
1386 4204 1465 4259 aliud
1479 4208 1555 4258 certe
1577 4203 1607 4257 iu
1622 4220 1707 4258 causa
1722 4202 1787 4271 fuit,
1803 4220 1854 4259 cur

96 4296 219 4354 editores
233 4302 262 4352 et
274 4295 439 4366 bibliopolas
452 4292 607 4348 subdititiis
622 4292 678 4347 illis
693 4290 804 4363 scriptis
818 4291 896 4347 idem
909 4307 1017 4349 nomeu
1031 4292 1217 4365 praefixerint,
1229 4292 1366 4347 nimirum
1382 4296 1414 4347 ut
1428 4291 1544 4363 majoris
1556 4290 1643 4363 pretii
1665 4291 1854 4359 haberentur,

97 4390 128 4441 et
138 4384 231 4439 carius
245 4384 375 4438 venirent
388 4382 493 4455 spuriae
505 4380 563 4435 illae
578 4396 696 4434 merces.
710 4381 747 4434 At
757 4377 904 4433 latendum
919 4382 962 4431 est
974 4395 1041 4437 casu
1056 4383 1099 4437 vcl
1113 4384 1275 4437 temeritate
1290 4381 1511 4436 amanuensium
1526 4384 1554 4434 et
1568 4381 1712 4436 editorum
1728 4382 1854 4451 plerom-

96 4488 152 4545 que
179 4472 285 4528 lactum
311 4471 420 4540 tuisse,
450 4473 482 4525 ut
511 4469 565 4524 hoc
587 4468 715 4540 specioso
744 4467 827 4522 tituto
857 4468 999 4538 eJ'usmodi
1026 4469 1186 4524 adulterina
1217 4470 1354 4539 opuscula
1388 4469 1620 4524 honestarentur.
1652 4470 1724 4523 Nam
1749 4469 1853 4540 saepius

95 4560 238 4631 contigit,
260 4563 292 4614 ut
318 4575 384 4613 cum
407 4557 517 4614 librarii
536 4556 646 4628 aliquos
668 4555 823 4628 Augustini
847 4555 936 4611 libros
957 4556 1192 4628 exscripsissent,
1210 4574 1263 4613 nec
1289 4556 1330 4611 cis
1358 4573 1389 4612 cx
1419 4562 1516 4613 sancto
1546 4558 1663 4612 hectore
1691 4561 1857 4628 suppeteret

94 4649 172 4704 unde
194 4664 310 4719 aequum
334 4647 468 4701 volumen
482 4646 672 4710 conticerent3
694 4660 729 4698 ex
744 4644 845 4715 quovis
870 4660 1013 4715 anonymo
1030 4661 1128 4716 opere,
1148 4646 1226 4718 quud
1248 4645 1366 4700 fortuito
1389 4650 1463 4700 essct
1482 4647 1517 4700 ad
1534 4662 1662 4713 menum,
1687 4646 1855 4716 supplerent

98 4736 176 4810 qtvod
188 4736 266 4808 justo
284 4735 425 4791 volumini
448 4735 568 4791 deesset.
594 4734 682 4805 idque
702 4732 823 4787 subinde
847 4749 944 4788 ansam
960 4734 1085 4806 prebuit
1098 4740 1162 4790 tum
1176 4735 1409 4806 exscriptoribus,
1424 4740 1486 4790 tum
1502 4735 1624 4790 incautis
1638 4734 1806 4797 editoribus,
1823 4740 1856 4789 ut

96 4824 257 4900 posteriora
271 4824 331 4880 haec
346 4840 433 4895 opera
456 4823 549 4879 cidem
572 4822 681 4878 auctori
695 4822 898 4890 adscriberent,
914 4824 995 4895 cujus
1015 4840 1121 4879 nomen
1142 4824 1240 4895 priora
1258 4824 1459 4894 praeferebant.
1478 4824 1548 4890 Quae
1569 4839 1614 4877 res
1634 4839 1667 4877 eo
1682 4839 1772 4895 usque
1786 4839 1855 4894 pro-

98 4930 198 4987 gressa
213 4919 266 4979 est,
289 4917 322 4967 ut
342 4914 455 4968 nullum
476 4912 535 4967 tere
557 4913 692 4967 saeculam
709 4911 753 4977 sit,
776 4927 811 4965 ex
830 4928 887 4984 qrro
901 4912 1069 4968 adulterinae
1085 4911 1227 4985 ejusmodi
1246 4913 1349 4984 aliqua
1364 4913 1533 4984 scriptiones
1549 4912 1684 4982 genuinis
1699 4911 1853 4983 Augustini

99 5003 236 5078 operibus
251 5019 310 5058 non
320 5002 500 5058 accesserint.

132 5092 204 5148 ilinc
218 5097 317 5147 natum
333 5095 376 5146 est
389 5091 492 5161 triplex
507 5091 722 5147 incommodum
738 5108 745 5145 ι
765 5105 856 5145 unum
872 5090 949 5162 quod
965 5091 1158 5162 genuinorum
1173 5091 1235 5162 ejas
1250 5106 1371 5162 operum
1385 5089 1509 5161 dignitas
1524 5093 1552 5143 et
1566 5089 1696 5145 lectionis
1712 5089 1805 5160 gratia
1821 5105 1856 5143 ex

96 5181 150 5237 hac
163 5181 308 5257 farragine
323 5180 455 5235 nonnihil
470 5181 666 5258 minuereturp
679 5184 809 5245 alterum,
831 5180 907 5250 qarod
922 5179 989 5235 inde
1001 5180 1164 5235 traditionis
1178 5180 1282 5234 veritas
1301 5178 1513 5252 quodammodo
1538 5179 1625 5233 etiarn
1641 5178 1856 5242 obscuraretur,

99 5270 168 5326 dum
183 5271 374 5341 posteriorum
391 5274 555 5340 temporum
569 5269 673 5340 scripta
694 5270 729 5325 ad
744 5269 922 5341 superiorem
935 5272 1049 5324 aetatem
1063 5267 1207 5339 pertinere
1222 5272 1376 5340 putantur,
1397 5266 1519 5323 tertium
1543 5267 1678 5340 denique,
1696 5267 1775 5338 quod
1786 5283 1854 5338 sup-

99 5358 186 5432 positi
199 5359 240 5413 illi
256 5359 331 5415 fetus
345 5360 475 5414 incautos
491 5358 609 5414 lectores
622 5357 760 5413 inducant
774 5358 808 5412 ad
823 5359 970 5413 sectandas
985 5350 1115 5413 sinistras
1128 5356 1289 5428 opiniones,
1311 5372 1382 5428 quas
1404 5356 1556 5428 splendido
1572 5356 1724 5428 Augustini
1739 5355 1856 5411 nomine

100 5445 225 5502 obtectas
240 5446 490 5518 deprehenderint.
507 5446 687 5518 Quapropter
701 5450 733 5500 ut
746 5445 790 5499 bis
804 5446 993 5501 incommodis
1007 5451 1213 5513 occurreretur,
1227 5444 1369 5518 ejusmodi
1384 5446 1496 5516 spurias
1507 5445 1679 5516 scriptiones
1693 5461 1710 5499 a
1725 5445 1858 5516 genuinis

100 5540 130 5591 et
139 5533 258 5589 sinceris
273 5536 426 5607 Augustini
439 5534 578 5607 Operibus
592 5549 754 5606 segregare,
770 5538 798 5588 ct
812 5535 842 5589 in
863 5536 1002 5606 angulum
1017 5534 1170 5608 quemdem
1185 5535 1302 5607 rejicere
1316 5534 1473 5606 plurimum
1488 5535 1636 5590 intererat.

138 5624 197 5679 lloc
211 5621 358 5695 negotium
373 5625 409 5679 ab
422 5623 541 5680 eruditis
556 5623 702 5680 nonnullis
714 5622 842 5695 primum
854 5622 1031 5691 inchoatum,
1045 5638 1063 5677 a
1077 5621 1298 5678 lovaniensibus
1310 5619 1425 5693 deinde,
1440 5626 1504 5677 tum
1517 5621 1655 5677 aloanne
1666 5619 1781 5675 verlino
1797 5625 1826 5675 et
1840 5636 1857 5675 a

104 5710 249 5769 bernardo
263 5709 413 5781 Vindingo,
429 5711 656 5783 Augustinienis,
676 5711 801 5766 multum
810 5714 986 5782 promotum,
1002 5715 1032 5768 et
1043 5726 1148 5783 magna
1161 5726 1196 5766 ex
1208 5713 1291 5781 parte
1304 5708 1472 5775 conlectum,
1490 5708 1613 5766 nemum
1626 5712 1724 5764 tamen
1739 5707 1856 5780 penitus
