<?xml version="1.0" encoding="UTF-8"?>
<!DOCTYPE html PUBLIC "-//W3C//DTD XHTML 1.0 Transitional//EN"
    "http://www.w3.org/TR/xhtml1/DTD/xhtml1-transitional.dtd">
<html xmlns="http://www.w3.org/1999/xhtml" xml:lang="en" lang="en">
 <head>
  <title>
</title>
<meta http-equiv="Content-Type" content="text/html;charset=utf-8" />
  <meta name='ocr-system' content='tesseract 3.04.00' />
  <meta name='ocr-capabilities' content='ocr_page ocr_carea ocr_par ocr_line ocrx_word'/>
</head>
<body>
  <div class='ocr_page' id='page_1' title='image "./patrologiaecurs02migngoog/patrologiaecurs02migngoog_0675.png"; bbox 0 0 3884 6112; ppageno 0'>
   <div class='ocr_carea' id='block_1_1' title="bbox 69 338 136 390">
    <p class='ocr_par' dir='ltr' id='par_1_1' title="bbox 69 338 136 390">
     <span class='ocr_line' id='line_1_1' title="bbox 69 338 136 390; baseline 0 -2"><span class='ocrx_word' id='word_1_1' title='bbox 69 338 136 390; x_wconf 75' lang='lat' dir='ltr'>l&#39;dtll</span> 
     </span>
    </p>
   </div>
   <div class='ocr_carea' id='block_1_2' title="bbox 59 455 918 5567">
    <p class='ocr_par' dir='ltr' id='par_1_2' title="bbox 61 455 918 2208">
     <span class='ocr_line' id='line_1_2' title="bbox 68 455 918 529; baseline 0.004 -19"><span class='ocrx_word' id='word_1_2' title='bbox 68 456 271 527; x_wconf 66' lang='lat' dir='ltr'>questionem,</span> <span class='ocrx_word' id='word_1_3' title='bbox 287 459 319 510; x_wconf 90' lang='lat' dir='ltr'>ut</span> <span class='ocrx_word' id='word_1_4' title='bbox 334 455 489 527; x_wconf 80' lang='lat' dir='ltr'>perspicua</span> <span class='ocrx_word' id='word_1_5' title='bbox 517 457 630 523; x_wconf 89' lang='lat' dir='ltr'>rationi,</span> <span class='ocrx_word' id='word_1_6' title='bbox 648 462 788 529; x_wconf 88' lang='lat' dir='ltr'>quantum</span> <span class='ocrx_word' id='word_1_7' title='bbox 810 458 841 512; x_wconf 89' lang='lat' dir='ltr'>in</span> <span class='ocrx_word' id='word_1_8' title='bbox 864 459 918 513; x_wconf 91' lang='lat' dir='ltr'>hac</span> 
     </span>
     <span class='ocr_line' id='line_1_3' title="bbox 67 544 915 618; baseline 0 -20"><span class='ocrx_word' id='word_1_9' title='bbox 67 544 129 599; x_wconf 88' lang='lat' dir='ltr'>vita</span> <span class='ocrx_word' id='word_1_10' title='bbox 143 545 237 610; x_wconf 90' lang='lat' dir='ltr'>datur,</span> <span class='ocrx_word' id='word_1_11' title='bbox 254 544 348 598; x_wconf 91' lang='lat' dir='ltr'>omnis</span> <span class='ocrx_word' id='word_1_12' title='bbox 375 545 502 599; x_wconf 89' lang='lat' dir='ltr'>bumana</span> <span class='ocrx_word' id='word_1_13' title='bbox 527 545 718 616; x_wconf 82' lang='lat' dir='ltr'>intelligentia</span> <span class='ocrx_word' id='word_1_14' title='bbox 738 546 915 618; x_wconf 84' lang='lat' dir='ltr'>subjugetur,</span> 
     </span>
     <span class='ocr_line' id='line_1_4' title="bbox 68 632 917 706; baseline 0.002 -20"><span class='ocrx_word' id='word_1_15' title='bbox 68 649 129 687; x_wconf 91' lang='lat' dir='ltr'>non</span> <span class='ocrx_word' id='word_1_16' title='bbox 158 632 244 687; x_wconf 91' lang='lat' dir='ltr'>modo</span> <span class='ocrx_word' id='word_1_17' title='bbox 280 633 405 703; x_wconf 90' lang='lat' dir='ltr'>eloquio,</span> <span class='ocrx_word' id='word_1_18' title='bbox 439 633 488 688; x_wconf 88' lang='lat' dir='ltr'>sed</span> <span class='ocrx_word' id='word_1_19' title='bbox 521 650 557 688; x_wconf 89' lang='lat' dir='ltr'>ne</span> <span class='ocrx_word' id='word_1_20' title='bbox 592 634 763 705; x_wconf 75' lang='lat' dir='ltr'>cogitatione</span> <span class='ocrx_word' id='word_1_21' title='bbox 800 634 917 706; x_wconf 92' lang='lat' dir='ltr'>quidem</span> 
     </span>
     <span class='ocr_line' id='line_1_5' title="bbox 67 721 917 793; baseline 0 -17"><span class='ocrx_word' id='word_1_22' title='bbox 67 722 114 776; x_wconf 81' lang='lat' dir='ltr'>vel</span> <span class='ocrx_word' id='word_1_23' title='bbox 134 721 269 792; x_wconf 90' lang='lat' dir='ltr'>cuiquam</span> <span class='ocrx_word' id='word_1_24' title='bbox 295 721 456 789; x_wconf 89' lang='lat' dir='ltr'>hominnm,</span> <span class='ocrx_word' id='word_1_25' title='bbox 471 723 515 777; x_wconf 79' lang='lat' dir='ltr'>sel</span> <span class='ocrx_word' id='word_1_26' title='bbox 539 726 614 778; x_wconf 85' lang='lat' dir='ltr'>certe</span> <span class='ocrx_word' id='word_1_27' title='bbox 629 723 711 778; x_wconf 92' lang='lat' dir='ltr'>nobis</span> <span class='ocrx_word' id='word_1_28' title='bbox 736 722 802 777; x_wconf 86' lang='lat' dir='ltr'>satis</span> <span class='ocrx_word' id='word_1_29' title='bbox 829 738 917 793; x_wconf 89' lang='lat' dir='ltr'>expe-</span> 
     </span>
     <span class='ocr_line' id='line_1_6' title="bbox 66 809 917 882; baseline 0.001 -18"><span class='ocrx_word' id='word_1_30' title='bbox 66 810 162 864; x_wconf 92' lang='lat' dir='ltr'>ditum</span> <span class='ocrx_word' id='word_1_31' title='bbox 178 816 207 865; x_wconf 89' lang='lat' dir='ltr'>et</span> <span class='ocrx_word' id='word_1_32' title='bbox 227 809 310 864; x_wconf 82' lang='lat' dir='ltr'>facile</span> <span class='ocrx_word' id='word_1_33' title='bbox 336 811 563 881; x_wconf 88' lang='lat' dir='ltr'>aggrediendum</span> <span class='ocrx_word' id='word_1_34' title='bbox 590 811 680 867; x_wconf 80' lang='lat' dir='ltr'>rideri</span> <span class='ocrx_word' id='word_1_35' title='bbox 705 816 807 882; x_wconf 91' lang='lat' dir='ltr'>potest.</span> <span class='ocrx_word' id='word_1_36' title='bbox 837 812 917 865; x_wconf 90' lang='lat' dir='ltr'>Nunc</span> 
     </span>
     <span class='ocr_line' id='line_1_7' title="bbox 67 898 918 972; baseline 0 -20"><span class='ocrx_word' id='word_1_37' title='bbox 67 914 138 969; x_wconf 90' lang='lat' dir='ltr'>ergo</span> <span class='ocrx_word' id='word_1_38' title='bbox 152 902 185 953; x_wconf 88' lang='lat' dir='ltr'>ut</span> <span class='ocrx_word' id='word_1_39' title='bbox 201 899 278 970; x_wconf 87' lang='lat' dir='ltr'>quod</span> <span class='ocrx_word' id='word_1_40' title='bbox 305 898 491 966; x_wconf 87' lang='lat' dir='ltr'>instituimus,</span> <span class='ocrx_word' id='word_1_41' title='bbox 520 905 659 972; x_wconf 88' lang='lat' dir='ltr'>quantum</span> <span class='ocrx_word' id='word_1_42' title='bbox 686 901 864 972; x_wconf 77' lang='lat' dir='ltr'>adjuvamur,</span> <span class='ocrx_word' id='word_1_43' title='bbox 889 904 918 953; x_wconf 88' lang='lat' dir='ltr'>et</span> 
     </span>
     <span class='ocr_line' id='line_1_8' title="bbox 67 986 915 1059; baseline -0.002 -17"><span class='ocrx_word' id='word_1_44' title='bbox 67 991 212 1059; x_wconf 89' lang='lat' dir='ltr'>quantum</span> <span class='ocrx_word' id='word_1_45' title='bbox 241 986 365 1049; x_wconf 77' lang='lat' dir='ltr'>sinimur,</span> <span class='ocrx_word' id='word_1_46' title='bbox 391 1003 588 1059; x_wconf 88' lang='lat' dir='ltr'>peragamus:</span> <span class='ocrx_word' id='word_1_47' title='bbox 609 1004 798 1059; x_wconf 72' lang='lat' dir='ltr'>quaecumque</span> <span class='ocrx_word' id='word_1_48' title='bbox 823 987 915 1054; x_wconf 92' lang='lat' dir='ltr'>nobis,</span> 
     </span>
     <span class='ocr_line' id='line_1_9' title="bbox 65 1075 916 1147; baseline -0.001 -18"><span class='ocrx_word' id='word_1_49' title='bbox 65 1083 208 1147; x_wconf 89' lang='lat' dir='ltr'>quantum</span> <span class='ocrx_word' id='word_1_50' title='bbox 227 1075 262 1129; x_wconf 89' lang='lat' dir='ltr'>ad</span> <span class='ocrx_word' id='word_1_51' title='bbox 277 1079 436 1130; x_wconf 89' lang='lat' dir='ltr'>creaturam</span> <span class='ocrx_word' id='word_1_52' title='bbox 462 1077 596 1147; x_wconf 89' lang='lat' dir='ltr'>pertinet,</span> <span class='ocrx_word' id='word_1_53' title='bbox 613 1077 656 1132; x_wconf 86' lang='lat' dir='ltr'>vel</span> <span class='ocrx_word' id='word_1_54' title='bbox 672 1080 824 1131; x_wconf 89' lang='lat' dir='ltr'>narrantur</span> <span class='ocrx_word' id='word_1_55' title='bbox 838 1091 916 1146; x_wconf 78' lang='lat' dir='ltr'>prae-</span> 
     </span>
     <span class='ocr_line' id='line_1_10' title="bbox 66 1164 916 1236; baseline 0 -18"><span class='ocrx_word' id='word_1_56' title='bbox 66 1164 162 1231; x_wconf 88' lang='lat' dir='ltr'>terita,</span> <span class='ocrx_word' id='word_1_57' title='bbox 180 1165 223 1219; x_wconf 81' lang='lat' dir='ltr'>vel</span> <span class='ocrx_word' id='word_1_58' title='bbox 247 1164 480 1234; x_wconf 74' lang='lat' dir='ltr'>praenuntiantur</span> <span class='ocrx_word' id='word_1_59' title='bbox 504 1165 611 1233; x_wconf 87' lang='lat' dir='ltr'>lutura,</span> <span class='ocrx_word' id='word_1_60' title='bbox 627 1181 692 1236; x_wconf 75' lang='lat' dir='ltr'>quae</span> <span class='ocrx_word' id='word_1_61' title='bbox 716 1166 753 1219; x_wconf 89' lang='lat' dir='ltr'>ad</span> <span class='ocrx_word' id='word_1_62' title='bbox 768 1180 916 1219; x_wconf 87' lang='lat' dir='ltr'>commen-</span> 
     </span>
     <span class='ocr_line' id='line_1_11' title="bbox 67 1251 916 1323; baseline -0.005 -16"><span class='ocrx_word' id='word_1_63' title='bbox 67 1252 193 1307; x_wconf 89' lang='lat' dir='ltr'>dandam</span> <span class='ocrx_word' id='word_1_64' title='bbox 209 1252 323 1306; x_wconf 82' lang='lat' dir='ltr'>valeant</span> <span class='ocrx_word' id='word_1_65' title='bbox 336 1251 477 1322; x_wconf 88' lang='lat' dir='ltr'>integram</span> <span class='ocrx_word' id='word_1_66' title='bbox 503 1252 683 1323; x_wconf 86' lang='lat' dir='ltr'>religionem,</span> <span class='ocrx_word' id='word_1_67' title='bbox 700 1251 849 1306; x_wconf 86' lang='lat' dir='ltr'>excitando</span> <span class='ocrx_word' id='word_1_68' title='bbox 864 1266 916 1304; x_wconf 89' lang='lat' dir='ltr'>uos</span> 
     </span>
     <span class='ocr_line' id='line_1_12' title="bbox 68 1338 916 1411; baseline -0.002 -17"><span class='ocrx_word' id='word_1_69' title='bbox 68 1340 102 1395; x_wconf 86' lang='lat' dir='ltr'>ad</span> <span class='ocrx_word' id='word_1_70' title='bbox 118 1339 339 1394; x_wconf 79' lang='lat' dir='ltr'>sincerissimam</span> <span class='ocrx_word' id='word_1_71' title='bbox 370 1339 551 1395; x_wconf 88' lang='lat' dir='ltr'>dilectionem</span> <span class='ocrx_word' id='word_1_72' title='bbox 580 1340 631 1394; x_wconf 88' lang='lat' dir='ltr'>Dei</span> <span class='ocrx_word' id='word_1_73' title='bbox 652 1345 680 1395; x_wconf 91' lang='lat' dir='ltr'>et</span> <span class='ocrx_word' id='word_1_74' title='bbox 705 1339 840 1411; x_wconf 83' lang='lat' dir='ltr'>proximi,</span> <span class='ocrx_word' id='word_1_75' title='bbox 855 1338 916 1393; x_wconf 89' lang='lat' dir='ltr'>sine</span> 
     </span>
     <span class='ocr_line' id='line_1_13' title="bbox 66 1426 916 1482; baseline -0.001 -1"><span class='ocrx_word' id='word_1_76' title='bbox 66 1426 246 1482; x_wconf 80' lang='lat' dir='ltr'>dubitatione</span> <span class='ocrx_word' id='word_1_77' title='bbox 260 1427 402 1482; x_wconf 88' lang='lat' dir='ltr'>credenda</span> <span class='ocrx_word' id='word_1_78' title='bbox 424 1431 492 1481; x_wconf 90' lang='lat' dir='ltr'>sunt</span> <span class='ocrx_word' id='word_1_79' title='bbox 509 1427 659 1481; x_wconf 83' lang='lat' dir='ltr'>:adversus</span> <span class='ocrx_word' id='word_1_80' title='bbox 676 1426 837 1481; x_wconf 86' lang='lat' dir='ltr'>incredulos</span> <span class='ocrx_word' id='word_1_81' title='bbox 864 1441 916 1480; x_wconf 89' lang='lat' dir='ltr'>au·</span> 
     </span>
     <span class='ocr_line' id='line_1_14' title="bbox 67 1514 916 1583; baseline -0.004 -13"><span class='ocrx_word' id='word_1_82' title='bbox 67 1521 126 1570; x_wconf 87' lang='lat' dir='ltr'>tem</span> <span class='ocrx_word' id='word_1_83' title='bbox 141 1516 279 1571; x_wconf 82' lang='lat' dir='ltr'>hactenus</span> <span class='ocrx_word' id='word_1_84' title='bbox 306 1515 496 1583; x_wconf 81' lang='lat' dir='ltr'>defendenda,</span> <span class='ocrx_word' id='word_1_85' title='bbox 521 1516 608 1571; x_wconf 81' lang='lat' dir='ltr'>utrel</span> <span class='ocrx_word' id='word_1_86' title='bbox 633 1516 710 1570; x_wconf 90' lang='lat' dir='ltr'>mole</span> <span class='ocrx_word' id='word_1_87' title='bbox 738 1514 916 1572; x_wconf 80' lang='lat' dir='ltr'>auctoritatis</span> 
     </span>
     <span class='ocr_line' id='line_1_15' title="bbox 62 1602 916 1673; baseline -0.002 -15"><span class='ocrx_word' id='word_1_88' title='bbox 62 1603 220 1659; x_wconf 88' lang='lat' dir='ltr'>infidelitas</span> <span class='ocrx_word' id='word_1_89' title='bbox 235 1619 335 1658; x_wconf 90' lang='lat' dir='ltr'>eorum</span> <span class='ocrx_word' id='word_1_90' title='bbox 352 1604 510 1671; x_wconf 89' lang='lat' dir='ltr'>obteratur,</span> <span class='ocrx_word' id='word_1_91' title='bbox 524 1603 570 1658; x_wconf 86' lang='lat' dir='ltr'>vel</span> <span class='ocrx_word' id='word_1_92' title='bbox 586 1602 626 1658; x_wconf 90' lang='lat' dir='ltr'>eis</span> <span class='ocrx_word' id='word_1_93' title='bbox 637 1604 916 1673; x_wconf 87' lang='lat' dir='ltr'>ostendatur,quan-</span> 
     </span>
     <span class='ocr_line' id='line_1_16' title="bbox 63 1691 916 1764; baseline -0.005 -17"><span class='ocrx_word' id='word_1_94' title='bbox 63 1697 130 1748; x_wconf 93' lang='lat' dir='ltr'>tum</span> <span class='ocrx_word' id='word_1_95' title='bbox 145 1697 249 1764; x_wconf 87' lang='lat' dir='ltr'>potest,</span> <span class='ocrx_word' id='word_1_96' title='bbox 266 1692 361 1763; x_wconf 89' lang='lat' dir='ltr'>primo</span> <span class='ocrx_word' id='word_1_97' title='bbox 376 1708 463 1762; x_wconf 88' lang='lat' dir='ltr'>quam</span> <span class='ocrx_word' id='word_1_98' title='bbox 483 1708 540 1746; x_wconf 93' lang='lat' dir='ltr'>non</span> <span class='ocrx_word' id='word_1_99' title='bbox 563 1692 600 1746; x_wconf 92' lang='lat' dir='ltr'>sit</span> <span class='ocrx_word' id='word_1_100' title='bbox 624 1693 745 1747; x_wconf 90' lang='lat' dir='ltr'>stultum</span> <span class='ocrx_word' id='word_1_101' title='bbox 769 1691 838 1746; x_wconf 88' lang='lat' dir='ltr'>talia</span> <span class='ocrx_word' id='word_1_102' title='bbox 853 1706 916 1744; x_wconf 90' lang='lat' dir='ltr'>cro·</span> 
     </span>
     <span class='ocr_line' id='line_1_17' title="bbox 63 1779 912 1852; baseline -0.005 -16"><span class='ocrx_word' id='word_1_103' title='bbox 63 1781 142 1847; x_wconf 86' lang='lat' dir='ltr'>dere,</span> <span class='ocrx_word' id='word_1_104' title='bbox 157 1780 260 1836; x_wconf 90' lang='lat' dir='ltr'>deinde</span> <span class='ocrx_word' id='word_1_105' title='bbox 276 1796 363 1852; x_wconf 87' lang='lat' dir='ltr'>quam</span> <span class='ocrx_word' id='word_1_106' title='bbox 392 1781 428 1834; x_wconf 89' lang='lat' dir='ltr'>sit</span> <span class='ocrx_word' id='word_1_107' title='bbox 460 1781 580 1834; x_wconf 90' lang='lat' dir='ltr'>stultum</span> <span class='ocrx_word' id='word_1_108' title='bbox 611 1780 679 1834; x_wconf 86' lang='lat' dir='ltr'>talia</span> <span class='ocrx_word' id='word_1_109' title='bbox 705 1795 763 1835; x_wconf 90' lang='lat' dir='ltr'>non</span> <span class='ocrx_word' id='word_1_110' title='bbox 789 1779 912 1834; x_wconf 87' lang='lat' dir='ltr'>eradere.</span> 
     </span>
     <span class='ocr_line' id='line_1_18' title="bbox 62 1867 915 1940; baseline -0.005 -15"><span class='ocrx_word' id='word_1_111' title='bbox 62 1871 267 1925; x_wconf 81' lang='lat' dir='ltr'>Verumtamen</span> <span class='ocrx_word' id='word_1_112' title='bbox 281 1869 382 1923; x_wconf 82' lang='lat' dir='ltr'>falsam</span> <span class='ocrx_word' id='word_1_113' title='bbox 397 1868 557 1924; x_wconf 84' lang='lat' dir='ltr'>doctrinam</span> <span class='ocrx_word' id='word_1_114' title='bbox 570 1884 628 1923; x_wconf 93' lang='lat' dir='ltr'>non</span> <span class='ocrx_word' id='word_1_115' title='bbox 644 1875 703 1924; x_wconf 89' lang='lat' dir='ltr'>tarn</span> <span class='ocrx_word' id='word_1_116' title='bbox 718 1867 753 1922; x_wconf 91' lang='lat' dir='ltr'>de</span> <span class='ocrx_word' id='word_1_117' title='bbox 763 1867 915 1940; x_wconf 72' lang='lat' dir='ltr'>preteritis</span> 
     </span>
     <span class='ocr_line' id='line_1_19' title="bbox 63 1957 916 2029; baseline -0.004 -15"><span class='ocrx_word' id='word_1_118' title='bbox 63 1965 94 2014; x_wconf 88' lang='lat' dir='ltr'>et</span> <span class='ocrx_word' id='word_1_119' title='bbox 109 1959 219 2024; x_wconf 86' lang='lat' dir='ltr'>tuturis,</span> <span class='ocrx_word' id='word_1_120' title='bbox 238 1974 325 2029; x_wconf 91' lang='lat' dir='ltr'>quam</span> <span class='ocrx_word' id='word_1_121' title='bbox 352 1958 386 2013; x_wconf 89' lang='lat' dir='ltr'>de</span> <span class='ocrx_word' id='word_1_122' title='bbox 412 1957 601 2028; x_wconf 71' lang='lat' dir='ltr'>praesentibus</span> <span class='ocrx_word' id='word_1_123' title='bbox 623 1961 651 2012; x_wconf 88' lang='lat' dir='ltr'>et</span> <span class='ocrx_word' id='word_1_124' title='bbox 674 1957 797 2011; x_wconf 86' lang='lat' dir='ltr'>maxime</span> <span class='ocrx_word' id='word_1_125' title='bbox 813 1957 848 2012; x_wconf 90' lang='lat' dir='ltr'>de</span> <span class='ocrx_word' id='word_1_126' title='bbox 872 1957 916 2011; x_wconf 93' lang='lat' dir='ltr'>in·</span> 
     </span>
     <span class='ocr_line' id='line_1_20' title="bbox 62 2046 913 2119; baseline -0.005 -16"><span class='ocrx_word' id='word_1_127' title='bbox 62 2047 316 2103; x_wconf 86' lang='lat' dir='ltr'>commutabilibus</span> <span class='ocrx_word' id='word_1_128' title='bbox 331 2051 445 2117; x_wconf 83' lang='lat' dir='ltr'>oportet</span> <span class='ocrx_word' id='word_1_129' title='bbox 459 2046 598 2113; x_wconf 81' lang='lat' dir='ltr'>refellere,</span> <span class='ocrx_word' id='word_1_130' title='bbox 614 2050 643 2101; x_wconf 89' lang='lat' dir='ltr'>et</span> <span class='ocrx_word' id='word_1_131' title='bbox 657 2050 797 2119; x_wconf 88' lang='lat' dir='ltr'>quantum</span> <span class='ocrx_word' id='word_1_132' title='bbox 819 2046 913 2112; x_wconf 87' lang='lat' dir='ltr'>datur,</span> 
     </span>
     <span class='ocr_line' id='line_1_21' title="bbox 61 2134 530 2208; baseline -0.006 -17"><span class='ocrx_word' id='word_1_133' title='bbox 61 2135 217 2208; x_wconf 88' lang='lat' dir='ltr'>perspicua</span> <span class='ocrx_word' id='word_1_134' title='bbox 228 2135 338 2190; x_wconf 89' lang='lat' dir='ltr'>ratione</span> <span class='ocrx_word' id='word_1_135' title='bbox 352 2134 530 2190; x_wconf 82' lang='lat' dir='ltr'>convincere.</span> 
     </span>
    </p>

    <p class='ocr_par' dir='ltr' id='par_1_3' title="bbox 59 2218 916 5567">
     <span class='ocr_line' id='line_1_22' title="bbox 100 2218 915 2293; baseline -0.005 -15"><span class='ocrx_word' id='word_1_136' title='bbox 100 2226 145 2278; x_wconf 85' lang='lat' dir='ltr'>til.</span> <span class='ocrx_word' id='word_1_137' title='bbox 161 2222 234 2278; x_wconf 88' lang='lat' dir='ltr'>Sane</span> <span class='ocrx_word' id='word_1_138' title='bbox 250 2221 280 2277; x_wconf 92' lang='lat' dir='ltr'>in</span> <span class='ocrx_word' id='word_1_139' title='bbox 296 2220 367 2276; x_wconf 90' lang='lat' dir='ltr'>serie</span> <span class='ocrx_word' id='word_1_140' title='bbox 394 2221 596 2293; x_wconf 88' lang='lat' dir='ltr'>temporalium</span> <span class='ocrx_word' id='word_1_141' title='bbox 612 2218 815 2292; x_wconf 72' lang='lat' dir='ltr'>‘inquisitioni</span> <span class='ocrx_word' id='word_1_142' title='bbox 839 2236 915 2291; x_wconf 78' lang='lat' dir='ltr'>prae·-</span> 
     </span>
     <span class='ocr_line' id='line_1_23' title="bbox 61 2308 912 2381; baseline -0.002 -17"><span class='ocrx_word' id='word_1_143' title='bbox 61 2309 216 2365; x_wconf 87' lang='lat' dir='ltr'>teritorum</span> <span class='ocrx_word' id='word_1_144' title='bbox 245 2310 407 2365; x_wconf 88' lang='lat' dir='ltr'>luturomm</span> <span class='ocrx_word' id='word_1_145' title='bbox 436 2308 612 2380; x_wconf 81' lang='lat' dir='ltr'>exspectatio</span> <span class='ocrx_word' id='word_1_146' title='bbox 640 2308 819 2381; x_wconf 72' lang='lat' dir='ltr'>praeferenda</span> <span class='ocrx_word' id='word_1_147' title='bbox 851 2313 912 2363; x_wconf 89' lang='lat' dir='ltr'>est:</span> 
     </span>
     <span class='ocr_line' id='line_1_24' title="bbox 62 2398 913 2472; baseline -0.002 -16"><span class='ocrx_word' id='word_1_148' title='bbox 62 2399 298 2472; x_wconf 90' lang='lat' dir='ltr'>quandoquidem</span> <span class='ocrx_word' id='word_1_149' title='bbox 313 2400 399 2454; x_wconf 88' lang='lat' dir='ltr'>etiam</span> <span class='ocrx_word' id='word_1_150' title='bbox 413 2399 444 2454; x_wconf 93' lang='lat' dir='ltr'>in</span> <span class='ocrx_word' id='word_1_151' title='bbox 455 2398 560 2454; x_wconf 88' lang='lat' dir='ltr'>divinis</span> <span class='ocrx_word' id='word_1_152' title='bbox 574 2398 664 2454; x_wconf 88' lang='lat' dir='ltr'>Libris</span> <span class='ocrx_word' id='word_1_153' title='bbox 672 2415 706 2453; x_wconf 89' lang='lat' dir='ltr'>ea</span> <span class='ocrx_word' id='word_1_154' title='bbox 717 2414 781 2470; x_wconf 73' lang='lat' dir='ltr'>quae</span> <span class='ocrx_word' id='word_1_155' title='bbox 795 2402 913 2470; x_wconf 83' lang='lat' dir='ltr'>praeter-</span> 
     </span>
     <span class='ocr_line' id='line_1_25' title="bbox 60 2486 914 2559; baseline -0.001 -15"><span class='ocrx_word' id='word_1_156' title='bbox 60 2489 106 2545; x_wconf 90' lang='lat' dir='ltr'>ita</span> <span class='ocrx_word' id='word_1_157' title='bbox 119 2493 283 2557; x_wconf 88' lang='lat' dir='ltr'>narrantur,</span> <span class='ocrx_word' id='word_1_158' title='bbox 308 2490 352 2542; x_wconf 90' lang='lat' dir='ltr'>vel</span> <span class='ocrx_word' id='word_1_159' title='bbox 377 2486 641 2559; x_wconf 82' lang='lat' dir='ltr'>praefigurationem</span> <span class='ocrx_word' id='word_1_160' title='bbox 666 2487 840 2551; x_wconf 83' lang='lat' dir='ltr'>futurorum,</span> <span class='ocrx_word' id='word_1_161' title='bbox 869 2488 914 2543; x_wconf 81' lang='lat' dir='ltr'>rel</span> 
     </span>
     <span class='ocr_line' id='line_1_26' title="bbox 61 2574 915 2649; baseline -0.001 -18"><span class='ocrx_word' id='word_1_162' title='bbox 61 2576 311 2649; x_wconf 89' lang='lat' dir='ltr'>pollicitationem,</span> <span class='ocrx_word' id='word_1_163' title='bbox 327 2576 372 2630; x_wconf 92' lang='lat' dir='ltr'>vel</span> <span class='ocrx_word' id='word_1_164' title='bbox 386 2574 617 2630; x_wconf 84' lang='lat' dir='ltr'>testificationem</span> <span class='ocrx_word' id='word_1_165' title='bbox 629 2590 690 2646; x_wconf 84' lang='lat' dir='ltr'>prm</span> <span class='ocrx_word' id='word_1_166' title='bbox 706 2590 736 2629; x_wconf 90' lang='lat' dir='ltr'>se</span> <span class='ocrx_word' id='word_1_167' title='bbox 751 2579 864 2644; x_wconf 89' lang='lat' dir='ltr'>gerunt.</span> <span class='ocrx_word' id='word_1_168' title='bbox 882 2576 915 2631; x_wconf 86' lang='lat' dir='ltr'>Et</span> 
     </span>
     <span class='ocr_line' id='line_1_27' title="bbox 60 2664 912 2736; baseline -0.002 -15"><span class='ocrx_word' id='word_1_169' title='bbox 60 2683 164 2721; x_wconf 89' lang='lat' dir='ltr'>revera</span> <span class='ocrx_word' id='word_1_170' title='bbox 178 2666 210 2720; x_wconf 93' lang='lat' dir='ltr'>in</span> <span class='ocrx_word' id='word_1_171' title='bbox 232 2665 268 2720; x_wconf 91' lang='lat' dir='ltr'>iis</span> <span class='ocrx_word' id='word_1_172' title='bbox 283 2665 382 2732; x_wconf 89' lang='lat' dir='ltr'>etiam,</span> <span class='ocrx_word' id='word_1_173' title='bbox 397 2681 462 2736; x_wconf 85' lang='lat' dir='ltr'>qnae</span> <span class='ocrx_word' id='word_1_174' title='bbox 489 2665 525 2719; x_wconf 93' lang='lat' dir='ltr'>ad</span> <span class='ocrx_word' id='word_1_175' title='bbox 543 2665 617 2719; x_wconf 88' lang='lat' dir='ltr'>hanc</span> <span class='ocrx_word' id='word_1_176' title='bbox 644 2664 732 2718; x_wconf 88' lang='lat' dir='ltr'>vitam</span> <span class='ocrx_word' id='word_1_177' title='bbox 756 2665 912 2735; x_wconf 89' lang='lat' dir='ltr'>pertinent,</span> 
     </span>
     <span class='ocr_line' id='line_1_28' title="bbox 62 2751 913 2826; baseline -0.002 -17"><span class='ocrx_word' id='word_1_178' title='bbox 62 2754 208 2826; x_wconf 88' lang='lat' dir='ltr'>prosperis</span> <span class='ocrx_word' id='word_1_179' title='bbox 222 2753 403 2824; x_wconf 85' lang='lat' dir='ltr'>adversisque</span> <span class='ocrx_word' id='word_1_180' title='bbox 417 2753 512 2820; x_wconf 90' lang='lat' dir='ltr'>rebus,</span> <span class='ocrx_word' id='word_1_181' title='bbox 528 2752 597 2824; x_wconf 91' lang='lat' dir='ltr'>qnid</span> <span class='ocrx_word' id='word_1_182' title='bbox 626 2751 747 2823; x_wconf 88' lang='lat' dir='ltr'>quisque</span> <span class='ocrx_word' id='word_1_183' title='bbox 765 2752 841 2807; x_wconf 88' lang='lat' dir='ltr'>fierit</span> <span class='ocrx_word' id='word_1_184' title='bbox 854 2768 913 2807; x_wconf 94' lang='lat' dir='ltr'>non</span> 
     </span>
     <span class='ocr_line' id='line_1_29' title="bbox 61 2841 913 2912; baseline -0.004 -14"><span class='ocrx_word' id='word_1_185' title='bbox 61 2844 132 2898; x_wconf 88' lang='lat' dir='ltr'>satis</span> <span class='ocrx_word' id='word_1_186' title='bbox 145 2845 226 2897; x_wconf 89' lang='lat' dir='ltr'>curat</span> <span class='ocrx_word' id='word_1_187' title='bbox 239 2859 246 2896; x_wconf 91' lang='lat'>:</span> <span class='ocrx_word' id='word_1_188' title='bbox 262 2841 338 2896; x_wconf 92' lang='lat' dir='ltr'>inid</span> <span class='ocrx_word' id='word_1_189' title='bbox 353 2857 420 2896; x_wconf 84' lang='lat' dir='ltr'>vero</span> <span class='ocrx_word' id='word_1_190' title='bbox 436 2846 511 2912; x_wconf 86' lang='lat' dir='ltr'>quod</span> <span class='ocrx_word' id='word_1_191' title='bbox 535 2841 665 2895; x_wconf 86' lang='lat' dir='ltr'>laturum</span> <span class='ocrx_word' id='word_1_192' title='bbox 681 2846 821 2911; x_wconf 87' lang='lat' dir='ltr'>speratur,</span> <span class='ocrx_word' id='word_1_193' title='bbox 852 2856 913 2896; x_wconf 88' lang='lat' dir='ltr'>sese</span> 
     </span>
     <span class='ocr_line' id='line_1_30' title="bbox 62 2928 913 3001; baseline -0.005 -15"><span class='ocrx_word' id='word_1_194' title='bbox 62 2932 158 2986; x_wconf 89' lang='lat' dir='ltr'>omnis</span> <span class='ocrx_word' id='word_1_195' title='bbox 172 2946 306 2986; x_wconf 91' lang='lat' dir='ltr'>curarum</span> <span class='ocrx_word' id='word_1_196' title='bbox 321 2934 407 2985; x_wconf 76' lang='lat' dir='ltr'>aestus</span> <span class='ocrx_word' id='word_1_197' title='bbox 417 2929 605 3000; x_wconf 87' lang='lat' dir='ltr'>agglomerat.</span> <span class='ocrx_word' id='word_1_198' title='bbox 620 2928 720 2982; x_wconf 86' lang='lat' dir='ltr'>Nescio</span> <span class='ocrx_word' id='word_1_199' title='bbox 735 2943 792 2999; x_wconf 91' lang='lat' dir='ltr'>quo</span> <span class='ocrx_word' id='word_1_200' title='bbox 806 2928 913 3001; x_wconf 88' lang='lat' dir='ltr'>qnippe</span> 
     </span>
     <span class='ocr_line' id='line_1_31' title="bbox 61 3016 911 3090; baseline -0.006 -15"><span class='ocrx_word' id='word_1_201' title='bbox 61 3020 167 3076; x_wconf 91' lang='lat' dir='ltr'>intimo</span> <span class='ocrx_word' id='word_1_202' title='bbox 186 3019 369 3090; x_wconf 86' lang='lat' dir='ltr'>naturalique</span> <span class='ocrx_word' id='word_1_203' title='bbox 383 3033 478 3084; x_wconf 90' lang='lat' dir='ltr'>sensn,</span> <span class='ocrx_word' id='word_1_204' title='bbox 495 3032 610 3088; x_wconf 82' lang='lat' dir='ltr'>eaquae</span> <span class='ocrx_word' id='word_1_205' title='bbox 625 3016 708 3071; x_wconf 91' lang='lat' dir='ltr'>nobis</span> <span class='ocrx_word' id='word_1_206' title='bbox 735 3016 911 3086; x_wconf 86' lang='lat' dir='ltr'>accidemnt,</span> 
     </span>
     <span class='ocr_line' id='line_1_32' title="bbox 62 3105 913 3181; baseline -0.005 -17"><span class='ocrx_word' id='word_1_207' title='bbox 62 3109 202 3181; x_wconf 88' lang='lat' dir='ltr'>quoniam</span> <span class='ocrx_word' id='word_1_208' title='bbox 215 3112 358 3164; x_wconf 86' lang='lat' dir='ltr'>transacta</span> <span class='ocrx_word' id='word_1_209' title='bbox 371 3110 447 3173; x_wconf 91' lang='lat' dir='ltr'>sunt,</span> <span class='ocrx_word' id='word_1_210' title='bbox 464 3105 503 3160; x_wconf 90' lang='lat' dir='ltr'>sic</span> <span class='ocrx_word' id='word_1_211' title='bbox 517 3106 661 3160; x_wconf 88' lang='lat' dir='ltr'>habentur</span> <span class='ocrx_word' id='word_1_212' title='bbox 675 3106 711 3161; x_wconf 87' lang='lat' dir='ltr'>ad</span> <span class='ocrx_word' id='word_1_213' title='bbox 733 3111 913 3161; x_wconf 89' lang='lat' dir='ltr'>momontum</span> 
     </span>
     <span class='ocr_line' id='line_1_33' title="bbox 59 3193 910 3266; baseline -0.006 -13"><span class='ocrx_word' id='word_1_214' title='bbox 59 3197 206 3254; x_wconf 80' lang='lat' dir='ltr'>felicitatis</span> <span class='ocrx_word' id='word_1_215' title='bbox 234 3202 263 3250; x_wconf 89' lang='lat' dir='ltr'>et</span> <span class='ocrx_word' id='word_1_216' title='bbox 284 3194 418 3262; x_wconf 75' lang='lat' dir='ltr'>miseriae,</span> <span class='ocrx_word' id='word_1_217' title='bbox 449 3193 531 3266; x_wconf 89' lang='lat' dir='ltr'>quasi</span> <span class='ocrx_word' id='word_1_218' title='bbox 558 3209 706 3265; x_wconf 90' lang='lat' dir='ltr'>nunquam</span> <span class='ocrx_word' id='word_1_219' title='bbox 734 3193 910 3249; x_wconf 85' lang='lat' dir='ltr'>accidissent.</span> 
     </span>
     <span class='ocr_line' id='line_1_34' title="bbox 60 3281 911 3356; baseline -0.002 -17"><span class='ocrx_word' id='word_1_220' title='bbox 60 3284 137 3350; x_wconf 83' lang='lat' dir='ltr'>Quid</span> <span class='ocrx_word' id='word_1_221' title='bbox 150 3284 241 3356; x_wconf 91' lang='lat' dir='ltr'>igitur</span> <span class='ocrx_word' id='word_1_222' title='bbox 251 3283 322 3338; x_wconf 92' lang='lat' dir='ltr'>mihi</span> <span class='ocrx_word' id='word_1_223' title='bbox 338 3283 429 3351; x_wconf 90' lang='lat' dir='ltr'>obest,</span> <span class='ocrx_word' id='word_1_224' title='bbox 446 3282 471 3336; x_wconf 95' lang='lat' dir='ltr'>si</span> <span class='ocrx_word' id='word_1_225' title='bbox 486 3298 546 3337; x_wconf 88' lang='lat' dir='ltr'>esse</span> <span class='ocrx_word' id='word_1_226' title='bbox 561 3282 677 3354; x_wconf 91' lang='lat' dir='ltr'>quando</span> <span class='ocrx_word' id='word_1_227' title='bbox 703 3281 837 3354; x_wconf 87' lang='lat' dir='ltr'>eoeperim</span> <span class='ocrx_word' id='word_1_228' title='bbox 862 3297 911 3337; x_wconf 91' lang='lat' dir='ltr'>ne·</span> 
     </span>
     <span class='ocr_line' id='line_1_35' title="bbox 59 3369 912 3440; baseline -0.005 -12"><span class='ocrx_word' id='word_1_229' title='bbox 59 3374 117 3437; x_wconf 91' lang='lat' dir='ltr'>cio,</span> <span class='ocrx_word' id='word_1_230' title='bbox 132 3388 198 3428; x_wconf 88' lang='lat' dir='ltr'>eum</span> <span class='ocrx_word' id='word_1_231' title='bbox 223 3387 284 3427; x_wconf 89' lang='lat' dir='ltr'>esse</span> <span class='ocrx_word' id='word_1_232' title='bbox 300 3387 346 3425; x_wconf 92' lang='lat' dir='ltr'>me</span> <span class='ocrx_word' id='word_1_233' title='bbox 362 3369 501 3436; x_wconf 85' lang='lat' dir='ltr'>noverim,</span> <span class='ocrx_word' id='word_1_234' title='bbox 517 3386 569 3425; x_wconf 91' lang='lat' dir='ltr'>nec</span> <span class='ocrx_word' id='word_1_235' title='bbox 589 3370 718 3426; x_wconf 80' lang='lat' dir='ltr'>futurum</span> <span class='ocrx_word' id='word_1_236' title='bbox 735 3386 796 3425; x_wconf 88' lang='lat' dir='ltr'>esse</span> <span class='ocrx_word' id='word_1_237' title='bbox 811 3370 912 3440; x_wconf 88' lang='lat' dir='ltr'>despe-</span> 
     </span>
     <span class='ocr_line' id='line_1_36' title="bbox 61 3457 912 3530; baseline -0.005 -12"><span class='ocrx_word' id='word_1_238' title='bbox 61 3464 149 3518; x_wconf 87' lang='lat' dir='ltr'>rem‘l</span> <span class='ocrx_word' id='word_1_239' title='bbox 163 3463 225 3517; x_wconf 88' lang='lat' dir='ltr'>Non</span> <span class='ocrx_word' id='word_1_240' title='bbox 240 3460 317 3515; x_wconf 88' lang='lat' dir='ltr'>euim</span> <span class='ocrx_word' id='word_1_241' title='bbox 331 3459 361 3514; x_wconf 92' lang='lat' dir='ltr'>in</span> <span class='ocrx_word' id='word_1_242' title='bbox 372 3457 518 3530; x_wconf 72' lang='lat' dir='ltr'>preterita</span> <span class='ocrx_word' id='word_1_243' title='bbox 526 3474 572 3512; x_wconf 88' lang='lat' dir='ltr'>ms</span> <span class='ocrx_word' id='word_1_244' title='bbox 585 3459 714 3526; x_wconf 85' lang='lat' dir='ltr'>attendo,</span> <span class='ocrx_word' id='word_1_245' title='bbox 729 3463 762 3513; x_wconf 91' lang='lat' dir='ltr'>ut</span> <span class='ocrx_word' id='word_1_246' title='bbox 775 3462 912 3530; x_wconf 89' lang='lat' dir='ltr'>tanquam</span> 
     </span>
     <span class='ocr_line' id='line_1_37' title="bbox 60 3545 912 3620; baseline -0.004 -17"><span class='ocrx_word' id='word_1_247' title='bbox 60 3564 191 3604; x_wconf 88' lang='lat' dir='ltr'>errorem</span> <span class='ocrx_word' id='word_1_248' title='bbox 205 3547 481 3620; x_wconf 89' lang='lat' dir='ltr'>perniciosissimum</span> <span class='ocrx_word' id='word_1_249' title='bbox 493 3562 601 3614; x_wconf 89' lang='lat' dir='ltr'>verear,</span> <span class='ocrx_word' id='word_1_250' title='bbox 616 3545 641 3600; x_wconf 89' lang='lat' dir='ltr'>si</span> <span class='ocrx_word' id='word_1_251' title='bbox 656 3546 741 3601; x_wconf 91' lang='lat' dir='ltr'>aliter</span> <span class='ocrx_word' id='word_1_252' title='bbox 758 3546 793 3600; x_wconf 91' lang='lat' dir='ltr'>de</span> <span class='ocrx_word' id='word_1_253' title='bbox 804 3545 839 3599; x_wconf 88' lang='lat' dir='ltr'>iis</span> <span class='ocrx_word' id='word_1_254' title='bbox 850 3561 912 3600; x_wconf 89' lang='lat' dir='ltr'>sen-</span> 
     </span>
     <span class='ocr_line' id='line_1_38' title="bbox 60 3634 912 3708; baseline -0.004 -15"><span class='ocrx_word' id='word_1_255' title='bbox 60 3653 125 3693; x_wconf 86' lang='lat' dir='ltr'>sero</span> <span class='ocrx_word' id='word_1_256' title='bbox 140 3653 226 3708; x_wconf 89' lang='lat' dir='ltr'>quam</span> <span class='ocrx_word' id='word_1_257' title='bbox 244 3637 361 3691; x_wconf 87' lang='lat' dir='ltr'>luerunt</span> <span class='ocrx_word' id='word_1_258' title='bbox 376 3652 384 3691; x_wconf 76' lang='lat' dir='ltr'><strong><em>z</em></strong></span> <span class='ocrx_word' id='word_1_259' title='bbox 400 3634 492 3690; x_wconf 87' lang='lat' dir='ltr'>sedin</span> <span class='ocrx_word' id='word_1_260' title='bbox 505 3634 535 3690; x_wconf 91' lang='lat' dir='ltr'>id</span> <span class='ocrx_word' id='word_1_261' title='bbox 547 3635 749 3706; x_wconf 86' lang='lat' dir='ltr'>quodluturus</span> <span class='ocrx_word' id='word_1_262' title='bbox 763 3650 838 3695; x_wconf 89' lang='lat' dir='ltr'>sum,</span> <span class='ocrx_word' id='word_1_263' title='bbox 850 3650 912 3690; x_wconf 90' lang='lat' dir='ltr'>cur·</span> 
     </span>
     <span class='ocr_line' id='line_1_39' title="bbox 60 3722 912 3797; baseline -0.004 -16"><span class='ocrx_word' id='word_1_264' title='bbox 60 3741 127 3781; x_wconf 93' lang='lat' dir='ltr'>sum</span> <span class='ocrx_word' id='word_1_265' title='bbox 142 3725 234 3797; x_wconf 88' lang='lat' dir='ltr'>dirigo</span> <span class='ocrx_word' id='word_1_266' title='bbox 250 3725 321 3780; x_wconf 89' lang='lat' dir='ltr'>duce</span> <span class='ocrx_word' id='word_1_267' title='bbox 335 3722 530 3779; x_wconf 87' lang='lat' dir='ltr'>misericordia</span> <span class='ocrx_word' id='word_1_268' title='bbox 543 3723 705 3779; x_wconf 78' lang='lat' dir='ltr'>conditoris</span> <span class='ocrx_word' id='word_1_269' title='bbox 720 3722 787 3778; x_wconf 91' lang='lat' dir='ltr'>mei.</span> <span class='ocrx_word' id='word_1_270' title='bbox 803 3723 843 3778; x_wconf 84' lang='lat' dir='ltr'>lle</span> <span class='ocrx_word' id='word_1_271' title='bbox 857 3724 912 3778; x_wconf 90' lang='lat' dir='ltr'>boc</span> 
     </span>
     <span class='ocr_line' id='line_1_40' title="bbox 59 3810 911 3885; baseline -0.002 -16"><span class='ocrx_word' id='word_1_272' title='bbox 59 3813 151 3885; x_wconf 90' lang='lat' dir='ltr'>igitur</span> <span class='ocrx_word' id='word_1_273' title='bbox 165 3814 242 3885; x_wconf 92' lang='lat' dir='ltr'>quod</span> <span class='ocrx_word' id='word_1_274' title='bbox 258 3814 370 3868; x_wconf 87' lang='lat' dir='ltr'>tuturus</span> <span class='ocrx_word' id='word_1_275' title='bbox 382 3817 493 3878; x_wconf 86' lang='lat' dir='ltr'>sum,et</span> <span class='ocrx_word' id='word_1_276' title='bbox 503 3812 537 3867; x_wconf 89' lang='lat' dir='ltr'>de</span> <span class='ocrx_word' id='word_1_277' title='bbox 548 3810 597 3867; x_wconf 93' lang='lat' dir='ltr'>illo</span> <span class='ocrx_word' id='word_1_278' title='bbox 613 3811 688 3883; x_wconf 82' lang='lat' dir='ltr'>apud</span> <span class='ocrx_word' id='word_1_279' title='bbox 698 3827 785 3883; x_wconf 89' lang='lat' dir='ltr'>quem</span> <span class='ocrx_word' id='word_1_280' title='bbox 797 3811 911 3868; x_wconf 82' lang='lat' dir='ltr'>tuturus</span> 
     </span>
     <span class='ocr_line' id='line_1_41' title="bbox 60 3900 913 3974; baseline -0.004 -16"><span class='ocrx_word' id='word_1_281' title='bbox 60 3918 137 3971; x_wconf 89' lang='lat' dir='ltr'>sum,</span> <span class='ocrx_word' id='word_1_282' title='bbox 153 3902 178 3956; x_wconf 90' lang='lat' dir='ltr'>si</span> <span class='ocrx_word' id='word_1_283' title='bbox 191 3902 274 3957; x_wconf 87' lang='lat' dir='ltr'>alitor</span> <span class='ocrx_word' id='word_1_284' title='bbox 286 3916 372 3974; x_wconf 88' lang='lat' dir='ltr'>quam</span> <span class='ocrx_word' id='word_1_285' title='bbox 384 3900 487 3956; x_wconf 85' lang='lat' dir='ltr'>veritas</span> <span class='ocrx_word' id='word_1_286' title='bbox 502 3916 562 3956; x_wconf 88' lang='lat' dir='ltr'>esse</span> <span class='ocrx_word' id='word_1_287' title='bbox 589 3901 675 3956; x_wconf 89' lang='lat' dir='ltr'>babet</span> <span class='ocrx_word' id='word_1_288' title='bbox 701 3901 847 3957; x_wconf 88' lang='lat' dir='ltr'>credidero</span> <span class='ocrx_word' id='word_1_289' title='bbox 862 3905 913 3956; x_wconf 89' lang='lat' dir='ltr'>aut</span> 
     </span>
     <span class='ocr_line' id='line_1_42' title="bbox 62 3987 911 4058; baseline -0.002 -13"><span class='ocrx_word' id='word_1_290' title='bbox 62 4007 191 4058; x_wconf 88' lang='lat' dir='ltr'>sensero,</span> <span class='ocrx_word' id='word_1_291' title='bbox 221 3991 405 4046; x_wconf 84' lang='lat' dir='ltr'>vehementer</span> <span class='ocrx_word' id='word_1_292' title='bbox 430 3989 573 4044; x_wconf 86' lang='lat' dir='ltr'>cavendus</span> <span class='ocrx_word' id='word_1_293' title='bbox 592 3993 635 4044; x_wconf 86' lang='lat' dir='ltr'>est</span> <span class='ocrx_word' id='word_1_294' title='bbox 662 4005 761 4057; x_wconf 87' lang='lat' dir='ltr'>error;</span> <span class='ocrx_word' id='word_1_295' title='bbox 778 4005 814 4044; x_wconf 94' lang='lat' dir='ltr'>ne</span> <span class='ocrx_word' id='word_1_296' title='bbox 838 3987 911 4044; x_wconf 93' lang='lat' dir='ltr'>mihi</span> 
     </span>
     <span class='ocr_line' id='line_1_43' title="bbox 61 4077 912 4148; baseline -0.001 -15"><span class='ocrx_word' id='word_1_297' title='bbox 61 4083 113 4133; x_wconf 89' lang='lat' dir='ltr'>aut</span> <span class='ocrx_word' id='word_1_298' title='bbox 127 4078 285 4134; x_wconf 86' lang='lat' dir='ltr'>necessaria</span> <span class='ocrx_word' id='word_1_299' title='bbox 311 4094 370 4133; x_wconf 92' lang='lat' dir='ltr'>non</span> <span class='ocrx_word' id='word_1_300' title='bbox 395 4092 566 4148; x_wconf 74' lang='lat' dir='ltr'>praeparem,</span> <span class='ocrx_word' id='word_1_301' title='bbox 594 4080 643 4132; x_wconf 88' lang='lat' dir='ltr'>aut</span> <span class='ocrx_word' id='word_1_302' title='bbox 667 4077 703 4131; x_wconf 87' lang='lat' dir='ltr'>ad</span> <span class='ocrx_word' id='word_1_303' title='bbox 720 4093 787 4131; x_wconf 93' lang='lat' dir='ltr'>eum</span> <span class='ocrx_word' id='word_1_304' title='bbox 816 4077 912 4148; x_wconf 89' lang='lat' dir='ltr'>ipsum</span> 
     </span>
     <span class='ocr_line' id='line_1_44' title="bbox 62 4164 910 4238; baseline -0.002 -16"><span class='ocrx_word' id='word_1_305' title='bbox 62 4167 151 4222; x_wconf 86' lang='lat' dir='ltr'>linem</span> <span class='ocrx_word' id='word_1_306' title='bbox 165 4167 307 4238; x_wconf 90' lang='lat' dir='ltr'>propositi</span> <span class='ocrx_word' id='word_1_307' title='bbox 321 4165 390 4233; x_wconf 86' lang='lat' dir='ltr'>mei,</span> <span class='ocrx_word' id='word_1_308' title='bbox 406 4164 622 4237; x_wconf 86' lang='lat' dir='ltr'>dumaliudpro</span> <span class='ocrx_word' id='word_1_309' title='bbox 637 4164 692 4219; x_wconf 89' lang='lat' dir='ltr'>alio</span> <span class='ocrx_word' id='word_1_310' title='bbox 707 4165 778 4220; x_wconf 89' lang='lat' dir='ltr'>mibi</span> <span class='ocrx_word' id='word_1_311' title='bbox 788 4165 910 4234; x_wconf 84' lang='lat' dir='ltr'>videtur,</span> 
     </span>
     <span class='ocr_line' id='line_1_45' title="bbox 61 4253 912 4328; baseline -0.002 -18"><span class='ocrx_word' id='word_1_312' title='bbox 61 4255 216 4328; x_wconf 85' lang='lat' dir='ltr'>pervenire</span> <span class='ocrx_word' id='word_1_313' title='bbox 231 4271 289 4310; x_wconf 92' lang='lat' dir='ltr'>non</span> <span class='ocrx_word' id='word_1_314' title='bbox 304 4253 421 4327; x_wconf 92' lang='lat' dir='ltr'>possim.</span> <span class='ocrx_word' id='word_1_315' title='bbox 436 4253 710 4319; x_wconf 80' lang='lat' dir='ltr'>Quamobremsicnt</span> <span class='ocrx_word' id='word_1_316' title='bbox 733 4253 770 4308; x_wconf 91' lang='lat' dir='ltr'>ad</span> <span class='ocrx_word' id='word_1_317' title='bbox 792 4268 912 4324; x_wconf 88' lang='lat' dir='ltr'>compa-</span> 
     </span>
     <span class='ocr_line' id='line_1_46' title="bbox 60 4340 911 4413; baseline 0 -16"><span class='ocrx_word' id='word_1_318' title='bbox 60 4342 182 4399; x_wconf 89' lang='lat' dir='ltr'>randam</span> <span class='ocrx_word' id='word_1_319' title='bbox 196 4348 304 4399; x_wconf 82' lang='lat' dir='ltr'>vestam</span> <span class='ocrx_word' id='word_1_320' title='bbox 317 4343 390 4398; x_wconf 89' lang='lat' dir='ltr'>nihil</span> <span class='ocrx_word' id='word_1_321' title='bbox 417 4341 488 4397; x_wconf 90' lang='lat' dir='ltr'>mihi</span> <span class='ocrx_word' id='word_1_322' title='bbox 502 4343 623 4408; x_wconf 87' lang='lat' dir='ltr'>obesset,</span> <span class='ocrx_word' id='word_1_323' title='bbox 646 4341 671 4395; x_wconf 88' lang='lat' dir='ltr'>si</span> <span class='ocrx_word' id='word_1_324' title='bbox 684 4340 836 4413; x_wconf 68' lang='lat' dir='ltr'>praeteritae</span> <span class='ocrx_word' id='word_1_325' title='bbox 850 4342 911 4397; x_wconf 91' lang='lat' dir='ltr'>bie-</span> 
     </span>
     <span class='ocr_line' id='line_1_47' title="bbox 63 4428 912 4501; baseline -0.002 -15"><span class='ocrx_word' id='word_1_326' title='bbox 63 4431 119 4486; x_wconf 91' lang='lat' dir='ltr'>mis</span> <span class='ocrx_word' id='word_1_327' title='bbox 134 4432 239 4487; x_wconf 91' lang='lat' dir='ltr'>oblitus</span> <span class='ocrx_word' id='word_1_328' title='bbox 255 4448 357 4498; x_wconf 90' lang='lat' dir='ltr'>essem,</span> <span class='ocrx_word' id='word_1_329' title='bbox 386 4431 498 4486; x_wconf 91' lang='lat' dir='ltr'>obesset</span> <span class='ocrx_word' id='word_1_330' title='bbox 518 4435 613 4486; x_wconf 88' lang='lat' dir='ltr'>autom</span> <span class='ocrx_word' id='word_1_331' title='bbox 628 4429 651 4484; x_wconf 92' lang='lat' dir='ltr'>si</span> <span class='ocrx_word' id='word_1_332' title='bbox 665 4429 796 4485; x_wconf 87' lang='lat' dir='ltr'>futurum</span> <span class='ocrx_word' id='word_1_333' title='bbox 821 4428 912 4501; x_wconf 78' lang='lat' dir='ltr'>frigus</span> 
     </span>
     <span class='ocr_line' id='line_1_48' title="bbox 61 4519 910 4585; baseline -0.001 -10"><span class='ocrx_word' id='word_1_334' title='bbox 61 4520 215 4575; x_wconf 89' lang='lat' dir='ltr'>imminere</span> <span class='ocrx_word' id='word_1_335' title='bbox 230 4536 288 4576; x_wconf 94' lang='lat' dir='ltr'>non</span> <span class='ocrx_word' id='word_1_336' title='bbox 302 4520 468 4575; x_wconf 87' lang='lat' dir='ltr'>crederem:</span> <span class='ocrx_word' id='word_1_337' title='bbox 483 4519 523 4574; x_wconf 90' lang='lat' dir='ltr'>ita</span> <span class='ocrx_word' id='word_1_338' title='bbox 534 4519 607 4575; x_wconf 92' lang='lat' dir='ltr'>nihil</span> <span class='ocrx_word' id='word_1_339' title='bbox 617 4519 818 4574; x_wconf 83' lang='lat' dir='ltr'>oberitanimae</span> <span class='ocrx_word' id='word_1_340' title='bbox 827 4535 910 4585; x_wconf 84' lang='lat' dir='ltr'>meae,</span> 
     </span>
     <span class='ocr_line' id='line_1_49' title="bbox 62 4607 912 4682; baseline -0.001 -19"><span class='ocrx_word' id='word_1_341' title='bbox 62 4608 87 4663; x_wconf 92' lang='lat' dir='ltr'>si</span> <span class='ocrx_word' id='word_1_342' title='bbox 102 4609 190 4665; x_wconf 89' lang='lat' dir='ltr'>oblita</span> <span class='ocrx_word' id='word_1_343' title='bbox 202 4614 244 4665; x_wconf 88' lang='lat' dir='ltr'>est</span> <span class='ocrx_word' id='word_1_344' title='bbox 258 4609 327 4682; x_wconf 90' lang='lat' dir='ltr'>quid</span> <span class='ocrx_word' id='word_1_345' title='bbox 343 4610 416 4664; x_wconf 86' lang='lat' dir='ltr'>forte</span> <span class='ocrx_word' id='word_1_346' title='bbox 441 4609 602 4679; x_wconf 88' lang='lat' dir='ltr'>pertulerit,</span> <span class='ocrx_word' id='word_1_347' title='bbox 616 4608 641 4663; x_wconf 90' lang='lat' dir='ltr'>si</span> <span class='ocrx_word' id='word_1_348' title='bbox 655 4609 739 4663; x_wconf 90' lang='lat' dir='ltr'>modu</span> <span class='ocrx_word' id='word_1_349' title='bbox 760 4607 912 4680; x_wconf 82' lang='lat' dir='ltr'>diligenter</span> 
     </span>
     <span class='ocr_line' id='line_1_50' title="bbox 62 4698 912 4771; baseline -0.005 -17"><span class='ocrx_word' id='word_1_350' title='bbox 62 4699 191 4754; x_wconf 88' lang='lat' dir='ltr'>advertat</span> <span class='ocrx_word' id='word_1_351' title='bbox 206 4705 235 4755; x_wconf 90' lang='lat' dir='ltr'>et</span> <span class='ocrx_word' id='word_1_352' title='bbox 248 4703 346 4754; x_wconf 89' lang='lat' dir='ltr'>teneat</span> <span class='ocrx_word' id='word_1_353' title='bbox 359 4714 416 4771; x_wconf 91' lang='lat' dir='ltr'>quo</span> <span class='ocrx_word' id='word_1_354' title='bbox 433 4714 462 4752; x_wconf 91' lang='lat' dir='ltr'>se</span> <span class='ocrx_word' id='word_1_355' title='bbox 478 4698 611 4769; x_wconf 88' lang='lat' dir='ltr'>deinceps</span> <span class='ocrx_word' id='word_1_356' title='bbox 635 4713 735 4769; x_wconf 89' lang='lat' dir='ltr'>parare</span> <span class='ocrx_word' id='word_1_357' title='bbox 750 4700 912 4764; x_wconf 88' lang='lat' dir='ltr'>moneatur,</span> 
     </span>
     <span class='ocr_line' id='line_1_51' title="bbox 63 4784 912 4858; baseline -0.005 -15"><span class='ocrx_word' id='word_1_358' title='bbox 63 4789 96 4843; x_wconf 84' lang='lat' dir='ltr'>Et</span> <span class='ocrx_word' id='word_1_359' title='bbox 110 4788 192 4854; x_wconf 87' lang='lat' dir='ltr'>sieut,</span> <span class='ocrx_word' id='word_1_360' title='bbox 209 4788 289 4842; x_wconf 85' lang='lat' dir='ltr'>verbi</span> <span class='ocrx_word' id='word_1_361' title='bbox 303 4787 406 4858; x_wconf 89' lang='lat' dir='ltr'>gratia,</span> <span class='ocrx_word' id='word_1_362' title='bbox 424 4788 543 4842; x_wconf 84' lang='lat' dir='ltr'>Romam</span> <span class='ocrx_word' id='word_1_363' title='bbox 561 4786 708 4857; x_wconf 83' lang='lat' dir='ltr'>naviganti</span> <span class='ocrx_word' id='word_1_364' title='bbox 735 4784 806 4840; x_wconf 90' lang='lat' dir='ltr'>nihil</span> <span class='ocrx_word' id='word_1_365' title='bbox 828 4800 912 4839; x_wconf 86' lang='lat' dir='ltr'>noes·</span> 
     </span>
     <span class='ocr_line' id='line_1_52' title="bbox 62 4874 913 4946; baseline -0.002 -16"><span class='ocrx_word' id='word_1_366' title='bbox 62 4881 106 4931; x_wconf 91' lang='lat' dir='ltr'>ret</span> <span class='ocrx_word' id='word_1_367' title='bbox 118 4876 141 4930; x_wconf 90' lang='lat' dir='ltr'>si</span> <span class='ocrx_word' id='word_1_368' title='bbox 156 4875 306 4931; x_wconf 86' lang='lat' dir='ltr'>excidisset</span> <span class='ocrx_word' id='word_1_369' title='bbox 329 4877 437 4941; x_wconf 88' lang='lat' dir='ltr'>animo,</span> <span class='ocrx_word' id='word_1_370' title='bbox 454 4891 541 4946; x_wconf 90' lang='lat' dir='ltr'>aquo</span> <span class='ocrx_word' id='word_1_371' title='bbox 568 4875 664 4930; x_wconf 91' lang='lat' dir='ltr'>littore</span> <span class='ocrx_word' id='word_1_372' title='bbox 692 4889 793 4929; x_wconf 85' lang='lat' dir='ltr'>navem</span> <span class='ocrx_word' id='word_1_373' title='bbox 821 4874 913 4928; x_wconf 83' lang='lat' dir='ltr'>solve·</span> 
     </span>
     <span class='ocr_line' id='line_1_53' title="bbox 60 4962 915 5035; baseline -0.005 -15"><span class='ocrx_word' id='word_1_374' title='bbox 60 4966 111 5025; x_wconf 90' lang='lat' dir='ltr'>rit,</span> <span class='ocrx_word' id='word_1_375' title='bbox 128 4963 198 5019; x_wconf 89' lang='lat' dir='ltr'>dum</span> <span class='ocrx_word' id='word_1_376' title='bbox 212 4967 310 5018; x_wconf 86' lang='lat' dir='ltr'>tamen</span> <span class='ocrx_word' id='word_1_377' title='bbox 324 4964 405 5020; x_wconf 90' lang='lat' dir='ltr'>abeo</span> <span class='ocrx_word' id='word_1_378' title='bbox 429 4965 490 5019; x_wconf 89' lang='lat' dir='ltr'>loco</span> <span class='ocrx_word' id='word_1_379' title='bbox 516 4962 567 5018; x_wconf 93' lang='lat' dir='ltr'>ubi</span> <span class='ocrx_word' id='word_1_380' title='bbox 592 4966 665 5018; x_wconf 86' lang='lat' dir='ltr'>esset</span> <span class='ocrx_word' id='word_1_381' title='bbox 688 4978 747 5018; x_wconf 91' lang='lat' dir='ltr'>non</span> <span class='ocrx_word' id='word_1_382' title='bbox 769 4962 915 5035; x_wconf 88' lang='lat' dir='ltr'>ignoraret</span> 
     </span>
     <span class='ocr_line' id='line_1_54' title="bbox 63 5049 914 5126; baseline -0.005 -18"><span class='ocrx_word' id='word_1_383' title='bbox 63 5070 122 5126; x_wconf 93' lang='lat' dir='ltr'>quo</span> <span class='ocrx_word' id='word_1_384' title='bbox 137 5066 255 5123; x_wconf 87' lang='lat' dir='ltr'>proram</span> <span class='ocrx_word' id='word_1_385' title='bbox 270 5051 425 5122; x_wconf 88' lang='lat' dir='ltr'>dirigeret;</span> <span class='ocrx_word' id='word_1_386' title='bbox 443 5051 515 5108; x_wconf 91' lang='lat' dir='ltr'>nihil</span> <span class='ocrx_word' id='word_1_387' title='bbox 531 5055 627 5107; x_wconf 87' lang='lat' dir='ltr'>autem</span> <span class='ocrx_word' id='word_1_388' title='bbox 649 5051 798 5122; x_wconf 90' lang='lat' dir='ltr'>prodesset</span> <span class='ocrx_word' id='word_1_389' title='bbox 813 5049 914 5107; x_wconf 88' lang='lat' dir='ltr'>memi-</span> 
     </span>
     <span class='ocr_line' id='line_1_55' title="bbox 64 5138 915 5207; baseline -0.004 -10"><span class='ocrx_word' id='word_1_390' title='bbox 64 5142 140 5198; x_wconf 90' lang='lat' dir='ltr'>nisse</span> <span class='ocrx_word' id='word_1_391' title='bbox 155 5138 260 5195; x_wconf 88' lang='lat' dir='ltr'>littoris</span> <span class='ocrx_word' id='word_1_392' title='bbox 280 5139 357 5194; x_wconf 90' lang='lat' dir='ltr'>unde</span> <span class='ocrx_word' id='word_1_393' title='bbox 383 5139 438 5194; x_wconf 88' lang='lat' dir='ltr'>iter</span> <span class='ocrx_word' id='word_1_394' title='bbox 465 5155 583 5194; x_wconf 85' lang='lat' dir='ltr'>exorsus</span> <span class='ocrx_word' id='word_1_395' title='bbox 612 5140 658 5207; x_wconf 88' lang='lat' dir='ltr'>sit,</span> <span class='ocrx_word' id='word_1_396' title='bbox 685 5139 710 5194; x_wconf 91' lang='lat' dir='ltr'>si</span> <span class='ocrx_word' id='word_1_397' title='bbox 740 5140 775 5195; x_wconf 89' lang='lat' dir='ltr'>de</span> <span class='ocrx_word' id='word_1_398' title='bbox 790 5141 915 5194; x_wconf 88' lang='lat' dir='ltr'>llomano</span> 
     </span>
     <span class='ocr_line' id='line_1_56' title="bbox 64 5225 916 5302; baseline -0.006 -17"><span class='ocrx_word' id='word_1_399' title='bbox 64 5234 149 5302; x_wconf 92' lang='lat' dir='ltr'>portu</span> <span class='ocrx_word' id='word_1_400' title='bbox 165 5227 268 5283; x_wconf 88' lang='lat' dir='ltr'>laisum</span> <span class='ocrx_word' id='word_1_401' title='bbox 283 5226 394 5298; x_wconf 89' lang='lat' dir='ltr'>aliquid</span> <span class='ocrx_word' id='word_1_402' title='bbox 409 5226 584 5294; x_wconf 88' lang='lat' dir='ltr'>existimans,</span> <span class='ocrx_word' id='word_1_403' title='bbox 594 5226 625 5282; x_wconf 91' lang='lat' dir='ltr'>in</span> <span class='ocrx_word' id='word_1_404' title='bbox 641 5242 708 5281; x_wconf 90' lang='lat' dir='ltr'>saxa</span> <span class='ocrx_word' id='word_1_405' title='bbox 719 5225 916 5282; x_wconf 77' lang='lat' dir='ltr'>incidissetzita</span> 
     </span>
     <span class='ocr_line' id='line_1_57' title="bbox 64 5313 914 5390; baseline -0.005 -17"><span class='ocrx_word' id='word_1_406' title='bbox 64 5334 159 5390; x_wconf 91' lang='lat' dir='ltr'>neque</span> <span class='ocrx_word' id='word_1_407' title='bbox 179 5316 203 5370; x_wconf 91' lang='lat' dir='ltr'>si</span> <span class='ocrx_word' id='word_1_408' title='bbox 229 5333 286 5370; x_wconf 89' lang='lat' dir='ltr'>non</span> <span class='ocrx_word' id='word_1_409' title='bbox 312 5320 432 5371; x_wconf 86' lang='lat' dir='ltr'>tenuero</span> <span class='ocrx_word' id='word_1_410' title='bbox 444 5313 557 5370; x_wconf 90' lang='lat' dir='ltr'>initium</span> <span class='ocrx_word' id='word_1_411' title='bbox 587 5314 724 5387; x_wconf 85' lang='lat' dir='ltr'>temporis</span> <span class='ocrx_word' id='word_1_412' title='bbox 751 5314 816 5370; x_wconf 80' lang='lat' dir='ltr'>sitm</span> <span class='ocrx_word' id='word_1_413' title='bbox 831 5329 914 5384; x_wconf 80' lang='lat' dir='ltr'>mem,</span> 
     </span>
     <span class='ocr_line' id='line_1_58' title="bbox 67 5402 913 5479; baseline -0.007 -16"><span class='ocrx_word' id='word_1_414' title='bbox 67 5409 226 5479; x_wconf 90' lang='lat' dir='ltr'>quidquam</span> <span class='ocrx_word' id='word_1_415' title='bbox 251 5405 325 5461; x_wconf 88' lang='lat' dir='ltr'>mibi</span> <span class='ocrx_word' id='word_1_416' title='bbox 339 5405 435 5460; x_wconf 92' lang='lat' dir='ltr'>oberit</span> <span class='ocrx_word' id='word_1_417' title='bbox 448 5404 548 5459; x_wconf 89' lang='lat' dir='ltr'>scienti</span> <span class='ocrx_word' id='word_1_418' title='bbox 563 5419 620 5476; x_wconf 91' lang='lat' dir='ltr'>quo</span> <span class='ocrx_word' id='word_1_419' title='bbox 646 5404 704 5459; x_wconf 89' lang='lat' dir='ltr'>tine</span> <span class='ocrx_word' id='word_1_420' title='bbox 719 5402 913 5474; x_wconf 90' lang='lat' dir='ltr'>requiescam;</span> 
     </span>
     <span class='ocr_line' id='line_1_59' title="bbox 66 5491 915 5567; baseline -0.009 -14"><span class='ocrx_word' id='word_1_421' title='bbox 66 5513 119 5553; x_wconf 91' lang='lat' dir='ltr'>noc</span> <span class='ocrx_word' id='word_1_422' title='bbox 133 5495 279 5567; x_wconf 88' lang='lat' dir='ltr'>prodesset</span> <span class='ocrx_word' id='word_1_423' title='bbox 292 5495 402 5567; x_wconf 91' lang='lat' dir='ltr'>aliquid</span> <span class='ocrx_word' id='word_1_424' title='bbox 422 5494 471 5549; x_wconf 89' lang='lat' dir='ltr'>illa</span> <span class='ocrx_word' id='word_1_425' title='bbox 493 5492 550 5547; x_wconf 86' lang='lat' dir='ltr'>sive</span> <span class='ocrx_word' id='word_1_426' title='bbox 575 5492 714 5549; x_wconf 88' lang='lat' dir='ltr'>memoria</span> <span class='ocrx_word' id='word_1_427' title='bbox 738 5491 795 5546; x_wconf 83' lang='lat' dir='ltr'>sire</span> <span class='ocrx_word' id='word_1_428' title='bbox 823 5492 915 5563; x_wconf 86' lang='lat' dir='ltr'>conje-</span> 
     </span>
    </p>
   </div>
   <div class='ocr_carea' id='block_1_3' title="bbox 100 5588 820 5649">
    <p class='ocr_par' dir='ltr' id='par_1_4' title="bbox 100 5588 820 5649">
     <span class='ocr_line' id='line_1_60' title="bbox 100 5588 820 5649; baseline -0.007 -7"><span class='ocrx_word' id='word_1_429' title='bbox 100 5596 107 5629; x_wconf 84' lang='lat'><strong>¹</strong></span> <span class='ocrx_word' id='word_1_430' title='bbox 123 5593 185 5642; x_wconf 86' lang='lat' dir='ltr'>Bad.</span> <span class='ocrx_word' id='word_1_431' title='bbox 204 5592 246 5643; x_wconf 85' lang='lat' dir='ltr'>Er.</span> <span class='ocrx_word' id='word_1_432' title='bbox 258 5593 355 5644; x_wconf 82' lang='lat' dir='ltr'>etllss.</span> <span class='ocrx_word' id='word_1_433' title='bbox 367 5596 452 5644; x_wconf 83' lang='lat' dir='ltr'>:sone</span> <span class='ocrx_word' id='word_1_434' title='bbox 467 5589 497 5642; x_wconf 83' lang='lat' dir='ltr'>iu</span> <span class='ocrx_word' id='word_1_435' title='bbox 506 5592 615 5642; x_wconf 76' lang='lat' dir='ltr'>miseria</span> <span class='ocrx_word' id='word_1_436' title='bbox 624 5588 820 5649; x_wconf 77' lang='lat' dir='ltr'>temporalium.</span> 
     </span>
    </p>
   </div>
   <div class='ocr_carea' id='block_1_4' title="bbox 797 335 1089 393">
    <p class='ocr_par' dir='ltr' id='par_1_5' title="bbox 797 335 1089 393">
     <span class='ocr_line' id='line_1_61' title="bbox 797 335 1089 393; baseline 0 -2"><span class='ocrx_word' id='word_1_437' title='bbox 797 336 904 393; x_wconf 79' lang='lat' dir='ltr'>LIBER</span> <span class='ocrx_word' id='word_1_438' title='bbox 923 335 1089 393; x_wconf 79' lang='lat' dir='ltr'><strong>TERTIUS.</strong></span> 
     </span>
    </p>
   </div>
   <div class='ocr_carea' id='block_1_5' title="bbox 1751 337 1819 390">
    <p class='ocr_par' dir='ltr' id='par_1_6' title="bbox 1751 337 1819 390">
     <span class='ocr_line' id='line_1_62' title="bbox 1751 337 1819 390; baseline 0.015 -2"><span class='ocrx_word' id='word_1_439' title='bbox 1751 337 1819 390; x_wconf 73' lang='lat'>1302</span> 
     </span>
    </p>
   </div>
   <div class='ocr_carea' id='block_1_6' title="bbox 969 456 1819 2108">
    <p class='ocr_par' dir='ltr' id='par_1_7' title="bbox 972 456 1819 707">
     <span class='ocr_line' id='line_1_63' title="bbox 973 456 1819 528; baseline 0 -16"><span class='ocrx_word' id='word_1_440' title='bbox 973 462 1051 513; x_wconf 86' lang='lat' dir='ltr'>ctura</span> <span class='ocrx_word' id='word_1_441' title='bbox 1067 457 1206 512; x_wconf 77' lang='lat' dir='ltr'>inchoata</span> <span class='ocrx_word' id='word_1_442' title='bbox 1221 456 1297 519; x_wconf 80' lang='lat' dir='ltr'>vita,</span> <span class='ocrx_word' id='word_1_443' title='bbox 1310 456 1334 510; x_wconf 88' lang='lat' dir='ltr'>si</span> <span class='ocrx_word' id='word_1_444' title='bbox 1348 456 1452 528; x_wconf 89' lang='lat' dir='ltr'>deipso</span> <span class='ocrx_word' id='word_1_445' title='bbox 1468 457 1535 517; x_wconf 85' lang='lat' dir='ltr'>Deo,</span> <span class='ocrx_word' id='word_1_446' title='bbox 1545 456 1675 527; x_wconf 90' lang='lat' dir='ltr'>quiunus</span> <span class='ocrx_word' id='word_1_447' title='bbox 1689 457 1819 513; x_wconf 91' lang='lat' dir='ltr'>laborum</span> 
     </span>
     <span class='ocr_line' id='line_1_64' title="bbox 972 545 1819 617; baseline 0.002 -17"><span class='ocrx_word' id='word_1_448' title='bbox 972 547 1077 602; x_wconf 89' lang='lat' dir='ltr'>animae</span> <span class='ocrx_word' id='word_1_449' title='bbox 1096 547 1161 602; x_wconf 87' lang='lat' dir='ltr'>linis</span> <span class='ocrx_word' id='word_1_450' title='bbox 1175 552 1226 608; x_wconf 86' lang='lat' dir='ltr'>est,</span> <span class='ocrx_word' id='word_1_451' title='bbox 1243 546 1326 600; x_wconf 90' lang='lat' dir='ltr'>aliter</span> <span class='ocrx_word' id='word_1_452' title='bbox 1340 561 1426 616; x_wconf 90' lang='lat' dir='ltr'>quam</span> <span class='ocrx_word' id='word_1_453' title='bbox 1439 545 1559 617; x_wconf 91' lang='lat' dir='ltr'>dignum</span> <span class='ocrx_word' id='word_1_454' title='bbox 1574 548 1616 600; x_wconf 90' lang='lat' dir='ltr'>est</span> <span class='ocrx_word' id='word_1_455' title='bbox 1631 545 1774 617; x_wconf 85' lang='lat' dir='ltr'>opinatus,</span> <span class='ocrx_word' id='word_1_456' title='bbox 1789 548 1819 602; x_wconf 92' lang='lat' dir='ltr'>in</span> 
     </span>
     <span class='ocr_line' id='line_1_65' title="bbox 974 634 1394 707; baseline -0.002 -17"><span class='ocrx_word' id='word_1_457' title='bbox 974 637 1106 707; x_wconf 89' lang='lat' dir='ltr'>scopulos</span> <span class='ocrx_word' id='word_1_458' title='bbox 1121 634 1226 690; x_wconf 88' lang='lat' dir='ltr'>erroris</span> <span class='ocrx_word' id='word_1_459' title='bbox 1239 634 1394 689; x_wconf 86' lang='lat' dir='ltr'>irruerem.</span> 
     </span>
    </p>

    <p class='ocr_par' dir='ltr' id='par_1_8' title="bbox 969 720 1819 2108">
     <span class='ocr_line' id='line_1_66' title="bbox 1009 720 1819 793; baseline -0.004 -14"><span class='ocrx_word' id='word_1_460' title='bbox 1009 727 1056 779; x_wconf 76' lang='lat' dir='ltr'>bl.</span> <span class='ocrx_word' id='word_1_461' title='bbox 1074 725 1130 778; x_wconf 91' lang='lat' dir='ltr'>Nec</span> <span class='ocrx_word' id='word_1_462' title='bbox 1143 723 1198 778; x_wconf 88' lang='lat' dir='ltr'>iste</span> <span class='ocrx_word' id='word_1_463' title='bbox 1210 739 1304 777; x_wconf 88' lang='lat' dir='ltr'>sermo</span> <span class='ocrx_word' id='word_1_464' title='bbox 1319 721 1353 776; x_wconf 88' lang='lat' dir='ltr'>ad</span> <span class='ocrx_word' id='word_1_465' title='bbox 1368 720 1397 775; x_wconf 93' lang='lat' dir='ltr'>id</span> <span class='ocrx_word' id='word_1_466' title='bbox 1411 721 1541 788; x_wconf 85' lang='lat' dir='ltr'>valuerit,</span> <span class='ocrx_word' id='word_1_467' title='bbox 1553 725 1585 776; x_wconf 92' lang='lat' dir='ltr'>ut</span> <span class='ocrx_word' id='word_1_468' title='bbox 1600 721 1752 793; x_wconf 86' lang='lat' dir='ltr'>quisquam</span> <span class='ocrx_word' id='word_1_469' title='bbox 1767 739 1819 777; x_wconf 92' lang='lat' dir='ltr'>nos</span> 
     </span>
     <span class='ocr_line' id='line_1_67' title="bbox 973 809 1818 883; baseline -0.001 -17"><span class='ocrx_word' id='word_1_470' title='bbox 973 811 1125 883; x_wconf 91' lang='lat' dir='ltr'>probibere</span> <span class='ocrx_word' id='word_1_471' title='bbox 1142 811 1297 866; x_wconf 86' lang='lat' dir='ltr'>arbitretur</span> <span class='ocrx_word' id='word_1_472' title='bbox 1312 814 1343 864; x_wconf 92' lang='lat' dir='ltr'>ut</span> <span class='ocrx_word' id='word_1_473' title='bbox 1359 814 1490 881; x_wconf 81' lang='lat' dir='ltr'>quaerant</span> <span class='ocrx_word' id='word_1_474' title='bbox 1503 809 1705 881; x_wconf 91' lang='lat' dir='ltr'>quipotuerint</span> <span class='ocrx_word' id='word_1_475' title='bbox 1719 827 1818 866; x_wconf 90' lang='lat' dir='ltr'>secun·</span> 
     </span>
     <span class='ocr_line' id='line_1_68' title="bbox 973 898 1818 971; baseline 0 -16"><span class='ocrx_word' id='word_1_476' title='bbox 973 901 1042 955; x_wconf 90' lang='lat' dir='ltr'>dum</span> <span class='ocrx_word' id='word_1_477' title='bbox 1056 900 1216 971; x_wconf 86' lang='lat' dir='ltr'>Scripturas</span> <span class='ocrx_word' id='word_1_478' title='bbox 1231 898 1367 954; x_wconf 83' lang='lat' dir='ltr'>divinitus</span> <span class='ocrx_word' id='word_1_479' title='bbox 1380 898 1543 970; x_wconf 87' lang='lat' dir='ltr'>inspiratas,</span> <span class='ocrx_word' id='word_1_480' title='bbox 1561 902 1658 954; x_wconf 91' lang='lat' dir='ltr'>utrum</span> <span class='ocrx_word' id='word_1_481' title='bbox 1672 899 1769 954; x_wconf 89' lang='lat' dir='ltr'>anima</span> <span class='ocrx_word' id='word_1_482' title='bbox 1783 900 1818 955; x_wconf 88' lang='lat' dir='ltr'>de</span> 
     </span>
     <span class='ocr_line' id='line_1_69' title="bbox 972 985 1818 1060; baseline 0 -18"><span class='ocrx_word' id='word_1_483' title='bbox 972 988 1069 1043; x_wconf 83' lang='lat' dir='ltr'>anima</span> <span class='ocrx_word' id='word_1_484' title='bbox 1083 991 1268 1060; x_wconf 86' lang='lat' dir='ltr'>propagetur,</span> <span class='ocrx_word' id='word_1_485' title='bbox 1283 1003 1320 1041; x_wconf 90' lang='lat' dir='ltr'>an</span> <span class='ocrx_word' id='word_1_486' title='bbox 1335 1003 1386 1041; x_wconf 90' lang='lat' dir='ltr'>suo</span> <span class='ocrx_word' id='word_1_487' title='bbox 1396 987 1498 1059; x_wconf 89' lang='lat' dir='ltr'>cuique</span> <span class='ocrx_word' id='word_1_488' title='bbox 1513 985 1653 1042; x_wconf 89' lang='lat' dir='ltr'>animanti</span> <span class='ocrx_word' id='word_1_489' title='bbox 1662 986 1818 1058; x_wconf 86' lang='lat' dir='ltr'>singulaein</span> 
     </span>
     <span class='ocr_line' id='line_1_70' title="bbox 972 1075 1817 1148; baseline -0.002 -17"><span class='ocrx_word' id='word_1_490' title='bbox 972 1076 1035 1148; x_wconf 88' lang='lat' dir='ltr'>ipsu</span> <span class='ocrx_word' id='word_1_491' title='bbox 1050 1077 1129 1144; x_wconf 85' lang='lat' dir='ltr'>liant,</span> <span class='ocrx_word' id='word_1_492' title='bbox 1146 1092 1184 1130; x_wconf 93' lang='lat' dir='ltr'>an</span> <span class='ocrx_word' id='word_1_493' title='bbox 1199 1076 1233 1130; x_wconf 89' lang='lat' dir='ltr'>ad</span> <span class='ocrx_word' id='word_1_494' title='bbox 1259 1077 1417 1146; x_wconf 90' lang='lat' dir='ltr'>regendum</span> <span class='ocrx_word' id='word_1_495' title='bbox 1446 1075 1689 1148; x_wconf 91' lang='lat' dir='ltr'>animandumque</span> <span class='ocrx_word' id='word_1_496' title='bbox 1715 1091 1817 1147; x_wconf 91' lang='lat' dir='ltr'>corpus</span> 
     </span>
     <span class='ocr_line' id='line_1_71' title="bbox 971 1163 1817 1235; baseline -0.004 -15"><span class='ocrx_word' id='word_1_497' title='bbox 971 1165 1067 1220; x_wconf 86' lang='lat' dir='ltr'>divino</span> <span class='ocrx_word' id='word_1_498' title='bbox 1082 1168 1154 1220; x_wconf 92' lang='lat' dir='ltr'>nutu</span> <span class='ocrx_word' id='word_1_499' title='bbox 1167 1164 1298 1219; x_wconf 90' lang='lat' dir='ltr'>alicunde</span> <span class='ocrx_word' id='word_1_500' title='bbox 1311 1163 1472 1231; x_wconf 91' lang='lat' dir='ltr'>mittantur,</span> <span class='ocrx_word' id='word_1_501' title='bbox 1488 1165 1531 1217; x_wconf 88' lang='lat' dir='ltr'>vel</span> <span class='ocrx_word' id='word_1_502' title='bbox 1541 1163 1659 1235; x_wconf 88' lang='lat' dir='ltr'>propria</span> <span class='ocrx_word' id='word_1_503' title='bbox 1673 1164 1817 1218; x_wconf 82' lang='lat' dir='ltr'>voluntate</span> 
     </span>
     <span class='ocr_line' id='line_1_72' title="bbox 971 1251 1817 1322; baseline -0.004 -14"><span class='ocrx_word' id='word_1_504' title='bbox 971 1271 1001 1308; x_wconf 90' lang='lat' dir='ltr'>se</span> <span class='ocrx_word' id='word_1_505' title='bbox 1016 1253 1180 1321; x_wconf 75' lang='lat' dir='ltr'>insinuen13</span> <span class='ocrx_word' id='word_1_506' title='bbox 1196 1253 1217 1306; x_wconf 90' lang='lat' dir='ltr'>si</span> <span class='ocrx_word' id='word_1_507' title='bbox 1235 1252 1277 1306; x_wconf 85' lang='lat' dir='ltr'>vel</span> <span class='ocrx_word' id='word_1_508' title='bbox 1298 1251 1417 1322; x_wconf 86' lang='lat' dir='ltr'>alicujus</span> <span class='ocrx_word' id='word_1_509' title='bbox 1441 1251 1625 1322; x_wconf 77' lang='lat' dir='ltr'>expediendae</span> <span class='ocrx_word' id='word_1_510' title='bbox 1651 1251 1817 1306; x_wconf 79' lang='lat' dir='ltr'>necessaria·</span> 
     </span>
     <span class='ocr_line' id='line_1_73' title="bbox 970 1338 1818 1415; baseline -0.001 -20"><span class='ocrx_word' id='word_1_511' title='bbox 970 1341 1139 1415; x_wconf 79' lang='lat' dir='ltr'>quaestionis</span> <span class='ocrx_word' id='word_1_512' title='bbox 1153 1341 1226 1396; x_wconf 89' lang='lat' dir='ltr'>ratio</span> <span class='ocrx_word' id='word_1_513' title='bbox 1240 1339 1351 1409; x_wconf 86' lang='lat' dir='ltr'>llagitat</span> <span class='ocrx_word' id='word_1_514' title='bbox 1365 1341 1420 1394; x_wconf 88' lang='lat' dir='ltr'>ista</span> <span class='ocrx_word' id='word_1_515' title='bbox 1432 1339 1613 1395; x_wconf 88' lang='lat' dir='ltr'>considerare</span> <span class='ocrx_word' id='word_1_516' title='bbox 1626 1342 1711 1410; x_wconf 86' lang='lat' dir='ltr'>atque</span> <span class='ocrx_word' id='word_1_517' title='bbox 1725 1338 1818 1394; x_wconf 90' lang='lat' dir='ltr'>discu-</span> 
     </span>
     <span class='ocr_line' id='line_1_74' title="bbox 970 1426 1818 1499; baseline -0.006 -14"><span class='ocrx_word' id='word_1_518' title='bbox 970 1434 1041 1498; x_wconf 91' lang='lat' dir='ltr'>tere,</span> <span class='ocrx_word' id='word_1_519' title='bbox 1056 1431 1133 1484; x_wconf 81' lang='lat' dir='ltr'>vela</span> <span class='ocrx_word' id='word_1_520' title='bbox 1154 1428 1239 1484; x_wconf 88' lang='lat' dir='ltr'>rebus</span> <span class='ocrx_word' id='word_1_521' title='bbox 1263 1427 1355 1499; x_wconf 90' lang='lat' dir='ltr'>magis</span> <span class='ocrx_word' id='word_1_522' title='bbox 1383 1426 1548 1481; x_wconf 88' lang='lat' dir='ltr'>necessariis</span> <span class='ocrx_word' id='word_1_523' title='bbox 1578 1426 1669 1481; x_wconf 90' lang='lat' dir='ltr'>otium</span> <span class='ocrx_word' id='word_1_524' title='bbox 1697 1427 1733 1480; x_wconf 90' lang='lat' dir='ltr'>ad</span> <span class='ocrx_word' id='word_1_525' title='bbox 1757 1427 1818 1481; x_wconf 82' lang='lat' dir='ltr'>hac</span> 
     </span>
     <span class='ocr_line' id='line_1_75' title="bbox 971 1513 1817 1590; baseline -0.006 -17"><span class='ocrx_word' id='word_1_526' title='bbox 971 1518 1126 1590; x_wconf 75' lang='lat' dir='ltr'>quaerenda</span> <span class='ocrx_word' id='word_1_527' title='bbox 1140 1523 1168 1572; x_wconf 89' lang='lat' dir='ltr'>et</span> <span class='ocrx_word' id='word_1_528' title='bbox 1179 1517 1344 1574; x_wconf 85' lang='lat' dir='ltr'>disserenda</span> <span class='ocrx_word' id='word_1_529' title='bbox 1355 1514 1532 1571; x_wconf 90' lang='lat' dir='ltr'>conceditur.</span> <span class='ocrx_word' id='word_1_530' title='bbox 1552 1515 1655 1569; x_wconf 88' lang='lat' dir='ltr'>Verum</span> <span class='ocrx_word' id='word_1_531' title='bbox 1668 1514 1704 1570; x_wconf 87' lang='lat' dir='ltr'>ad</span> <span class='ocrx_word' id='word_1_532' title='bbox 1718 1513 1748 1568; x_wconf 91' lang='lat' dir='ltr'>id</span> <span class='ocrx_word' id='word_1_533' title='bbox 1762 1530 1817 1586; x_wconf 93' lang='lat' dir='ltr'>po-</span> 
     </span>
     <span class='ocr_line' id='line_1_76' title="bbox 971 1602 1817 1676; baseline -0.008 -13"><span class='ocrx_word' id='word_1_534' title='bbox 971 1608 1028 1663; x_wconf 86' lang='lat' dir='ltr'>tius</span> <span class='ocrx_word' id='word_1_535' title='bbox 1044 1606 1099 1662; x_wconf 88' lang='lat' dir='ltr'>ista</span> <span class='ocrx_word' id='word_1_536' title='bbox 1111 1605 1243 1676; x_wconf 81' lang='lat' dir='ltr'>dixerim,</span> <span class='ocrx_word' id='word_1_537' title='bbox 1257 1621 1295 1660; x_wconf 88' lang='lat' dir='ltr'>ne</span> <span class='ocrx_word' id='word_1_538' title='bbox 1322 1603 1386 1675; x_wconf 92' lang='lat' dir='ltr'>quis</span> <span class='ocrx_word' id='word_1_539' title='bbox 1400 1603 1430 1658; x_wconf 93' lang='lat' dir='ltr'>in</span> <span class='ocrx_word' id='word_1_540' title='bbox 1446 1619 1477 1657; x_wconf 89' lang='lat' dir='ltr'>re</span> <span class='ocrx_word' id='word_1_541' title='bbox 1500 1602 1550 1657; x_wconf 88' lang='lat' dir='ltr'>tali</span> <span class='ocrx_word' id='word_1_542' title='bbox 1575 1604 1618 1657; x_wconf 79' lang='lat' dir='ltr'>vel</span> <span class='ocrx_word' id='word_1_543' title='bbox 1632 1606 1740 1658; x_wconf 89' lang='lat' dir='ltr'>temere</span> <span class='ocrx_word' id='word_1_544' title='bbox 1755 1618 1817 1656; x_wconf 89' lang='lat' dir='ltr'>sue·</span> 
     </span>
     <span class='ocr_line' id='line_1_77' title="bbox 970 1691 1817 1766; baseline -0.007 -16"><span class='ocrx_word' id='word_1_545' title='bbox 970 1699 1084 1750; x_wconf 87' lang='lat' dir='ltr'>censeat</span> <span class='ocrx_word' id='word_1_546' title='bbox 1094 1694 1121 1748; x_wconf 90' lang='lat' dir='ltr'>ei</span> <span class='ocrx_word' id='word_1_547' title='bbox 1136 1693 1186 1766; x_wconf 91' lang='lat' dir='ltr'>qui</span> <span class='ocrx_word' id='word_1_548' title='bbox 1202 1709 1260 1748; x_wconf 84' lang='lat' dir='ltr'>suae</span> <span class='ocrx_word' id='word_1_549' title='bbox 1273 1691 1404 1764; x_wconf 90' lang='lat' dir='ltr'>opinioni</span> <span class='ocrx_word' id='word_1_550' title='bbox 1417 1691 1589 1747; x_wconf 89' lang='lat' dir='ltr'>humaniore</span> <span class='ocrx_word' id='word_1_551' title='bbox 1604 1691 1722 1746; x_wconf 83' lang='lat' dir='ltr'>tortasse</span> <span class='ocrx_word' id='word_1_552' title='bbox 1737 1691 1817 1746; x_wconf 93' lang='lat' dir='ltr'>dubi-</span> 
     </span>
     <span class='ocr_line' id='line_1_78' title="bbox 970 1778 1815 1851; baseline -0.006 -14"><span class='ocrx_word' id='word_1_553' title='bbox 970 1782 1079 1838; x_wconf 89' lang='lat' dir='ltr'>tatione</span> <span class='ocrx_word' id='word_1_554' title='bbox 1092 1798 1150 1837; x_wconf 94' lang='lat' dir='ltr'>non</span> <span class='ocrx_word' id='word_1_555' title='bbox 1163 1781 1236 1837; x_wconf 86' lang='lat' dir='ltr'>cedit</span> <span class='ocrx_word' id='word_1_556' title='bbox 1252 1798 1258 1837; x_wconf 93' lang='lat'><strong>:</strong></span> <span class='ocrx_word' id='word_1_557' title='bbox 1276 1780 1424 1836; x_wconf 85' lang='lat' dir='ltr'>autetiam</span> <span class='ocrx_word' id='word_1_558' title='bbox 1440 1780 1462 1833; x_wconf 91' lang='lat' dir='ltr'>si</span> <span class='ocrx_word' id='word_1_559' title='bbox 1477 1779 1547 1851; x_wconf 93' lang='lat' dir='ltr'>quid</span> <span class='ocrx_word' id='word_1_560' title='bbox 1560 1778 1628 1833; x_wconf 92' lang='lat' dir='ltr'>hinc</span> <span class='ocrx_word' id='word_1_561' title='bbox 1642 1779 1710 1834; x_wconf 87' lang='lat' dir='ltr'>certi</span> <span class='ocrx_word' id='word_1_562' title='bbox 1738 1779 1815 1850; x_wconf 92' lang='lat' dir='ltr'>quis-</span> 
     </span>
     <span class='ocr_line' id='line_1_79' title="bbox 970 1866 1816 1944; baseline -0.005 -18"><span class='ocrx_word' id='word_1_563' title='bbox 970 1877 1068 1944; x_wconf 88' lang='lat' dir='ltr'>quam</span> <span class='ocrx_word' id='word_1_564' title='bbox 1081 1875 1111 1926; x_wconf 89' lang='lat' dir='ltr'>et</span> <span class='ocrx_word' id='word_1_565' title='bbox 1137 1869 1240 1943; x_wconf 90' lang='lat' dir='ltr'>liquidi</span> <span class='ocrx_word' id='word_1_566' title='bbox 1261 1868 1526 1940; x_wconf 87' lang='lat' dir='ltr'>nomprebenderit,</span> <span class='ocrx_word' id='word_1_567' title='bbox 1555 1867 1619 1923; x_wconf 87' lang='lat' dir='ltr'>ideo</span> <span class='ocrx_word' id='word_1_568' title='bbox 1632 1870 1714 1938; x_wconf 91' lang='lat' dir='ltr'>putet</span> <span class='ocrx_word' id='word_1_569' title='bbox 1727 1866 1816 1922; x_wconf 90' lang='lat' dir='ltr'>alium</span> 
     </span>
     <span class='ocr_line' id='line_1_80' title="bbox 970 1955 1816 2033; baseline -0.008 -18"><span class='ocrx_word' id='word_1_570' title='bbox 970 1977 1050 2033; x_wconf 89' lang='lat' dir='ltr'>spem</span> <span class='ocrx_word' id='word_1_571' title='bbox 1058 1959 1217 2031; x_wconf 88' lang='lat' dir='ltr'>perdidisse</span> <span class='ocrx_word' id='word_1_572' title='bbox 1230 1959 1403 2027; x_wconf 79' lang='lat' dir='ltr'>futurorum,</span> <span class='ocrx_word' id='word_1_573' title='bbox 1417 1956 1485 2028; x_wconf 88' lang='lat' dir='ltr'>quia</span> <span class='ocrx_word' id='word_1_574' title='bbox 1494 1955 1639 2028; x_wconf 74' lang='lat' dir='ltr'>praeterita</span> <span class='ocrx_word' id='word_1_575' title='bbox 1645 1971 1744 2011; x_wconf 83' lang='lat' dir='ltr'>exorsa</span> <span class='ocrx_word' id='word_1_576' title='bbox 1756 1970 1816 2009; x_wconf 93' lang='lat' dir='ltr'>non</span> 
     </span>
     <span class='ocr_line' id='line_1_81' title="bbox 969 2049 1077 2108; baseline 0.028 -4"><span class='ocrx_word' id='word_1_577' title='bbox 969 2049 1077 2108; x_wconf 89' lang='lat' dir='ltr'>recolit.</span> 
     </span>
    </p>
   </div>
   <div class='ocr_carea' id='block_1_7' title="bbox 968 2150 1816 2312">
    <p class='ocr_par' dir='ltr' id='par_1_9' title="bbox 968 2150 1816 2312">
     <span class='ocr_line' id='line_1_82' title="bbox 968 2150 1815 2222; baseline -0.011 -10"><span class='ocrx_word' id='word_1_578' title='bbox 968 2156 1081 2214; x_wconf 82' lang='lat' dir='ltr'>CAPUT</span> <span class='ocrx_word' id='word_1_579' title='bbox 1104 2155 1182 2211; x_wconf 83' lang='lat' dir='ltr'>xxtt.</span> <span class='ocrx_word' id='word_1_580' title='bbox 1201 2184 1235 2194; x_wconf 92' lang='lat'><em>-</em></span> <span class='ocrx_word' id='word_1_581' title='bbox 1248 2153 1408 2222; x_wconf 80' lang='lat' dir='ltr'>lquoroutia</span> <span class='ocrx_word' id='word_1_582' title='bbox 1419 2157 1444 2207; x_wconf 89' lang='lat' dir='ltr'>et</span> <span class='ocrx_word' id='word_1_583' title='bbox 1458 2151 1608 2222; x_wconf 69' lang='lat' dir='ltr'>difficultas</span> <span class='ocrx_word' id='word_1_584' title='bbox 1633 2152 1658 2206; x_wconf 84' lang='lat' dir='ltr'>si</span> <span class='ocrx_word' id='word_1_585' title='bbox 1679 2150 1815 2204; x_wconf 80' lang='lat' dir='ltr'>naturalis</span> 
     </span>
     <span class='ocr_line' id='line_1_83' title="bbox 1004 2237 1816 2312; baseline -0.01 -13"><span class='ocrx_word' id='word_1_586' title='bbox 1004 2249 1043 2299; x_wconf 89' lang='lat' dir='ltr'>cst</span> <span class='ocrx_word' id='word_1_587' title='bbox 1075 2244 1188 2310; x_wconf 81' lang='lat' dir='ltr'>homini,</span> <span class='ocrx_word' id='word_1_588' title='bbox 1220 2257 1275 2297; x_wconf 82' lang='lat' dir='ltr'>uon</span> <span class='ocrx_word' id='word_1_589' title='bbox 1304 2245 1448 2312; x_wconf 82' lang='lat' dir='ltr'>propterea</span> <span class='ocrx_word' id='word_1_590' title='bbox 1479 2239 1551 2295; x_wconf 82' lang='lat' dir='ltr'>deest</span> <span class='ocrx_word' id='word_1_591' title='bbox 1587 2239 1658 2295; x_wconf 83' lang='lat' dir='ltr'>uude</span> <span class='ocrx_word' id='word_1_592' title='bbox 1689 2237 1816 2293; x_wconf 70' lang='lat' dir='ltr'>medetur</span> 
     </span>
    </p>
   </div>
   <div class='ocr_carea' id='block_1_8' title="bbox 1005 2334 1123 2390">
    <p class='ocr_par' dir='ltr' id='par_1_10' title="bbox 1005 2334 1123 2390">
     <span class='ocr_line' id='line_1_84' title="bbox 1005 2334 1123 2390; baseline -0.025 0"><span class='ocrx_word' id='word_1_593' title='bbox 1005 2334 1123 2390; x_wconf 80' lang='lat' dir='ltr'>Creator.</span> 
     </span>
    </p>
   </div>
   <div class='ocr_carea' id='block_1_9' title="bbox 965 2430 1882 5340">
    <p class='ocr_par' dir='ltr' id='par_1_11' title="bbox 967 2430 1816 3215">
     <span class='ocr_line' id='line_1_85' title="bbox 1005 2430 1816 2510; baseline -0.011 -16"><span class='ocrx_word' id='word_1_594' title='bbox 1005 2442 1052 2494; x_wconf 86' lang='grc'>63.</span> <span class='ocrx_word' id='word_1_595' title='bbox 1066 2439 1186 2510; x_wconf 84' lang='lat' dir='ltr'>Quoquo</span> <span class='ocrx_word' id='word_1_596' title='bbox 1197 2436 1281 2492; x_wconf 91' lang='lat' dir='ltr'>modo</span> <span class='ocrx_word' id='word_1_597' title='bbox 1292 2439 1389 2492; x_wconf 87' lang='lat' dir='ltr'>autem</span> <span class='ocrx_word' id='word_1_598' title='bbox 1399 2449 1429 2488; x_wconf 89' lang='lat' dir='ltr'>se</span> <span class='ocrx_word' id='word_1_599' title='bbox 1437 2433 1512 2488; x_wconf 91' lang='lat' dir='ltr'>istud</span> <span class='ocrx_word' id='word_1_600' title='bbox 1525 2432 1637 2498; x_wconf 88' lang='lat' dir='ltr'>babeat,</span> <span class='ocrx_word' id='word_1_601' title='bbox 1651 2431 1709 2486; x_wconf 87' lang='lat' dir='ltr'>sive</span> <span class='ocrx_word' id='word_1_602' title='bbox 1724 2430 1816 2486; x_wconf 90' lang='lat' dir='ltr'>omni·</span> 
     </span>
     <span class='ocr_line' id='line_1_86' title="bbox 969 2519 1813 2593; baseline -0.011 -10"><span class='ocrx_word' id='word_1_603' title='bbox 969 2545 1007 2583; x_wconf 92' lang='lat' dir='ltr'>no</span> <span class='ocrx_word' id='word_1_604' title='bbox 1018 2527 1220 2593; x_wconf 83' lang='lat' dir='ltr'>omittendum,</span> <span class='ocrx_word' id='word_1_605' title='bbox 1236 2526 1294 2581; x_wconf 83' lang='lat' dir='ltr'>sive</span> <span class='ocrx_word' id='word_1_606' title='bbox 1309 2541 1385 2580; x_wconf 88' lang='lat' dir='ltr'>nunc</span> <span class='ocrx_word' id='word_1_607' title='bbox 1413 2521 1605 2577; x_wconf 85' lang='lat' dir='ltr'>differendum</span> <span class='ocrx_word' id='word_1_608' title='bbox 1619 2523 1648 2574; x_wconf 89' lang='lat' dir='ltr'>et</span> <span class='ocrx_word' id='word_1_609' title='bbox 1662 2519 1732 2575; x_wconf 88' lang='lat' dir='ltr'>alias</span> <span class='ocrx_word' id='word_1_610' title='bbox 1746 2536 1813 2575; x_wconf 92' lang='lat' dir='ltr'>con-</span> 
     </span>
     <span class='ocr_line' id='line_1_87' title="bbox 968 2608 1814 2683; baseline -0.009 -11"><span class='ocrx_word' id='word_1_611' title='bbox 968 2615 1153 2672; x_wconf 88' lang='lat' dir='ltr'>siderandum</span> <span class='ocrx_word' id='word_1_612' title='bbox 1167 2615 1214 2683; x_wconf 89' lang='lat' dir='ltr'>sit,</span> <span class='ocrx_word' id='word_1_613' title='bbox 1229 2627 1355 2680; x_wconf 83' lang='lat' dir='ltr'>praesens</span> <span class='ocrx_word' id='word_1_614' title='bbox 1370 2616 1465 2666; x_wconf 88' lang='lat' dir='ltr'>tamen</span> <span class='ocrx_word' id='word_1_615' title='bbox 1479 2609 1599 2682; x_wconf 75' lang='lat' dir='ltr'>queastio</span> <span class='ocrx_word' id='word_1_616' title='bbox 1614 2625 1673 2663; x_wconf 93' lang='lat' dir='ltr'>non</span> <span class='ocrx_word' id='word_1_617' title='bbox 1690 2608 1814 2680; x_wconf 88' lang='lat' dir='ltr'>impedi-</span> 
     </span>
     <span class='ocr_line' id='line_1_88' title="bbox 969 2695 1816 2775; baseline -0.013 -16"><span class='ocrx_word' id='word_1_618' title='bbox 969 2709 1025 2771; x_wconf 91' lang='lat' dir='ltr'>tur,</span> <span class='ocrx_word' id='word_1_619' title='bbox 1041 2702 1195 2775; x_wconf 90' lang='lat' dir='ltr'>quominus</span> <span class='ocrx_word' id='word_1_620' title='bbox 1220 2705 1356 2772; x_wconf 87' lang='lat' dir='ltr'>appareat</span> <span class='ocrx_word' id='word_1_621' title='bbox 1369 2697 1553 2768; x_wconf 87' lang='lat' dir='ltr'>integerrima</span> <span class='ocrx_word' id='word_1_622' title='bbox 1568 2700 1597 2751; x_wconf 90' lang='lat' dir='ltr'>et</span> <span class='ocrx_word' id='word_1_623' title='bbox 1607 2695 1765 2767; x_wconf 87' lang='lat' dir='ltr'>justissima</span> <span class='ocrx_word' id='word_1_624' title='bbox 1787 2698 1816 2750; x_wconf 88' lang='lat' dir='ltr'>at</span> 
     </span>
     <span class='ocr_line' id='line_1_89' title="bbox 968 2781 1811 2859; baseline -0.012 -15"><span class='ocrx_word' id='word_1_625' title='bbox 968 2791 1136 2846; x_wconf 90' lang='lat' dir='ltr'>inconcussa</span> <span class='ocrx_word' id='word_1_626' title='bbox 1150 2792 1236 2859; x_wconf 89' lang='lat' dir='ltr'>atque</span> <span class='ocrx_word' id='word_1_627' title='bbox 1249 2783 1666 2853; x_wconf 84' lang='lat' dir='ltr'>incommutabilimajestateet</span> <span class='ocrx_word' id='word_1_628' title='bbox 1679 2781 1811 2839; x_wconf 86' lang='lat' dir='ltr'>substan-</span> 
     </span>
     <span class='ocr_line' id='line_1_90' title="bbox 968 2870 1813 2949; baseline -0.017 -12"><span class='ocrx_word' id='word_1_629' title='bbox 968 2881 1008 2936; x_wconf 91' lang='lat' dir='ltr'>tia</span> <span class='ocrx_word' id='word_1_630' title='bbox 1021 2879 1172 2948; x_wconf 74' lang='lat' dir='ltr'>creatoris,</span> <span class='ocrx_word' id='word_1_631' title='bbox 1188 2876 1328 2949; x_wconf 87' lang='lat' dir='ltr'>supplicia</span> <span class='ocrx_word' id='word_1_632' title='bbox 1347 2879 1528 2947; x_wconf 86' lang='lat' dir='ltr'>peccatorum</span> <span class='ocrx_word' id='word_1_633' title='bbox 1557 2887 1674 2927; x_wconf 90' lang='lat' dir='ltr'>suorum</span> <span class='ocrx_word' id='word_1_634' title='bbox 1703 2870 1813 2926; x_wconf 89' lang='lat' dir='ltr'>animas</span> 
     </span>
     <span class='ocr_line' id='line_1_91' title="bbox 968 2959 1811 3040; baseline -0.015 -16"><span class='ocrx_word' id='word_1_635' title='bbox 968 2969 1046 3024; x_wconf 89' lang='lat' dir='ltr'>luere</span> <span class='ocrx_word' id='word_1_636' title='bbox 1062 2984 1068 3023; x_wconf 93' lang='lat'>:</span> <span class='ocrx_word' id='word_1_637' title='bbox 1086 2984 1150 3040; x_wconf 82' lang='lat' dir='ltr'>quse</span> <span class='ocrx_word' id='word_1_638' title='bbox 1165 2969 1292 3037; x_wconf 88' lang='lat' dir='ltr'>poecnta,</span> <span class='ocrx_word' id='word_1_639' title='bbox 1315 2968 1347 3019; x_wconf 90' lang='lat' dir='ltr'>ut</span> <span class='ocrx_word' id='word_1_640' title='bbox 1362 2964 1422 3034; x_wconf 92' lang='lat' dir='ltr'>jam</span> <span class='ocrx_word' id='word_1_641' title='bbox 1451 2961 1499 3017; x_wconf 91' lang='lat' dir='ltr'>diu</span> <span class='ocrx_word' id='word_1_642' title='bbox 1516 2959 1713 3024; x_wconf 88' lang='lat' dir='ltr'>disseruimus,</span> <span class='ocrx_word' id='word_1_643' title='bbox 1739 2974 1811 3013; x_wconf 94' lang='lat' dir='ltr'>non-</span> 
     </span>
     <span class='ocr_line' id='line_1_92' title="bbox 967 3046 1813 3127; baseline -0.015 -15"><span class='ocrx_word' id='word_1_644' title='bbox 967 3057 1024 3112; x_wconf 88' lang='lat' dir='ltr'>nisi</span> <span class='ocrx_word' id='word_1_645' title='bbox 1038 3055 1162 3127; x_wconf 85' lang='lat' dir='ltr'>proprim</span> <span class='ocrx_word' id='word_1_646' title='bbox 1173 3054 1311 3109; x_wconf 81' lang='lat' dir='ltr'>voluntati</span> <span class='ocrx_word' id='word_1_647' title='bbox 1326 3067 1424 3106; x_wconf 87' lang='lat' dir='ltr'>earum</span> <span class='ocrx_word' id='word_1_648' title='bbox 1437 3049 1588 3104; x_wconf 90' lang='lat' dir='ltr'>tribuenda</span> <span class='ocrx_word' id='word_1_649' title='bbox 1602 3051 1678 3114; x_wconf 89' lang='lat' dir='ltr'>suut,</span> <span class='ocrx_word' id='word_1_650' title='bbox 1690 3061 1742 3102; x_wconf 91' lang='lat' dir='ltr'>nec</span> <span class='ocrx_word' id='word_1_651' title='bbox 1754 3046 1813 3100; x_wconf 89' lang='lat' dir='ltr'>nlla</span> 
     </span>
     <span class='ocr_line' id='line_1_93' title="bbox 968 3138 1562 3215; baseline -0.015 -14"><span class='ocrx_word' id='word_1_652' title='bbox 968 3143 1283 3215; x_wconf 83' lang='lat' dir='ltr'>ulteri0r¹peccatorum</span> <span class='ocrx_word' id='word_1_653' title='bbox 1298 3157 1383 3195; x_wconf 89' lang='lat' dir='ltr'>causa</span> <span class='ocrx_word' id='word_1_654' title='bbox 1398 3138 1562 3211; x_wconf 76' lang='lat' dir='ltr'>quaerenda.</span> 
     </span>
    </p>

    <p class='ocr_par' dir='ltr' id='par_1_12' title="bbox 965 3223 1882 5340">
     <span class='ocr_line' id='line_1_94' title="bbox 1002 3223 1812 3304; baseline -0.016 -15"><span class='ocrx_word' id='word_1_655' title='bbox 1002 3238 1047 3290; x_wconf 74' lang='grc'>64.</span> <span class='ocrx_word' id='word_1_656' title='bbox 1064 3230 1231 3304; x_wconf 88' lang='lat' dir='ltr'>Ignorantia</span> <span class='ocrx_word' id='word_1_657' title='bbox 1245 3245 1312 3285; x_wconf 86' lang='lat' dir='ltr'>vero</span> <span class='ocrx_word' id='word_1_658' title='bbox 1340 3233 1368 3284; x_wconf 90' lang='lat' dir='ltr'>et</span> <span class='ocrx_word' id='word_1_659' title='bbox 1393 3227 1545 3283; x_wconf 90' lang='lat' dir='ltr'>dilllcultas</span> <span class='ocrx_word' id='word_1_660' title='bbox 1560 3225 1585 3280; x_wconf 91' lang='lat' dir='ltr'>si</span> <span class='ocrx_word' id='word_1_661' title='bbox 1608 3223 1744 3279; x_wconf 88' lang='lat' dir='ltr'>naturalis</span> <span class='ocrx_word' id='word_1_662' title='bbox 1759 3227 1812 3290; x_wconf 89' lang='lat' dir='ltr'>est,</span> 
     </span>
     <span class='ocr_line' id='line_1_95' title="bbox 967 3309 1815 3391; baseline -0.015 -15"><span class='ocrx_word' id='word_1_663' title='bbox 967 3321 1034 3376; x_wconf 90' lang='lat' dir='ltr'>inde</span> <span class='ocrx_word' id='word_1_664' title='bbox 1058 3317 1160 3391; x_wconf 90' lang='lat' dir='ltr'>incipit</span> <span class='ocrx_word' id='word_1_665' title='bbox 1187 3316 1283 3372; x_wconf 90' lang='lat' dir='ltr'>anima</span> <span class='ocrx_word' id='word_1_666' title='bbox 1305 3315 1454 3388; x_wconf 85' lang='lat' dir='ltr'>proficere,</span> <span class='ocrx_word' id='word_1_667' title='bbox 1471 3313 1550 3369; x_wconf 91' lang='lat' dir='ltr'>etad</span> <span class='ocrx_word' id='word_1_668' title='bbox 1575 3309 1769 3382; x_wconf 90' lang='lat' dir='ltr'>cognitionem</span> <span class='ocrx_word' id='word_1_669' title='bbox 1785 3313 1815 3363; x_wconf 90' lang='lat' dir='ltr'>et</span> 
     </span>
     <span class='ocr_line' id='line_1_96' title="bbox 967 3400 1812 3481; baseline -0.015 -17"><span class='ocrx_word' id='word_1_670' title='bbox 967 3408 1107 3481; x_wconf 90' lang='lat' dir='ltr'>requiem,</span> <span class='ocrx_word' id='word_1_671' title='bbox 1124 3407 1213 3462; x_wconf 89' lang='lat' dir='ltr'>donee</span> <span class='ocrx_word' id='word_1_672' title='bbox 1227 3405 1257 3460; x_wconf 90' lang='lat' dir='ltr'>in</span> <span class='ocrx_word' id='word_1_673' title='bbox 1272 3421 1306 3459; x_wconf 88' lang='lat' dir='ltr'>ea</span> <span class='ocrx_word' id='word_1_674' title='bbox 1319 3402 1484 3476; x_wconf 85' lang='lat' dir='ltr'>perficiatur</span> <span class='ocrx_word' id='word_1_675' title='bbox 1506 3400 1563 3455; x_wconf 85' lang='lat' dir='ltr'>vita</span> <span class='ocrx_word' id='word_1_676' title='bbox 1576 3400 1670 3471; x_wconf 83' lang='lat' dir='ltr'>baala,</span> <span class='ocrx_word' id='word_1_677' title='bbox 1695 3413 1812 3470; x_wconf 91' lang='lat' dir='ltr'>promo-</span> 
     </span>
     <span class='ocr_line' id='line_1_97' title="bbox 968 3486 1812 3567; baseline -0.017 -14"><span class='ocrx_word' id='word_1_678' title='bbox 968 3497 1036 3553; x_wconf 84' lang='lat' dir='ltr'>veri.</span> <span class='ocrx_word' id='word_1_679' title='bbox 1051 3498 1141 3563; x_wconf 83' lang='lat' dir='ltr'>Quem</span> <span class='ocrx_word' id='word_1_680' title='bbox 1156 3494 1315 3567; x_wconf 86' lang='lat' dir='ltr'>profectum</span> <span class='ocrx_word' id='word_1_681' title='bbox 1328 3493 1359 3546; x_wconf 95' lang='lat' dir='ltr'>in</span> <span class='ocrx_word' id='word_1_682' title='bbox 1381 3490 1483 3546; x_wconf 88' lang='lat' dir='ltr'>studiis</span> <span class='ocrx_word' id='word_1_683' title='bbox 1497 3487 1613 3560; x_wconf 89' lang='lat' dir='ltr'>optimis</span> <span class='ocrx_word' id='word_1_684' title='bbox 1639 3490 1725 3558; x_wconf 85' lang='lat' dir='ltr'>atque</span> <span class='ocrx_word' id='word_1_685' title='bbox 1750 3486 1812 3557; x_wconf 91' lang='lat' dir='ltr'>pie-</span> 
     </span>
     <span class='ocr_line' id='line_1_98' title="bbox 966 3574 1813 3657; baseline -0.017 -15"><span class='ocrx_word' id='word_1_686' title='bbox 966 3590 1033 3653; x_wconf 89' lang='lat' dir='ltr'>tate,</span> <span class='ocrx_word' id='word_1_687' title='bbox 1051 3583 1303 3657; x_wconf 86' lang='lat' dir='ltr'>quorumlacultas</span> <span class='ocrx_word' id='word_1_688' title='bbox 1317 3580 1343 3635; x_wconf 90' lang='lat' dir='ltr'>ei</span> <span class='ocrx_word' id='word_1_689' title='bbox 1363 3595 1422 3634; x_wconf 90' lang='lat' dir='ltr'>non</span> <span class='ocrx_word' id='word_1_690' title='bbox 1437 3580 1540 3648; x_wconf 84' lang='lat' dir='ltr'>negata</span> <span class='ocrx_word' id='word_1_691' title='bbox 1564 3579 1618 3644; x_wconf 81' lang='lat' dir='ltr'>ast,</span> <span class='ocrx_word' id='word_1_692' title='bbox 1645 3575 1668 3630; x_wconf 92' lang='lat' dir='ltr'>si</span> <span class='ocrx_word' id='word_1_693' title='bbox 1695 3574 1813 3647; x_wconf 87' lang='lat' dir='ltr'>propria</span> 
     </span>
     <span class='ocr_line' id='line_1_99' title="bbox 965 3663 1812 3742; baseline -0.013 -14"><span class='ocrx_word' id='word_1_694' title='bbox 965 3673 1112 3729; x_wconf 78' lang='lat' dir='ltr'>voluntate</span> <span class='ocrx_word' id='word_1_695' title='bbox 1130 3669 1298 3742; x_wconf 90' lang='lat' dir='ltr'>neglexerit,</span> <span class='ocrx_word' id='word_1_696' title='bbox 1325 3668 1402 3739; x_wconf 76' lang='lat' dir='ltr'>Juste</span> <span class='ocrx_word' id='word_1_697' title='bbox 1429 3663 1635 3735; x_wconf 73' lang='lat' dir='ltr'>ingratiorem</span> <span class='ocrx_word' id='word_1_698' title='bbox 1662 3680 1727 3736; x_wconf 76' lang='lat' dir='ltr'>quae</span> <span class='ocrx_word' id='word_1_699' title='bbox 1751 3664 1812 3735; x_wconf 90' lang='lat' dir='ltr'>jam</span> 
     </span>
     <span class='ocr_line' id='line_1_100' title="bbox 965 3750 1814 3834; baseline -0.012 -18"><span class='ocrx_word' id='word_1_700' title='bbox 965 3760 1087 3834; x_wconf 79' lang='lat' dir='ltr'>poenalis</span> <span class='ocrx_word' id='word_1_701' title='bbox 1106 3762 1159 3827; x_wconf 88' lang='lat' dir='ltr'>est,</span> <span class='ocrx_word' id='word_1_702' title='bbox 1183 3755 1376 3830; x_wconf 90' lang='lat' dir='ltr'>ignorantiam</span> <span class='ocrx_word' id='word_1_703' title='bbox 1404 3754 1659 3826; x_wconf 80' lang='lat' dir='ltr'>difficultatemque</span> <span class='ocrx_word' id='word_1_704' title='bbox 1683 3750 1814 3824; x_wconf 87' lang='lat' dir='ltr'>praecipi-</span> 
     </span>
     <span class='ocr_line' id='line_1_101' title="bbox 965 3839 1813 3915; baseline -0.012 -12"><span class='ocrx_word' id='word_1_705' title='bbox 965 3853 1052 3915; x_wconf 88' lang='lat' dir='ltr'>tatur,</span> <span class='ocrx_word' id='word_1_706' title='bbox 1070 3844 1269 3902; x_wconf 88' lang='lat' dir='ltr'>decentissimo</span> <span class='ocrx_word' id='word_1_707' title='bbox 1287 3848 1316 3899; x_wconf 88' lang='lat' dir='ltr'>et</span> <span class='ocrx_word' id='word_1_708' title='bbox 1343 3839 1573 3898; x_wconf 85' lang='lat' dir='ltr'>convientissimo</span> <span class='ocrx_word' id='word_1_709' title='bbox 1597 3856 1695 3895; x_wconf 90' lang='lat' dir='ltr'>rerum</span> <span class='ocrx_word' id='word_1_710' title='bbox 1714 3840 1813 3895; x_wconf 90' lang='lat' dir='ltr'>mode·</span> 
     </span>
     <span class='ocr_line' id='line_1_102' title="bbox 966 3927 1814 4000; baseline -0.013 -7"><span class='ocrx_word' id='word_1_711' title='bbox 966 3937 1077 3992; x_wconf 87' lang='lat' dir='ltr'>ramine</span> <span class='ocrx_word' id='word_1_712' title='bbox 1091 3935 1123 3991; x_wconf 91' lang='lat' dir='ltr'>in</span> <span class='ocrx_word' id='word_1_713' title='bbox 1136 3933 1319 3990; x_wconf 85' lang='lat' dir='ltr'>interioribus</span> <span class='ocrx_word' id='word_1_714' title='bbox 1328 3932 1459 3987; x_wconf 89' lang='lat' dir='ltr'>ordinata</span> <span class='ocrx_word' id='word_1_715' title='bbox 1472 3927 1492 3983; x_wconf 82' lang='lat'>².</span> <span class='ocrx_word' id='word_1_716' title='bbox 1510 3930 1573 3985; x_wconf 90' lang='lat' dir='ltr'>Non</span> <span class='ocrx_word' id='word_1_717' title='bbox 1586 3929 1664 3984; x_wconf 88' lang='lat' dir='ltr'>enim</span> <span class='ocrx_word' id='word_1_718' title='bbox 1677 3930 1754 4000; x_wconf 92' lang='lat' dir='ltr'>quod</span> <span class='ocrx_word' id='word_1_719' title='bbox 1765 3944 1814 3983; x_wconf 88' lang='lat' dir='ltr'>na·</span> 
     </span>
     <span class='ocr_line' id='line_1_103' title="bbox 966 4017 1813 4090; baseline -0.011 -9"><span class='ocrx_word' id='word_1_720' title='bbox 966 4026 1096 4081; x_wconf 86' lang='lat' dir='ltr'>turaliter</span> <span class='ocrx_word' id='word_1_721' title='bbox 1110 4023 1199 4079; x_wconf 80' lang='lat' dir='ltr'>neseis</span> <span class='ocrx_word' id='word_1_722' title='bbox 1211 4027 1239 4079; x_wconf 94' lang='lat' dir='ltr'>ct</span> <span class='ocrx_word' id='word_1_723' title='bbox 1253 4020 1423 4077; x_wconf 87' lang='lat' dir='ltr'>naturaliter</span> <span class='ocrx_word' id='word_1_724' title='bbox 1436 4034 1495 4074; x_wconf 90' lang='lat' dir='ltr'>non</span> <span class='ocrx_word' id='word_1_725' title='bbox 1508 4021 1610 4090; x_wconf 87' lang='lat' dir='ltr'>potest,</span> <span class='ocrx_word' id='word_1_726' title='bbox 1633 4018 1688 4073; x_wconf 90' lang='lat' dir='ltr'>hoe</span> <span class='ocrx_word' id='word_1_727' title='bbox 1709 4017 1813 4072; x_wconf 84' lang='lat' dir='ltr'>animm</span> 
     </span>
     <span class='ocr_line' id='line_1_104' title="bbox 967 4105 1812 4186; baseline -0.011 -17"><span class='ocrx_word' id='word_1_728' title='bbox 967 4114 1121 4186; x_wconf 87' lang='lat' dir='ltr'>deputatur</span> <span class='ocrx_word' id='word_1_729' title='bbox 1135 4113 1165 4167; x_wconf 94' lang='lat' dir='ltr'>in</span> <span class='ocrx_word' id='word_1_730' title='bbox 1191 4117 1322 4177; x_wconf 90' lang='lat' dir='ltr'>reatum;</span> <span class='ocrx_word' id='word_1_731' title='bbox 1338 4109 1388 4164; x_wconf 87' lang='lat' dir='ltr'>sed</span> <span class='ocrx_word' id='word_1_732' title='bbox 1416 4107 1493 4180; x_wconf 91' lang='lat' dir='ltr'>quod</span> <span class='ocrx_word' id='word_1_733' title='bbox 1522 4106 1593 4161; x_wconf 85' lang='lat' dir='ltr'>scire</span> <span class='ocrx_word' id='word_1_734' title='bbox 1619 4122 1679 4161; x_wconf 92' lang='lat' dir='ltr'>non</span> <span class='ocrx_word' id='word_1_735' title='bbox 1694 4105 1812 4172; x_wconf 89' lang='lat' dir='ltr'>studuit,</span> 
     </span>
     <span class='ocr_line' id='line_1_105' title="bbox 966 4191 1813 4273; baseline -0.012 -16"><span class='ocrx_word' id='word_1_736' title='bbox 966 4206 995 4257; x_wconf 91' lang='lat' dir='ltr'>et</span> <span class='ocrx_word' id='word_1_737' title='bbox 1009 4201 1085 4273; x_wconf 90' lang='lat' dir='ltr'>quod</span> <span class='ocrx_word' id='word_1_738' title='bbox 1099 4200 1215 4272; x_wconf 88' lang='lat' dir='ltr'>dignam</span> <span class='ocrx_word' id='word_1_739' title='bbox 1230 4195 1358 4253; x_wconf 85' lang='lat' dir='ltr'>facilitati</span> <span class='ocrx_word' id='word_1_740' title='bbox 1368 4195 1568 4267; x_wconf 77' lang='lat' dir='ltr'>comparandae</span> <span class='ocrx_word' id='word_1_741' title='bbox 1579 4193 1695 4248; x_wconf 80' lang='lat' dir='ltr'>aduecto</span> <span class='ocrx_word' id='word_1_742' title='bbox 1710 4191 1813 4247; x_wconf 88' lang='lat' dir='ltr'>lacien-</span> 
     </span>
     <span class='ocr_line' id='line_1_106' title="bbox 966 4282 1815 4360; baseline -0.014 -16"><span class='ocrx_word' id='word_1_743' title='bbox 966 4290 1164 4360; x_wconf 88' lang='lat' dir='ltr'>dumoperam</span> <span class='ocrx_word' id='word_1_744' title='bbox 1179 4301 1236 4340; x_wconf 91' lang='lat' dir='ltr'>non</span> <span class='ocrx_word' id='word_1_745' title='bbox 1257 4284 1344 4340; x_wconf 86' lang='lat' dir='ltr'>dedit.</span> <span class='ocrx_word' id='word_1_746' title='bbox 1370 4284 1459 4356; x_wconf 85' lang='lat' dir='ltr'>Loqui</span> <span class='ocrx_word' id='word_1_747' title='bbox 1475 4282 1552 4337; x_wconf 88' lang='lat' dir='ltr'>enim</span> <span class='ocrx_word' id='word_1_748' title='bbox 1582 4295 1639 4335; x_wconf 91' lang='lat' dir='ltr'>non</span> <span class='ocrx_word' id='word_1_749' title='bbox 1665 4294 1746 4333; x_wconf 88' lang='lat' dir='ltr'>nosse</span> <span class='ocrx_word' id='word_1_750' title='bbox 1775 4283 1815 4334; x_wconf 88' lang='lat' dir='ltr'>at·</span> 
     </span>
     <span class='ocr_line' id='line_1_107' title="bbox 967 4365 1814 4448; baseline -0.009 -17"><span class='ocrx_word' id='word_1_751' title='bbox 967 4392 1022 4448; x_wconf 90' lang='lat' dir='ltr'>qne</span> <span class='ocrx_word' id='word_1_752' title='bbox 1037 4392 1097 4431; x_wconf 91' lang='lat' dir='ltr'>non</span> <span class='ocrx_word' id='word_1_753' title='bbox 1108 4390 1200 4447; x_wconf 87' lang='lat' dir='ltr'>posse,</span> <span class='ocrx_word' id='word_1_754' title='bbox 1216 4371 1318 4428; x_wconf 82' lang='lat' dir='ltr'>intanti</span> <span class='ocrx_word' id='word_1_755' title='bbox 1343 4374 1472 4427; x_wconf 89' lang='lat' dir='ltr'>naturale</span> <span class='ocrx_word' id='word_1_756' title='bbox 1496 4375 1558 4425; x_wconf 89' lang='lat' dir='ltr'>ast:</span> <span class='ocrx_word' id='word_1_757' title='bbox 1576 4384 1640 4440; x_wconf 80' lang='lat' dir='ltr'>quae</span> <span class='ocrx_word' id='word_1_758' title='bbox 1652 4365 1814 4438; x_wconf 88' lang='lat' dir='ltr'>ignorantia</span> 
     </span>
     <span class='ocr_line' id='line_1_108' title="bbox 966 4455 1813 4535; baseline -0.012 -16"><span class='ocrx_word' id='word_1_759' title='bbox 966 4464 1175 4535; x_wconf 84' lang='lat' dir='ltr'>difficultasque</span> <span class='ocrx_word' id='word_1_760' title='bbox 1194 4461 1334 4518; x_wconf 88' lang='lat' dir='ltr'>sermonis</span> <span class='ocrx_word' id='word_1_761' title='bbox 1361 4476 1420 4516; x_wconf 94' lang='lat' dir='ltr'>non</span> <span class='ocrx_word' id='word_1_762' title='bbox 1446 4458 1531 4514; x_wconf 89' lang='lat' dir='ltr'>modo</span> <span class='ocrx_word' id='word_1_763' title='bbox 1556 4455 1735 4529; x_wconf 85' lang='lat' dir='ltr'>inculpabilis</span> <span class='ocrx_word' id='word_1_764' title='bbox 1760 4455 1813 4510; x_wconf 86' lang='lat' dir='ltr'>sub</span> 
     </span>
     <span class='ocr_line' id='line_1_109' title="bbox 966 4544 1814 4624; baseline -0.009 -17"><span class='ocrx_word' id='word_1_765' title='bbox 966 4551 1219 4624; x_wconf 87' lang='lat' dir='ltr'>grammaticorum</span> <span class='ocrx_word' id='word_1_766' title='bbox 1243 4550 1365 4622; x_wconf 90' lang='lat' dir='ltr'>legibus,</span> <span class='ocrx_word' id='word_1_767' title='bbox 1385 4546 1535 4602; x_wconf 89' lang='lat' dir='ltr'>sedetiam</span> <span class='ocrx_word' id='word_1_768' title='bbox 1561 4544 1696 4600; x_wconf 89' lang='lat' dir='ltr'>humanis</span> <span class='ocrx_word' id='word_1_769' title='bbox 1708 4544 1814 4600; x_wconf 81' lang='lat' dir='ltr'>affecti·</span> 
     </span>
     <span class='ocr_line' id='line_1_110' title="bbox 965 4632 1882 4712; baseline -0.01 -17"><span class='ocrx_word' id='word_1_770' title='bbox 965 4641 1019 4696; x_wconf 88' lang='lat' dir='ltr'>bns</span> <span class='ocrx_word' id='word_1_771' title='bbox 1033 4639 1139 4696; x_wconf 85' lang='lat' dir='ltr'>blanda</span> <span class='ocrx_word' id='word_1_772' title='bbox 1153 4643 1181 4695; x_wconf 89' lang='lat' dir='ltr'>et</span> <span class='ocrx_word' id='word_1_773' title='bbox 1195 4641 1328 4712; x_wconf 87' lang='lat' dir='ltr'>grataest</span> <span class='ocrx_word' id='word_1_774' title='bbox 1340 4654 1347 4705; x_wconf 92' lang='lat'>;</span> <span class='ocrx_word' id='word_1_775' title='bbox 1361 4652 1422 4691; x_wconf 93' lang='lat' dir='ltr'>non</span> <span class='ocrx_word' id='word_1_776' title='bbox 1437 4634 1514 4689; x_wconf 90' lang='lat' dir='ltr'>enim</span> <span class='ocrx_word' id='word_1_777' title='bbox 1526 4635 1585 4689; x_wconf 93' lang='lat' dir='ltr'>ullo</span> <span class='ocrx_word' id='word_1_778' title='bbox 1599 4632 1668 4688; x_wconf 80' lang='lat' dir='ltr'>vitio</span> <span class='ocrx_word' id='word_1_779' title='bbox 1681 4633 1760 4688; x_wconf 91' lang='lat' dir='ltr'>illam</span> <span class='ocrx_word' id='word_1_780' title='bbox 1775 4633 1814 4688; x_wconf 88' lang='lat' dir='ltr'>la·</span> <span class='ocrx_word' id='word_1_781' title='bbox 1877 4654 1882 4665; x_wconf 67' lang='grc'>’</span> 
     </span>
     <span class='ocr_line' id='line_1_111' title="bbox 967 4720 1815 4800; baseline -0.011 -15"><span class='ocrx_word' id='word_1_782' title='bbox 967 4729 1102 4786; x_wconf 89' lang='lat' dir='ltr'>cultatem</span> <span class='ocrx_word' id='word_1_783' title='bbox 1127 4743 1293 4800; x_wconf 91' lang='lat' dir='ltr'>comparare</span> <span class='ocrx_word' id='word_1_784' title='bbox 1319 4722 1455 4796; x_wconf 87' lang='lat' dir='ltr'>neglexit,</span> <span class='ocrx_word' id='word_1_785' title='bbox 1472 4727 1521 4778; x_wconf 90' lang='lat' dir='ltr'>aut</span> <span class='ocrx_word' id='word_1_786' title='bbox 1549 4723 1605 4777; x_wconf 93' lang='lat' dir='ltr'>ullo</span> <span class='ocrx_word' id='word_1_787' title='bbox 1632 4720 1702 4776; x_wconf 84' lang='lat' dir='ltr'>vitio</span> <span class='ocrx_word' id='word_1_788' title='bbox 1726 4736 1815 4793; x_wconf 91' lang='lat' dir='ltr'>quam</span> 
     </span>
     <span class='ocr_line' id='line_1_112' title="bbox 967 4809 1816 4890; baseline -0.011 -18"><span class='ocrx_word' id='word_1_789' title='bbox 967 4821 1146 4890; x_wconf 88' lang='lat' dir='ltr'>compararat</span> <span class='ocrx_word' id='word_1_790' title='bbox 1156 4816 1262 4871; x_wconf 86' lang='lat' dir='ltr'>amisit.</span> <span class='ocrx_word' id='word_1_791' title='bbox 1279 4815 1389 4885; x_wconf 88' lang='lat' dir='ltr'>ltaque,</span> <span class='ocrx_word' id='word_1_792' title='bbox 1400 4812 1424 4867; x_wconf 91' lang='lat' dir='ltr'>si</span> <span class='ocrx_word' id='word_1_793' title='bbox 1434 4811 1551 4867; x_wconf 86' lang='lat' dir='ltr'>nobisin</span> <span class='ocrx_word' id='word_1_794' title='bbox 1564 4809 1728 4882; x_wconf 87' lang='lat' dir='ltr'>eloquentia</span> <span class='ocrx_word' id='word_1_795' title='bbox 1742 4812 1816 4864; x_wconf 87' lang='lat' dir='ltr'>esset</span> 
     </span>
     <span class='ocr_line' id='line_1_113' title="bbox 967 4898 1815 4974; baseline -0.013 -12"><span class='ocrx_word' id='word_1_796' title='bbox 967 4905 1111 4961; x_wconf 89' lang='lat' dir='ltr'>beatitudo</span> <span class='ocrx_word' id='word_1_797' title='bbox 1126 4903 1291 4972; x_wconf 85' lang='lat' dir='ltr'>constituta,</span> <span class='ocrx_word' id='word_1_798' title='bbox 1306 4905 1392 4974; x_wconf 89' lang='lat' dir='ltr'>atque</span> <span class='ocrx_word' id='word_1_799' title='bbox 1408 4900 1450 4955; x_wconf 90' lang='lat' dir='ltr'>ita</span> <span class='ocrx_word' id='word_1_800' title='bbox 1461 4898 1574 4955; x_wconf 89' lang='lat' dir='ltr'>crimini</span> <span class='ocrx_word' id='word_1_801' title='bbox 1585 4899 1736 4954; x_wconf 90' lang='lat' dir='ltr'>duceretur</span> <span class='ocrx_word' id='word_1_802' title='bbox 1749 4912 1815 4952; x_wconf 86' lang='lat' dir='ltr'>euru</span> 
     </span>
     <span class='ocr_line' id='line_1_114' title="bbox 968 4988 1817 5067; baseline -0.013 -16"><span class='ocrx_word' id='word_1_803' title='bbox 968 4998 1099 5067; x_wconf 84' lang='lat' dir='ltr'>peccatur</span> <span class='ocrx_word' id='word_1_804' title='bbox 1114 4994 1145 5049; x_wconf 91' lang='lat' dir='ltr'>in</span> <span class='ocrx_word' id='word_1_805' title='bbox 1158 4993 1265 5063; x_wconf 80' lang='lat' dir='ltr'>lingua</span> <span class='ocrx_word' id='word_1_806' title='bbox 1289 4990 1376 5059; x_wconf 86' lang='lat' dir='ltr'>sonis,</span> <span class='ocrx_word' id='word_1_807' title='bbox 1400 4988 1645 5062; x_wconf 86' lang='lat' dir='ltr'>quemadmodum</span> <span class='ocrx_word' id='word_1_808' title='bbox 1668 5002 1733 5042; x_wconf 86' lang='lat' dir='ltr'>curu</span> <span class='ocrx_word' id='word_1_809' title='bbox 1749 5001 1817 5055; x_wconf 87' lang='lat' dir='ltr'>pec·</span> 
     </span>
     <span class='ocr_line' id='line_1_115' title="bbox 968 5071 1816 5151; baseline -0.017 -12"><span class='ocrx_word' id='word_1_810' title='bbox 968 5088 1049 5139; x_wconf 80' lang='lat' dir='ltr'>catrrr</span> <span class='ocrx_word' id='word_1_811' title='bbox 1058 5077 1492 5151; x_wconf 82' lang='lat' dir='ltr'>inertibusvitae3nullusutique</span> <span class='ocrx_word' id='word_1_812' title='bbox 1503 5071 1816 5150; x_wconf 83' lang='lat' dir='ltr'>arguereturinlantiae,</span> 
     </span>
     <span class='ocr_line' id='line_1_116' title="bbox 968 5161 1815 5246; baseline -0.018 -18"><span class='ocrx_word' id='word_1_813' title='bbox 968 5173 1046 5246; x_wconf 90' lang='lat' dir='ltr'>quod</span> <span class='ocrx_word' id='word_1_814' title='bbox 1059 5171 1095 5227; x_wconf 91' lang='lat' dir='ltr'>ab</span> <span class='ocrx_word' id='word_1_815' title='bbox 1109 5186 1143 5225; x_wconf 89' lang='lat' dir='ltr'>ea</span> <span class='ocrx_word' id='word_1_816' title='bbox 1157 5173 1231 5225; x_wconf 87' lang='lat' dir='ltr'>esset</span> <span class='ocrx_word' id='word_1_817' title='bbox 1245 5184 1363 5224; x_wconf 85' lang='lat' dir='ltr'>exorsus</span> <span class='ocrx_word' id='word_1_818' title='bbox 1377 5167 1412 5223; x_wconf 91' lang='lat' dir='ltr'>ad</span> <span class='ocrx_word' id='word_1_819' title='bbox 1427 5165 1657 5239; x_wconf 87' lang='lat' dir='ltr'>consequendam</span> <span class='ocrx_word' id='word_1_820' title='bbox 1677 5161 1815 5231; x_wconf 90' lang='lat' dir='ltr'>eloquen-</span> 
     </span>
     <span class='ocr_line' id='line_1_117' title="bbox 968 5249 1815 5340; baseline -0.017 -24"><span class='ocrx_word' id='word_1_821' title='bbox 968 5261 1039 5318; x_wconf 90' lang='lat' dir='ltr'>tiam</span> <span class='ocrx_word' id='word_1_822' title='bbox 1055 5274 1062 5316; x_wconf 90' lang='lat'>:</span> <span class='ocrx_word' id='word_1_823' title='bbox 1078 5260 1126 5315; x_wconf 86' lang='lat' dir='ltr'>sed</span> <span class='ocrx_word' id='word_1_824' title='bbox 1140 5257 1224 5340; x_wconf 81' lang='lat' dir='ltr'>plane</span> <span class='ocrx_word' id='word_1_825' title='bbox 1239 5255 1342 5312; x_wconf 90' lang='lat' dir='ltr'>merito</span> <span class='ocrx_word' id='word_1_826' title='bbox 1354 5256 1539 5312; x_wconf 90' lang='lat' dir='ltr'>damnaretur</span> <span class='ocrx_word' id='word_1_827' title='bbox 1562 5252 1587 5307; x_wconf 93' lang='lat' dir='ltr'>si</span> <span class='ocrx_word' id='word_1_828' title='bbox 1602 5268 1661 5306; x_wconf 83' lang='lat' dir='ltr'>snae</span> <span class='ocrx_word' id='word_1_829' title='bbox 1682 5249 1815 5304; x_wconf 83' lang='lat' dir='ltr'>volunta·</span> 
     </span>
    </p>
   </div>
   <div class='ocr_carea' id='block_1_10' title="bbox 970 5389 1818 5638">
    <p class='ocr_par' dir='ltr' id='par_1_13' title="bbox 970 5389 1818 5638">
     <span class='ocr_line' id='line_1_118' title="bbox 992 5389 1818 5475; baseline -0.016 -23"><span class='ocrx_word' id='word_1_830' title='bbox 992 5405 1008 5475; x_wconf 38' lang='lat'>&#39;¹</span> <span class='ocrx_word' id='word_1_831' title='bbox 1028 5404 1066 5451; x_wconf 86' lang='lat' dir='ltr'>lta</span> <span class='ocrx_word' id='word_1_832' title='bbox 1077 5401 1138 5451; x_wconf 83' lang='lat' dir='ltr'>llas.</span> <span class='ocrx_word' id='word_1_833' title='bbox 1150 5403 1176 5449; x_wconf 88' lang='lat' dir='ltr'>et</span> <span class='ocrx_word' id='word_1_834' title='bbox 1186 5397 1347 5463; x_wconf 87' lang='lat' dir='ltr'>antiquiores</span> <span class='ocrx_word' id='word_1_835' title='bbox 1355 5397 1420 5448; x_wconf 79' lang='lat' dir='ltr'>Edu.</span> <span class='ocrx_word' id='word_1_836' title='bbox 1431 5398 1465 5447; x_wconf 79' lang='lat' dir='ltr'>tt</span> <span class='ocrx_word' id='word_1_837' title='bbox 1473 5397 1536 5454; x_wconf 81' lang='lat' dir='ltr'>Lov,</span> <span class='ocrx_word' id='word_1_838' title='bbox 1548 5389 1743 5444; x_wconf 81' lang='lat' dir='ltr'>habetaccullu</span> <span class='ocrx_word' id='word_1_839' title='bbox 1751 5390 1818 5440; x_wconf 83' lang='lat' dir='ltr'>lute-</span> 
     </span>
     <span class='ocr_line' id='line_1_119' title="bbox 970 5477 1817 5638; baseline -0.014 -63"><span class='ocrx_word' id='word_1_840' title='bbox 970 5477 1314 5638; x_wconf 39' lang='lat' dir='ltr'>Qffiditiduinseriortbus</span> <span class='ocrx_word' id='word_1_841' title='bbox 1324 5521 1473 5575; x_wconf 79' lang='lat' dir='ltr'>ordinante.</span> <span class='ocrx_word' id='word_1_842' title='bbox 1481 5519 1514 5569; x_wconf 77' lang='lat' dir='ltr'>At</span> <span class='ocrx_word' id='word_1_843' title='bbox 1521 5518 1581 5568; x_wconf 84' lang='lat' dir='ltr'>llss.</span> <span class='ocrx_word' id='word_1_844' title='bbox 1591 5515 1742 5580; x_wconf 85' lang='lat' dir='ltr'>quindecim</span> <span class='ocrx_word' id='word_1_845' title='bbox 1751 5513 1817 5565; x_wconf 79' lang='lat' dir='ltr'>ordi·</span> 
     </span>
     <span class='ocr_line' id='line_1_120' title="bbox 971 5600 1047 5638; baseline -0.039 0"><span class='ocrx_word' id='word_1_846' title='bbox 971 5600 1008 5638; x_wconf 85' lang='lat' dir='ltr'>ao</span> <span class='ocrx_word' id='word_1_847' title='bbox 1040 5621 1047 5635; x_wconf 92' lang='lat'><strong>.</strong></span> 
     </span>
    </p>
   </div>
   <div class='ocr_carea' id='block_1_11' title="bbox 0 0 1946 6112">
    <p class='ocr_par' dir='ltr' id='par_1_14' title="bbox 0 0 1946 6112">
     <span class='ocr_line' id='line_1_121' title="bbox 0 0 1946 6112; baseline 0 0"><span class='ocrx_word' id='word_1_848' title='bbox 0 0 1946 6112; x_wconf 95' lang='lat' dir='ltr'> </span> 
     </span>
    </p>
   </div>
  </div>
 </body>
</html>
