3884 6112
86 176 155 232 issa
298 130 301 139 ²
361 156 426 211 ·“
559 172 607 229 oa
626 170 782 230 sentens
802 169 1090 239 nantoliacum,
1111 168 1138 227 s.
1162 166 1355 226 iuousuur
1796 174 1804 224 ι

83 299 182 369 ιιοιοο,
196 300 227 354 et
238 295 339 369 sapore
351 296 596 353 commodissimas
606 295 779 367 judicamus.
991 294 1084 351 forma
1100 291 1219 366 paribus
1235 291 1316 364 paria
1334 289 1474 349 membra
1493 287 1722 362 respondeant,
1739 291 1804 348 aude

119 388 165 443 tt.
182 388 226 442 An
240 385 315 442 bona
330 385 385 440 tria
400 384 485 440 simul
500 383 550 440 ubi
564 383 681 450 fuerint,
696 383 726 439 id
740 387 782 438 ast
795 383 875 438 color
887 381 937 438 bo-
991 383 1111 439 distorta
1128 382 1207 453 ligna
1224 381 1372 438 conferre?
1385 380 1445 438 Sed
1465 380 1492 436 si
1510 378 1727 452 corporalium
1744 397 1804 437 aeas

85 492 140 531 nus
154 474 267 530 stodor
287 477 317 529 et
337 490 430 546 sapor,
448 473 487 529 ibi
503 488 564 528 asse
579 472 719 544 majorem
738 471 807 528 boni
825 475 936 543 partam
991 470 1162 527 testimoniis
1177 470 1369 538 delectamini,
1384 469 1469 543 quod
1485 483 1624 525 necesse
1639 472 1687 525 est
1699 468 1736 524 iis
1757 471 1800 542 qui

86 563 211 637 putetis?
224 562 316 619 Nolite
329 579 398 635 ergo
411 561 496 618 flores
506 565 653 632 tantopere
668 560 766 617 mirari
780 564 866 632 atque
878 558 938 615 lau·
993 560 1121 616 essentiae
1130 565 1227 616 mente
1236 559 1332 615 odere
1346 573 1406 615 non
1420 561 1575 630 pessunt,
1587 557 1741 630 quomodo
1752 560 1804 630 prol

87 652 165 720 dare,
177 649 693 724 quosjudicandosadtribunalpalati
702 646 937 720 nonpotestisad·
993 665 1044 722 per
1058 664 1169 705 moram
1184 648 1332 721 temporis,
1346 652 1376 705 et
1388 663 1447 721 per
1460 646 1661 704 obtritiones
1673 647 1804 719 quasdam

88 739 211 794 mittere.
219 737 494 809 Noliteportulacam
504 736 603 792 sallem
611 735 743 791 carnibus
753 739 937 807 anteponere,
994 753 1061 810 gero
1080 737 1115 793 do
1134 737 1301 809 corporibus
1315 735 1522 792 substantiam
1539 735 1629 803 boni,
1653 734 1714 789 nisi
1733 736 1804 808 quir

87 825 939 900 quaeabbiscoctisatcoloreetsaporastodorasuperatur.
993 826 1113 882 discedit
1131 827 1216 893 Deus,
1234 831 1268 881 ut
1284 825 1421 894 asseritis,
1445 829 1476 880 et
1503 824 1546 880 de
1569 824 1641 879 loco
1663 822 1798 880 inlocum

88 915 231 971 Porcellus
253 931 333 969 assus
357 914 422 985 (hoc
437 915 516 971 euim
535 914 645 986 cogitis,
661 917 691 969 ul
706 914 742 970 de
762 914 839 969 bono
858 915 887 968 et
904 911 940 967 de
995 915 1076 988 grati
1089 916 1209 972 Plenum
1233 919 1276 970 est
1295 913 1463 970 dementire.
1483 915 1717 968 Verumtamen
1736 914 1804 985 sigas

88 1004 175 1073 malo,
190 1019 249 1059 non
264 1002 451 1075 scriptoribus
466 1007 495 1059 et
508 1003 642 1072 librariis,
656 1002 707 1058 sed
721 1000 821 1074 coquis
833 1004 862 1056 et
875 999 939 1056 dul·
995 1005 1030 1060 ad
1048 1003 1133 1059 istam
1152 1003 1323 1060 sententiam
1343 1008 1371 1059 et
1387 1001 1521 1071 indicia,
1547 1006 1706 1074 quantum
1724 1003 1804 1058 cristis

88 1092 181 1150 ciariis
195 1091 333 1148 ministris
347 1092 494 1149 vobiscum
504 1092 602 1164 potius
616 1091 797 1160 disseramus)
811 1106 818 1144 :
830 1089 940 1161 percsl·
995 1109 1124 1165 possum,
1138 1092 1382 1148 nulladuxerunt.
1396 1092 1493 1147 llulta
1510 1090 1601 1147 euim
1622 1095 1729 1162 carpta
1743 1091 1804 1147 dea

89 1184 134 1239 lus
155 1198 224 1255 ergo
239 1197 318 1237 assus
333 1186 361 1237 et
373 1183 467 1237 colore
485 1182 603 1250 nitidus,
619 1186 648 1236 et
665 1181 752 1236 odore
765 1179 897 1247 blandus,
912 1181 943 1233 et
996 1181 1076 1236 ribus
1095 1180 1140 1234 vel
1162 1180 1260 1235 evulsa
1282 1180 1317 1235 da
1336 1183 1425 1248 terra,
1450 1183 1630 1251 antequam
1654 1179 1694 1234 ad
1717 1179 1799 1236 enm

90 1285 190 1342 sapora
201 1270 346 1342 jucundus
360 1275 404 1326 est
419 1287 426 1326 :
442 1270 554 1326 habetis
571 1271 731 1342 perlectum
746 1268 850 1324 divium
872 1267 941 1323 sub·
997 1273 1087 1324 strum
1100 1269 1226 1337 veniant,
1238 1267 1461 1339 interpositione
1478 1267 1593 1340 aliqua
1605 1267 1753 1339 temporis
1764 1270 1804 1323 nd

89 1358 202 1415 stantia
226 1357 413 1414 inhabitantis
432 1358 585 1428 indicium;
609 1358 687 1414 trino
706 1356 871 1413 testimonio
892 1370 942 1410 ros
996 1357 1172 1426 redduntur3
1188 1361 1222 1413 ut
1242 1357 1321 1428 porri
1344 1360 1373 1412 et
1396 1356 1510 1423 intiba,
1537 1356 1684 1423 lactucae,
1705 1372 1804 1423 uuae

90 1446 203 1515 invitat,
219 1451 247 1502 et
270 1445 389 1519 purgari
408 1450 502 1502 vestra
520 1446 667 1502 sanctitate
688 1445 840 1502 desiderat.
860 1445 942 1500 lura·
997 1446 1079 1511 licus,
1093 1450 1122 1501 et
1135 1445 1269 1518 quaedam
1283 1445 1367 1517 pira:
1381 1448 1412 1499 et
1425 1445 1530 1501 multa
1546 1450 1705 1517 praeterea
1719 1450 1804 1517 quaet

91 1535 159 1598 dite,
186 1534 256 1606 quid
284 1534 477 1590 cunctamini?
502 1534 571 1608 quid
596 1534 790 1591 contradicere
817 1532 944 1606 paratis?
998 1537 1128 1591 locantur
1140 1534 1253 1602 melius,
1266 1533 1335 1589 dum
1350 1549 1409 1589 non
1424 1533 1536 1589 statim
1552 1538 1590 1588 ut
1612 1533 1754 1606 decerpta
1765 1534 1804 1589 fue

92 1622 191 1678 Colore
215 1623 275 1678 solo
299 1623 462 1679 lenticulam
486 1624 572 1680 timus
594 1623 683 1679 vincit
705 1623 832 1690 infantis,
857 1623 944 1679 odora
999 1626 1201 1692 absumuntur,
1220 1627 1249 1678 et
1271 1638 1391 1694 corpora
1418 1621 1594 1694 capiuntur
1617 1622 1804 1687 salubrius,e

91 1712 152 1767 solo
168 1728 230 1768 assa
245 1711 339 1767 offella
353 1716 469 1784 superat
482 1714 581 1768 mitem
596 1728 629 1768 ac
646 1711 768 1768 viridem
786 1711 885 1782 licum,
898 1726 943 1766 sa·
998 1712 1084 1785 piunt
1098 1711 1129 1767 in
1143 1728 1193 1767 ora
1208 1710 1350 1766 conditius
1362 1727 1369 1765 ε
1381 1727 1451 1784 quaa
1464 1714 1560 1766 tanta
1570 1711 1802 1767 commoditas«

93 1817 162 1873 pore
173 1802 233 1857 solo
247 1801 607 1866 baedusoccisushsrbam,
618 1800 796 1875 quamtitas
807 1799 943 1872 pascitur,
999 1802 1071 1858 vitas
1088 1800 1181 1856 inesse
1200 1799 1245 1855 his
1265 1798 1351 1855 rebus
1368 1799 1501 1855 minime
1524 1800 1673 1870 deberet,
1690 1801 1715 1855 si
1732 1817 1804 1856 smne

93 1889 199 1946 vincit:
214 1889 329 1946 iuventa
350 1895 394 1946 est
407 1890 494 1946 etiam
508 1906 585 1960 caro,
600 1891 682 1962 cujus
696 1906 781 1946 causa
799 1889 845 1945 his
858 1888 944 1945 simol
1000 1894 1123 1946 vestram
1146 1888 1329 1956 sententiam,
1354 1893 1438 1944 tanto
1462 1889 1647 1944 desertiora
1671 1889 1749 1944 bono
1770 1889 1804 1945 lie

93 1978 185 2034 tribus
199 1979 318 2035 testibus
333 1979 492 2052 adjuvetur.
508 1979 581 2045 Quid
595 1978 722 2052 quaeritis
736 1978 883 2051 amplius?
896 1980 946 2033 aut
1001 1982 1109 2053 quanto
1121 1976 1285 2034 diuturnius
1294 1981 1495 2048 reponuntur,
1506 1983 1684 2050 postquam
1694 1982 1804 2052 aterno

94 2067 164 2139 quid
182 2067 287 2124 dicturi
307 2068 393 2124 estis?
407 2068 464 2126 Cur
481 2085 532 2124 ros
554 2068 703 2140 epulantes
721 2066 887 2123 immundos
904 2064 947 2122 fa·
1000 2086 1017 2125 a
1040 2073 1132 2124 matre
1155 2071 1285 2139 separata
1307 2070 1384 2122 sunt.
1402 2067 1481 2122 Caro
1509 2067 1584 2139 ipsa
1606 2068 1711 2141 pridie
1733 2068 1804 2124 omisa

93 2156 170 2213 ciant
188 2157 384 2230 pulpamenta,
400 2161 429 2213 et
449 2156 626 2230 disputantes
649 2157 711 2213 haec
732 2159 866 2229 portenta
888 2171 946 2211 non
1001 2156 1169 2213 animalium
1183 2156 1308 2228 profecto
1324 2159 1366 2212 est
1376 2155 1550 2227 jucundior
1569 2161 1672 2230 atque
1687 2157 1804 2213 commod

94 2245 217 2301 faciant:
232 2246 394 2318 prasertim
416 2261 481 2301 cum
496 2246 564 2302 solis
577 2245 659 2302 istius
673 2244 780 2314 radius,
796 2260 883 2318 quern
897 2260 946 2300 ves
1000 2263 1060 2303 non
1079 2250 1175 2302 autem
1197 2245 1238 2301 ita
1256 2260 1317 2300 essa
1336 2245 1513 2316 oportebat,
1537 2246 1576 2314 si,
1605 2251 1644 2301 nt
1668 2246 1792 2313 asseriti,

93 2338 169 2390 certe
188 2336 217 2389 et
240 2333 373 2389 carnibus
396 2333 530 2390 omnibus
553 2338 582 2389 et
606 2333 738 2406 frugibus
759 2333 945 2405 anteponitis,
1001 2335 1120 2391 haberet
1140 2333 1220 2400 boni,
1241 2348 1275 2388 eo
1300 2332 1346 2388 die
1368 2349 1475 2389 recens
1507 2335 1678 2392 animante
1704 2336 1804 2392 inim

94 2436 147 2476 nec
167 2420 253 2489 oleat,
273 2436 325 2476 nec
339 2420 442 2492 sapiat,
464 2422 514 2477 sed
532 2423 730 2478 tantummodo
748 2421 825 2478 inter
845 2425 947 2478 eaetera
1001 2439 1088 2496 quam
1111 2421 1249 2495 postridie
1269 2436 1335 2477 cum
1357 2420 1467 2478 divium
1497 2423 1690 2480 substantias
1709 2425 1804 2497 muer:

93 2524 225 2581 corpora,
245 2509 411 2581 praestantia
439 2508 643 2581 fulgentissimi
666 2509 781 2579 coloris,
804 2510 945 2578 eminest;
1002 2513 1077 2569 facta
1090 2515 1176 2569 esset.

93 2597 143 2670 qui
156 2613 206 2653 vos
217 2613 393 2670 magnopere
401 2597 542 2666 hortatur,
559 2602 644 2671 atque
659 2598 731 2655 adeo
741 2598 818 2672 cogit
828 2597 945 2667 inritos,
1036 2603 1081 2658 ll.
1107 2599 1212 2656 Vinum
1231 2614 1299 2654 nero
1322 2601 1467 2655 vetustate
1494 2601 1614 2671 purius
1640 2604 1793 2676 meliusque

94 2689 126 2741 ut
143 2686 218 2742 inter
236 2687 409 2743 documenta
426 2686 574 2743 commixti
593 2686 672 2756 boni,
688 2686 760 2744 nihil
775 2687 879 2743 coloris
901 2687 946 2743 ni·
1002 2691 1066 2763 quis
1086 2687 1220 2762 ignoret?
1234 2704 1287 2743 nec
1309 2687 1346 2744 ad
1368 2691 1599 2760 pervertendos
1625 2709 1731 2749 sensus
1751 2691 1804 2748 rede

93 2774 149 2832 tori
163 2774 341 2847 praeisratis‘l
1001 2780 1058 2835 tius
1078 2780 1100 2847 ¹,
1115 2781 1149 2835 ut
1162 2777 1278 2850 putetis,
1297 2776 1346 2833 sed
1360 2777 1397 2832 ad
1410 2780 1631 2850 vegetandum
1647 2799 1751 2855 corpus
1765 2782 1804 2838 util

128 2867 173 2921 ta.
189 2864 232 2920 Ad
254 2863 317 2921 illas
340 2880 409 2938 erge
432 2863 604 2921 reducimini
625 2865 782 2937 angustias,
801 2867 835 2920 ut
854 2863 948 2937 magis
1002 2871 1114 2924 mutum
1129 2867 1203 2923 adut
1224 2866 1656 2939 modus,quemiuom1:ire
1680 2871 1804 2928 domman'

92 2951 288 3025 insanguine,
303 2953 376 3010 etin
395 2952 431 3008 iis
451 2970 517 3026 quae
530 2953 700 3010 animalium
724 2953 858 3011 comibus
873 2953 948 3010 lou·
1002 2961 1056 3013 cet.
1073 2958 1146 3012 Nam
1160 2961 1254 3012 musto
1267 2955 1426 3011 recentiore
1438 2959 1638 3027 perversitas
1653 2976 1804 3017 sensusne

95 3041 222 3121 dissime²
239 3042 289 3098 sed
300 3041 393 3098 nitide
407 3041 532 3098 colorata
545 3041 577 3098 in
591 3042 660 3098 vicis
674 3046 842 3115 egeruntur,
859 3057 947 3115 qnam
1002 3047 1073 3103 solet
1088 3045 1233 3101 accidere:
1249 3044 1289 3100 ita
1300 3048 1332 3098 ut
1345 3043 1368 3098 si
1382 3043 1552 3116 aliquando
1573 3048 1611 3104 in
1622 3050 1693 3105 lacn
1707 3064 1804 3106 remam

94 3131 125 3185 in
140 3129 222 3186 olivae
234 3129 309 3186 foliis
322 3131 494 3202 pallentibus
508 3137 621 3204 partem
643 3131 694 3187 Dei
707 3130 836 3187 habitare
855 3131 946 3188 lateo
1002 3135 1241 3208 aliquantumque
1255 3132 1403 3202 ferbuerit,
1419 3133 1587 3193 intuentes
1604 3138 1737 3212 desuper
1752 3154 1804 3212 petr

96 3218 177 3275 mini.
199 3219 280 3284 Quod
303 3219 327 3274 si
349 3219 453 3285 dicitis,
472 3236 540 3275 nam
561 3220 648 3275 etiam
671 3219 725 3275 boc
744 3219 846 3290 dicitis,
866 3219 947 3276 olivas
1002 3223 1119 3281 cerebro
1143 3221 1305 3295 precipites
1321 3225 1397 3294 agat,
1413 3225 1442 3277 et
1465 3223 1527 3279 nisi
1550 3226 1665 3300 aliquo
1686 3228 1804 3284 modost

95 3306 174 3375 folia,
191 3323 257 3362 cum
271 3305 472 3375 incenduntur,
489 3306 587 3380 ignem
601 3307 743 3376 emittere,
759 3306 789 3362 in
802 3322 860 3379 quo
872 3322 949 3379 prae·
1002 3313 1110 3382 niatur,
1125 3311 1296 3384 exstinguat.
1309 3312 1371 3368 lam
1385 3311 1465 3382 quod
1491 3313 1531 3368 ad
1549 3315 1761 3373 valetudinem
1771 3318 1804 3373 ati

96 3395 188 3452 sentia
199 3395 270 3451 lucis
284 3399 416 3468 apparet;
431 3411 530 3453 carues
544 3401 652 3467 autem,
667 3412 732 3452 cum
745 3395 947 3462 incenduntur,
1002 3400 1098 3459 inflari
1121 3417 1154 3457 eo
1176 3416 1295 3472 corpora
1317 3399 1546 3474 pernicioseque
1575 3404 1727 3475 distendi,
1750 3405 1802 3478 quis

96 3500 155 3541 non
176 3483 255 3540 idem
275 3483 383 3540 beera:
405 3484 474 3557 quid
497 3484 532 3540 de
553 3485 637 3555 adips
660 3484 877 3556 respondebitis,
898 3485 949 3558 qui
1003 3492 1092 3547 nnat?
1105 3490 1180 3545 Num
1197 3489 1263 3545 ideo
1281 3492 1360 3545 unta
1381 3489 1583 3547 incommoda
1606 3493 1727 3566 insunt,
1742 3491 1800 3566 quis

96 3588 186 3645 prope
201 3588 300 3630 omnes
317 3573 401 3628 ltalas
415 3572 545 3628 lucernas
558 3572 723 3629 illuminat?
736 3573 810 3639 Ouid
830 3573 866 3629 de
879 3572 948 3630 fimo
1003 3580 1089 3635 habet
1101 3578 1185 3646 boni;
1201 3581 1354 3650 propterea
1364 3576 1419 3632 ista
1429 3576 1464 3633 in
1479 3578 1546 3634 vini
1564 3586 1720 3639 vetustata
1737 3597 1804 3639 none

96 3661 215 3733 bubulo,
231 3660 281 3735 qui
300 3666 342 3717 est
362 3665 438 3718 certe
457 3661 538 3718 boris
553 3677 639 3718 carne
658 3661 807 3730 sordidior,
822 3678 880 3734 quo
894 3661 948 3717 sic·
1004 3668 1072 3740 quia
1086 3667 1191 3724 divina
1203 3665 1371 3723 substautias
1385 3681 1452 3737 pars
1468 3684 1589 3740 magna
1606 3672 1760 3728 discessitl
1771 3670 1804 3727 ll

47 3826 50 3833 Ι
97 3755 160 3807 cato
173 3750 273 3806 rustici
282 3751 323 3806 sic
332 3754 455 3807 utuntur
468 3751 503 3806 ad
515 3751 622 3820 focum,
636 3755 669 3807 ut
682 3751 744 3822 ejus
757 3750 824 3822 igne
837 3748 948 3806 facilius
1004 3758 1074 3813 dum
1082 3754 1331 3825 ostdicar03vobis
1337 3754 1501 3827 prasertim
1512 3758 1575 3829 qui
1587 3762 1804 3832 praesentiam

98 3838 171 3894 nihil
189 3838 226 3893 sit
244 3838 381 3910 fumoque
400 3838 570 3910 purgatius?
586 3837 659 3904 Quid
681 3838 768 3911 quod,
784 3839 807 3892 si
823 3837 899 3894 nitor
922 3841 950 3893 at
1005 3846 1066 3913 noi,
1096 3845 1196 3911 oculis,
1225 3843 1352 3913 naribus,
1377 3844 1486 3914 palato,
1512 3861 1593 3902 cum
1622 3850 1656 3906 hi
1686 3847 1804 3906 musas]

98 3925 195 3997 fulgor
214 3925 353 3997 majorem
371 3926 557 3996 praesentiam
580 3925 684 3981 divinas
703 3926 793 3998 partis
812 3925 948 3996 ostendit,
1004 3934 1179 3997 afficiuntur,
1194 3932 1337 4005 judicatis.
1358 3934 1420 3990 lam
1438 3948 1510 3989 vero
1531 3952 1611 4008 quae
1633 3942 1721 3995 tanta
1740 3952 1804 4011 pern

98 4029 162 4071 eam
175 4029 225 4068 vos
236 4029 296 4069 nou
308 4013 447 4085 purgatis,
458 4030 518 4070 non
528 4013 712 4086 consignatis,
728 4030 788 4070 non
801 4014 950 4071 liberatis?
1005 4030 1057 4094 ost,
1069 4024 1169 4080 vinum
1185 4028 1287 4095 poturo
1306 4022 1344 4078 iol
1357 4020 1528 4094 principum
1546 4027 1763 4092 tenebrarum,
1779 4029 1802 4081 d

98 4100 245 4174 Siqffidffl
259 4106 302 4157 0⁸*
314 4102 438 4158 mfflfflfl
453 4101 483 4158 in
498 4103 629 4172 ss⁰lib¹1⁸2
644 4108 677 4159 ¹1¹
690 4103 822 4160 mittam
836 4102 950 4176 Sangui·
1003 4112 1187 4169 comedendis
1198 4127 1256 4167 non
1270 4110 1406 4182 parcere?
1419 4110 1555 4182 llagisne
1570 4113 1671 4172 inerit
1683 4115 1757 4172 illud
1767 4113 1798 4171 fel

97 4207 175 4260 nam,
198 4195 226 4247 at
238 4190 461 4248 innumerabilia
479 4191 511 4247 in
526 4208 622 4262 carne,
643 4193 688 4248 nel
703 4209 738 4249 er
755 4208 840 4248 carna
855 4191 949 4249 simil·
1004 4201 1034 4257 in
1056 4217 1140 4273 oppa,
1165 4217 1252 4272 quam
1273 4216 1339 4255 oum
1356 4199 1388 4255 in
1410 4197 1503 4254 acinis
1524 4201 1651 4259 fueriti
1666 4205 1752 4271 Quod
1769 4201 1804 4259 ii]

98 4281 179 4352 lima,
193 4297 267 4354 qtros
278 4285 354 4336 certe
368 4279 452 4336 flores
469 4280 575 4337 habere
587 4281 618 4338 in
629 4283 722 4354 epulis
737 4298 795 4337 non
809 4281 948 4355 potastist
1005 4290 1167 4347 discedente
1194 4289 1276 4361 quasi
1303 4287 1441 4344 meracius
1466 4296 1618 4348 remanet
1648 4294 1776 4362 malum,
1794 4307 1804 4346 r

98 4369 149 4443 qui
164 4369 190 4426 si
203 4369 290 4426 etiam
304 4369 438 4426 carnibus
451 4370 650 4440 vesceremini,
666 4387 801 4444 squamas
814 4376 890 4428 certe
905 4371 949 4444 pi·
1003 4379 1142 4451 temporis
1157 4393 1238 4433 mora
1251 4376 1406 4447 contingit;
1421 4390 1481 4429 non
1496 4380 1675 4448 oportebat
1688 4381 1800 4437 ossdsn

97 4457 199 4527 ⁸0i¹¹ms
222 4457 609 4532 et(1¹²03‘Jl1fflV0s¹1110¹¹¹⁰⁵
632 4463 860 4532 ⁸¹41110111¹¹⁵0⁰⁵s
884 4475 950 4533 ‹1¹¹ae
1005 4484 1157 4540 suspensas
1179 4472 1265 4537 atque
1297 4469 1421 4522 serratas
1446 4466 1514 4521 lieri
1543 4469 1708 4539 mitiores,
1737 4470 1804 4528 dulci

98 4539 197 4602 omni'a
210 4546 297 4603 etiam
311 4547 343 4604 in
357 4548 484 4604 tenebris
498 4548 563 4604 luce
575 4547 696 4620 propria
710 4553 871 4619 coruscant,
884 4548 949 4622 pul·
1005 4557 1195 4614 salubriores:
1212 4571 1306 4628 neque
1321 4554 1416 4627 ipsum
1429 4552 1538 4611 vinum
1559 4560 1651 4630 qnod
1669 4578 1766 4634 supra
1779 4559 1804 4616 di

96 4635 311 4691 montisvestris
325 4653 384 4693 non
399 4636 584 4695 adhiberetis.
1004 4652 1057 4714 est,
1080 4650 1108 4702 οι
1137 4644 1241 4701 amima
1261 4645 1323 4699 luce
1343 4641 1482 4715 liquidius
1506 4648 1609 4718 atque
1647 4649 1804 4707 luculentia

132 4724 178 4779 43·
192 4721 265 4786 Quid
281 4723 368 4794 fiditur
385 4729 481 4795 Γθδῑᾶἱ,
503 4725 559 4781 nisi
577 4729 610 4782 ut
629 4725 723 4780 ditm
741 4723 886 4794 (ῑθὸῑῑὶθῒὶθ,
901 4725 950 4781 ha·
1005 4734 1151 4791 salutifera
1165 4732 1324 4789 substantia
1337 4731 1501 4787 discedente
1514 4736 1696 4796 salubrius.

97 4811 165 4869 bere
192 4826 242 4866 sos
269 4811 388 4869 idoneos
407 4814 518 4886 judices
551 4816 658 4884 oculos,
686 4830 781 4883 nares,
808 4814 947 4885 palatum,
1039 4826 1083 4881 45.
1100 4822 1174 4890 Quid
1193 4821 1287 4877 dicam
1307 4820 1342 4876 de
1365 4818 1451 4891 lignis
1471 4824 1502 4876 et
1527 4822 1717 4896 frondibus,
1738 4843 1799 4901 qna

99 4899 204 4972 (luiblss
218 4897 951 4974 dilinael‘ffl’iiiltrtffiffllfiffln111⁰⁰slt⁰rib¹¹²³⁸llllf⁰·
1004 4929 1072 4987 pore
1092 4915 1233 4979 arescunt,
1255 4925 1309 4966 nec
1329 4925 1362 4965 ex
1381 4925 1415 4964 eo
1436 4924 1455 4963 a
1473 4909 1562 4966 vobis
1585 4914 1651 4971 dici
1671 4921 1795 4990 possunt

98 4988 193 5046 betis?
212 4986 260 5044 llis
279 4994 374 5042 autem
393 4990 519 5059 remotis,
535 4992 613 5047 unde
631 4989 770 5047 docebitis
788 5005 847 5047 non
864 4990 949 5046 modo
1003 5003 1081 5058 riori
1095 5000 1176 5058 fiori?
1190 5001 1222 5056 id
1238 4998 1316 5056 onim
1330 4996 1469 5053 amittunt
1484 5013 1552 5070 quo
1578 5002 1691 5062 sumu,
1705 5006 1804 5079 gignit,

98 5079 239 5151 ffl³i⁰r⁰m
252 5079 365 5150 partem
380 5076 431 5132 Dei
442 5077 473 5134 1¹¹
488 5080 623 5152 stirpibus
638 5096 699 5137 ⁰⁵³⁰
711 5095 799 5152 quam
813 5079 845 5135 in
856 5078 948 5135 mni·
1005 5096 1101 5147 autem
1115 5088 1242 5145 retinent
1260 5089 1335 5144 unde
1354 5085 1448 5141 lucida
1472 5086 1610 5147 flamma
1625 5096 1795 5169 consurgit,

98 5170 161 5238 bus,
180 5168 231 5224 sed
254 5165 371 5224 omnino
391 5182 451 5221 esse
470 5168 580 5240 aliquid
601 5170 663 5242 ejus
682 5168 714 5225 iu
732 5167 892 5241 stirpibus?
903 5169 949 5224 dn
1004 5180 1131 5236 claritate
1143 5194 1230 5251 quom
1243 5177 1367 5233 muitum
1379 5173 1516 5246 diligitis,
1532 5182 1653 5250 pul-jus
1668 5184 1804 5242 bonum<

97 5257 282 5330 lulsshffiffl
296 5271 346 5313 '⁰³
361 5259 465 5325 ffl⁰l0⁸2
487 5273 548 5313 ⁰⁰¹²
561 5274 626 5331 (111oe
640 5258 671 5314 5¹¹
691 5258 831 5314 ³⁰³Vst⁸t⁶
847 5256 948 5313 001οή3
1003 5268 1141 5337 diesibus,
1158 5283 1244 5339 quam
1259 5265 1289 5321 iu
1313 5263 1503 5321 viridioribus
1519 5283 1592 5326 esse
1621 5277 1764 5332 testatur.
1780 5275 1804 5330 li

97 5352 150 5419 est,
163 5347 214 5405 sed
227 5364 293 5422 quae
307 5346 339 5404 in
351 5344 478 5419 partium
493 5346 698 5419 congruentia?
710 5346 824 5404 Utinam
838 5346 891 5403 boc
902 5360 948 5403 ee·

97 5442 149 5494 set.
161 5437 280 5504 Quando
294 5437 372 5495 enim
387 5435 555 5510 corporibus
567 5437 768 5506 animantium,
780 5437 811 5493 in
824 5451 948 5510 quorum
1037 5445 1043 5477 ¹
1063 5440 1125 5490 idas.
1141 5440 1238 5504 pluras,
1254 5436 1392 5491 dolentius.
