3884 6112
634 188 638 199 '
717 218 823 276 mnan
844 220 1039 282 saconnns.
1689 238 1756 295 reor

73 330 174 388 neutile
190 332 330 389 rationem
351 349 527 408 cognoscere,
544 354 610 411 quus
629 331 669 396 iia
688 342 820 399 redditur
835 358 843 399 τ
900 344 974 402 tium
986 346 1104 419 Judicio,
1119 363 1176 420 quo
1191 347 1276 404 simui
1291 365 1323 406 ac
1338 350 1412 406 dicta
1424 351 1531 409 tuerint
1546 346 1753 429 improbentur,

75 420 144 489 ism,
163 420 269 494 inquit,
294 425 457 480 membrum
482 426 694 486 Dalmatarum
715 430 846 488 substan·
900 435 950 491 sed
972 434 1028 509 ipsi
1046 435 1131 492 etiam
1147 437 1258 508 rcrlgari
1278 436 1486 513 intelligentie,
1504 459 1592 514 quam
1608 446 1665 503 sint
1685 449 1754 504 falsa

73 509 242 566 ammixtum
252 515 306 581 est,
315 516 348 567 ut
356 528 419 567 earn
431 514 597 585 refrenaret,
609 522 695 591 atque
706 537 720 575 a
731 536 844 576 summo
899 528 929 580 et
942 524 1063 581 absurde
1078 525 1146 580 satis
1163 525 1283 582 eluceat.

73 614 89 653 e
110 599 315 672 comprimeret
335 600 384 668 (sic
398 602 476 657 enim
499 603 612 677 dicitis),
635 606 671 662 de
693 609 844 666 commixta
935 616 978 669 39.
994 612 1091 669 Primo
1102 613 1181 669 enim
1192 616 1389 688 querquera
1404 618 1530 676 doceatis
1544 621 1574 676 in
1590 622 1750 691 frumentis,

73 702 114 758 ua
137 690 251 754 natura,
267 687 296 742 id
315 692 358 743 est
373 688 441 743 boni
456 693 484 745 et
506 691 586 761 maii,
600 693 724 749 mundus
745 698 788 751 est
800 696 843 752 la·
899 717 930 755 uc
945 701 1100 773 legumine,
1117 705 1145 756 et
1159 702 1295 772 oleribus,
1309 709 1339 760 et
1361 706 1491 776 iloribus,
1509 711 1645 782 etpumia
1659 712 1751 768 inesse

72 778 123 830 tus.
141 776 210 857 Pars
223 780 321 831 autem
336 776 386 833 ille
399 777 495 834 divina
510 795 542 834 ex
556 781 727 854 omniparte
741 785 843 841 mundi
897 787 981 844 istam
996 789 1091 845 nescio
1101 807 1187 863 quam
1202 796 1314 863 partem
1330 793 1390 849 Dei.
1404 796 1441 850 Ex
1455 795 1518 868 ipso
1528 797 1632 855 coloris
1647 801 1750 870 nitore,

73 863 120 919 die
138 869 288 936 purgatur,
311 870 337 920 el
361 865 392 921 in
416 883 468 922 sua
487 883 576 941 regna
598 871 774 928 resumitur:
794 874 841 930 sed
897 875 1041 948 inquiunt,
1060 881 1088 933 et
1108 877 1205 933 odoris
1222 879 1412 950 jucunditate,
1437 887 1466 937 et
1486 884 1595 956 saporis
1610 887 1750 944 suavitate

72 968 121 1024 per
138 957 244 1008 terram
263 955 409 1024 exhalans,
428 961 456 1012 et
478 958 514 1014 ad
532 958 636 1014 eoelum
651 961 780 1031 tendens,
797 961 842 1018 in·
896 964 1080 1022 manifestum
1093 970 1152 1021 est:
1167 983 1232 1038 quae
1252 968 1321 1023 dum
1337 985 1395 1024 non
1408 970 1514 1026 habent
1528 972 1633 1044 putria,
1649 974 1749 1030 eodem

72 1040 121 1096 lin
135 1041 247 1112 stirpes,
261 1044 399 1114 quonium
419 1046 560 1102 radicibus
575 1051 658 1104 terrae
675 1049 838 1122 adiguntur,
896 1053 972 1110 bono
991 1070 1052 1110 sese
1071 1055 1184 1111 deserta
1202 1072 1262 1111 esse
1286 1056 1456 1129 significant.
1474 1061 1534 1114 Non
1549 1061 1638 1133 pudet
1660 1063 1749 1118 Deum

72 1152 75 1178 ι
94 1129 135 1184 ita
156 1146 256 1186 omnes
276 1133 390 1200 herbas,
408 1139 438 1190 et
457 1135 572 1193 arbusta
589 1138 687 1194 omnia
707 1140 843 1197 fecundat
896 1158 964 1197 naso
980 1147 1008 1199 et
1021 1145 1117 1216 palato
1132 1143 1280 1199 inventum
1295 1148 1415 1216 putare?
1427 1148 1475 1202 sed
1492 1148 1552 1203 haec
1567 1149 1677 1206 omitto.
1694 1152 1748 1208 Lu·

72 1223 154 1290 gelat.
172 1219 240 1275 ilinc
254 1221 389 1277 animalia
401 1223 497 1280 cibum
512 1227 637 1298 capiunt,
654 1244 719 1300 qnae
734 1229 758 1283 si
772 1245 840 1284 ccu-
896 1230 954 1285 tine
969 1231 1141 1287 enimvobis
1155 1232 1259 1301 dicam,
1275 1238 1313 1302 et,
1326 1238 1358 1289 nt
1371 1234 1427 1290 dici
1441 1238 1555 1308 assolet,
1567 1240 1692 1295 multum
1707 1246 1749 1296 est

74 1312 136 1375 unt,
151 1309 242 1381 ligant
253 1309 284 1364 in
297 1326 381 1365 carne
396 1312 525 1369 divinum
539 1315 611 1372 illud
625 1316 797 1385 membrum,
812 1320 841 1374 el
895 1320 930 1374 ad
940 1335 999 1375 ros.
1011 1319 1084 1375 illud
1101 1319 1194 1390 polius
1206 1322 1409 1394 qualicumque
1419 1330 1516 1380 mente
1527 1325 1747 1400 intelligendum

72 1413 93 1452 o
108 1414 159 1452 sno
175 1397 278 1454 itinere
294 1414 426 1457 aversum
439 1406 524 1476 atque
539 1404 721 1477 impeditum,
735 1406 839 1462 errori·
893 1407 957 1474 tuit,
974 1407 998 1461 si
1012 1408 1106 1463 colore
1120 1413 1240 1481 apparet
1260 1410 1290 1464 in
1305 1411 1473 1482 corporibus
1494 1414 1560 1468 boni
1585 1418 1747 1487 praesentia,

72 1486 408 1560 numnisqneimplicant.
418 1491 518 1563 ltaque
532 1493 588 1549 cibi
598 1494 648 1566 qui
661 1494 696 1550 de
707 1494 839 1567 frugibus
893 1496 995 1552 limum
1008 1494 1189 1564 animalium,
1205 1498 1279 1569 quod
1296 1498 1424 1570 ipsarum
1438 1501 1524 1556 etiam
1540 1503 1669 1560 earnium
1681 1522 1748 1576 pur·

72 1575 121 1631 mis
135 1581 284 1648 parantur,
300 1577 323 1632 si
337 1579 374 1634 ad
388 1583 510 1647 sanctos,
520 1580 550 1636 id
565 1585 607 1636 est
621 1582 656 1638 ad
668 1582 838 1638 ldanichaeos
893 1589 1061 1658 gementum
1084 1590 1136 1654 est,
1156 1586 1275 1642 dirersis
1299 1588 1390 1644 nitere
1415 1590 1566 1659 coloribus,
1587 1592 1656 1647 alias
1678 1610 1747 1649 can·

72 1667 110 1730 ut,
126 1680 178 1735 per
197 1680 296 1720 eorum
311 1667 479 1737 castitatem,
495 1672 523 1724 et
546 1670 700 1739 orationes,
721 1675 749 1727 et
762 1672 837 1743 psal·
893 1674 972 1740 dido,
990 1675 1162 1747 plerumque
1185 1677 1312 1746 aureolo,
1338 1682 1366 1732 et
1389 1678 1452 1733 aliis
1475 1679 1650 1750 hujusmodi,
1676 1699 1747 1755 quos

74 1752 214 1825 quidquid
230 1753 314 1808 ineis
330 1760 372 1810 est
387 1757 563 1812 luculentum
578 1763 607 1813 et
621 1758 750 1815 divinum
766 1776 836 1832 pur·
891 1763 921 1818 in
935 1763 1029 1835 pomis
1044 1768 1073 1819 et
1087 1763 1205 1818 floribus
1223 1764 1301 1820 reiut
1319 1768 1404 1821 testes
1424 1766 1475 1822 Dei
1492 1769 1642 1838 proesentis
1660 1773 1747 1844 atque

82 1841 103 1909 ¹,
120 1840 207 1896 idest
226 1844 352 1897 exomni
372 1848 453 1914 parte
472 1846 629 1917 perficitur,
647 1853 679 1902 nt
699 1849 733 1903 ad
747 1865 837 1921 regna
891 1851 1059 1907 inhaerentis
1083 1851 1220 1924 accipitis.
1238 1852 1310 1919 Quid
1336 1855 1453 1910 tandem
1476 1871 1568 1911 causae
1592 1861 1644 1925 est,
1668 1861 1744 1931 quod

72 1928 101 1983 ia
116 1928 177 1984 sine
193 1930 250 1984 nlla
265 1930 390 1986 sordium
412 1932 579 1989 diiiicultele
594 1935 746 1991 referatur.
766 1937 836 1992 ilinc
891 1940 1028 1996 ruborem
1043 1939 1073 1995 in
1088 1956 1154 1996 rosa
1167 1939 1291 1996 indicem
1308 1941 1481 1998 abundantis
1495 1942 1565 2000 boni
1580 1961 1641 2000 esse
1651 1947 1746 2018 perbi-

72 2017 118 2072 rod
133 2016 308 2074 mendicanti
322 2020 445 2088 bomini,
461 2022 510 2094 qui
526 2024 701 2079 manicheus
714 2040 773 2080 nou
787 2025 835 2093 sit,
889 2027 973 2096 betis,
990 2030 1019 2083 et
1033 2027 1169 2083 eumdem
1184 2028 1326 2085 damnatis
1341 2029 1370 2085 in
1385 2030 1548 2103 sanguinei
1558 2033 1615 2088 Cur
1627 2032 1657 2089 in
1670 2034 1746 2090 uiola

72 2122 87 2160 u
111 2104 155 2160 rel
177 2105 286 2178 aliquid
310 2107 438 2180 frugum,
453 2112 497 2165 vel
521 2127 626 2183 aquaem
648 2111 750 2183 ipsam,
771 2129 836 2186 quoe
890 2116 1025 2173 eumdem
1039 2116 1166 2172 colorem
1178 2118 1396 2188 amplectimini,
1408 2135 1495 2192 quem
1508 2120 1539 2176 in
1550 2121 1713 2179 choleribus
1723 2125 1742 2191 ¹,

72 2193 192 2249 surrilis
207 2198 258 2266 est,
276 2197 338 2252 dari
353 2198 527 2269 prohibetis;
543 2215 579 2255 ne
595 2201 757 2257 membrum
773 2201 834 2269 liei,
890 2200 920 2256 in
934 2202 1035 2258 morbo
1048 2202 1240 2272 ictericorum,
1251 2203 1281 2258 in
1296 2202 1414 2259 infantis
1428 2204 1552 2279 denique
1567 2206 1636 2263 ssmo
1647 2224 1743 2279 asper·

80 2282 125 2339 his
139 2284 224 2339 rebus
245 2284 405 2342 admixtum
419 2291 472 2355 est,
488 2287 547 2343 suis
567 2289 690 2360 peccatis
706 2289 833 2346 sordida·
891 2290 1020 2346 nemini?
1039 2292 1096 2347 Cur
1117 2290 1240 2348 nitorem
1259 2297 1345 2365 atque
1366 2293 1508 2366 fulgorem
1533 2295 1599 2363 olei,
1620 2296 1743 2352 clamare

71 2414 75 2424 .
89 2371 184 2427 reditu
200 2372 352 2444 impediat.
889 2378 1002 2452 copiam
1015 2380 1171 2435 coadmixti
1189 2380 1259 2436 boni
1273 2381 1463 2449 arbitramini,
1481 2387 1509 2437 et
1523 2382 1557 2438 ad
1573 2383 1602 2439 id
1615 2400 1742 2456 purgan-

78 2461 182 2516 Carnes
195 2468 292 2517 eutem
304 2463 365 2533 jam
381 2463 417 2518 da
432 2462 500 2535 ipsis
515 2465 647 2522 sordibus
664 2465 757 2522 dicitis
772 2482 833 2523 esse
889 2467 1064 2523 dumiauees
1077 2472 1105 2522 et
1119 2473 1245 2523 ventrem
1260 2469 1425 2540 parutis3de
1438 2470 1539 2542 pingui
1551 2478 1647 2526 autem
1657 2488 1742 2527 carno

71 2554 137 2605 etas.
156 2550 241 2622 Fugit
255 2551 333 2606 enim
352 2551 461 2624 aliquid
478 2554 659 2624 portisillins
673 2555 788 2625 divinar,
800 2560 834 2611 nt
889 2556 1028 2613 simillimi
1047 2557 1166 2628 fulgoris
1186 2557 1395 2614 destillantibus
1414 2558 1504 2631 guttis
1525 2558 1606 2614 labra
1629 2561 1742 2616 contin-

71 2636 149 2701 betis,
166 2638 342 2712 dumirnges
354 2644 381 2695 et
395 2657 483 2711 poma
495 2648 667 2714 carpinetum
679 2644 752 2716 sugit
766 2661 831 2699 cum
889 2659 956 2715 gera
977 2643 1155 2699 formidatis?
1171 2644 1228 2699 Cur
1244 2643 1279 2699 de
1294 2643 1436 2699 thesauris
1457 2645 1507 2699 Dei
1526 2646 1671 2702 melonem
1691 2664 1743 2720 pu-

71 2730 151 2781 untur
165 2727 207 2781 vel
227 2729 346 2784 terendo
358 2729 400 2783 vel
416 2730 552 2786 molendo
565 2733 778 2805 velcoquend0‚
790 2733 832 2788 rel
889 2730 957 2785 talis
977 2746 1098 2786 aureum
1121 2745 1199 2799 esse;
1217 2735 1245 2786 et
1267 2747 1364 2802 perum
1384 2729 1497 2801 adipem
1518 2731 1677 2800 rancidam,
1697 2734 1742 2788 rel

96 2816 256 2871 mordendo
279 2821 366 2889 atque
389 2819 563 2875 mandendo.
587 2821 670 2891 Fugit
694 2820 779 2876 etiam
802 2821 832 2875 in
888 2818 935 2872 ovi
949 2817 1075 2873 medinm
1090 2833 1148 2872 nou
1161 2818 1286 2890 putatis?
1298 2819 1354 2874 Cur
1367 2817 1445 2873 robis
1460 2819 1567 2874 candor
1580 2818 1611 2874 in
1626 2819 1741 2875 lactucis

71 2919 114 2959 tus
135 2904 261 2960 motibus
280 2906 460 2977 animalium,
481 2908 524 2963 vel
543 2924 608 2963 cnm
629 2909 765 2980 gestiunt,
788 2910 832 2964 vel
887 2906 1023 2977 predicat
1043 2907 1144 2976 Deum,
1162 2906 1278 2963 inlecta
1299 2923 1358 2962 non
1371 2906 1528 2978 praedicati
1544 2909 1583 2963 De
1598 2907 1741 2963 coloribus
1799 2990 1802 2995 Ι

71 2997 238 3063 exercentur,
254 2994 299 3049 vel
322 3010 387 3050 cnm
407 2995 549 3063 laborant,
564 2998 608 3052 vel
628 2997 832 3053 eum·omnino
888 2994 965 3050 enim
980 2994 1071 3050 adhm
1093 2995 1207 3068 loquor,
1227 2995 1258 3051 in
1278 2996 1382 3069 quibus
1407 2997 1448 3068 (ut
1466 2995 1597 3052 omittam
1617 2997 1739 3067 cratera),

71 3082 89 3138 d
104 3087 272 3155 operantur.
294 3083 377 3156 Fugit
391 3084 479 3140 etiam
493 3085 524 3141 in
538 3085 600 3158 ipsa
615 3086 710 3157 quiete
723 3090 831 3153 nostra,
887 3082 974 3138 unius
985 3081 1106 3154 pavonis
1125 3084 1230 3156 pennis
1245 3089 1272 3140 et
1286 3085 1402 3157 plumis,
1419 3102 1484 3157 quoe
1498 3089 1574 3142 certe
1589 3087 1624 3142 de
1639 3102 1741 3140 concn-

74 3187 234 3243 ncorpore,
246 3171 540 3244 illaquoeappellatnr
551 3173 684 3245 digestio,
696 3173 832 3230 interiore
886 3171 949 3227 bitu
967 3176 997 3227 et
1015 3187 1100 3227 carne
1118 3176 1284 3242 nascuntur,
1298 3174 1380 3229 nulla
1397 3175 1517 3247 potestis
1538 3175 1639 3232 uestita
1658 3174 1739 3231 llori·

71 3280 74 3312 ι
96 3261 256 3316 coniicitur.
279 3263 373 3333 litque
398 3262 439 3317 ita
458 3266 501 3317 tot
519 3263 713 3318 occasionibus
736 3263 833 3319 diviua
886 3260 940 3316 bus
954 3261 1189 3333 prataeonierre.

70 3353 109 3405 rte
137 3353 250 3416 natura,
276 3351 412 3421 quiddam
437 3351 666 3407 sordidissimum
691 3356 830 3420 remanet,
921 3348 1258 3405 subsanatorem
1282 3349 1428 3406 invenitur
1446 3352 1501 3407 hoc
1524 3351 1644 3420 bouum,
1664 3368 1739 3408 non·

75 3453 127 3510 per
141 3437 326 3494 concubitum
342 3455 407 3494 earo
429 3439 582 3507 formatum
597 3457 661 3497 cnm
681 3441 778 3497 anime
792 3446 832 3496 ta·
886 3438 1034 3494 nullorum
1044 3437 1213 3493 animalium
1224 3438 1358 3493 carnibus
1367 3439 1435 3494 miri
1445 3439 1540 3495 odoris
1549 3439 1741 3496 coniiciuntur

71 3525 137 3582 boni
160 3527 274 3598 generis
294 3526 317 3598 ⁸,
346 3528 483 3600 quoniam
506 3530 636 3602 quamvis
662 3530 830 3602 plurimum,
886 3529 1043 3597 unguenta.
1060 3525 1121 3582 Cibi
1144 3527 1268 3599 denique
1282 3527 1348 3600 ipsi,
1364 3527 1415 3600 qni
1435 3542 1501 3582 cum
1524 3527 1657 3583 carnibus
1678 3544 1738 3583 me·

70 3631 143 3671 tmen
157 3620 250 3671 totum
260 3617 377 3684 bonum,
389 3618 618 3673 memoratisillis
631 3618 755 3674 molibus
764 3635 831 3674 evo·
885 3612 1013 3669 liuscnlis
1027 3614 1166 3686 concoqui
1178 3615 1280 3683 solent,
1290 3616 1380 3670 multo
1392 3616 1548 3687 jucundius
1559 3617 1637 3673 olent
1651 3634 1739 3689 quam

70 3703 190 3774 uocirca,
208 3721 274 3761 curm
297 3705 394 3761 anima
417 3705 504 3762 etism
523 3722 638 3762 earnem
662 3706 830 3776 deseruerit,
886 3704 910 3759 si
924 3704 965 3759 eis
980 3703 1199 3760 carodeiuisset.
1212 3705 1361 3760 Postremo
1375 3704 1398 3759 si
1413 3705 1527 3760 suavius
1541 3706 1649 3762 olentia
1658 3723 1738 3762 mnn-

71 3794 204 3849 ssordes
223 3793 348 3865 reliquas
371 3793 445 3859 fleri,
463 3800 492 3850 et
507 3795 571 3851 ideo
595 3811 694 3851 eorum
713 3796 762 3868 qui
783 3813 830 3851 ve·
886 3793 966 3849 diora
987 3791 1133 3865 judicatis,
1159 3792 1283 3863 quodum
1314 3793 1375 3848 luto
1400 3792 1475 3848 vesci
1501 3793 1621 3863 avidius,
1651 3810 1737 3866 quam

70 3897 97 3936 rr
110 3882 254 3950 carnibus,
270 3883 396 3938 animam
409 3884 600 3958 coinquinari.
886 3880 1067 3937 cisterninam
1079 3895 1185 3952 aquam
1196 3879 1294 3936 bibere
1301 3880 1527 3954 debuistis3qniu
1535 3882 1737 3953 perinsaimbri

72 3972 140 4026 PUT
160 3972 227 4027 XVI.
244 4002 278 4012 -
293 3973 393 4043 Aperit
403 3979 561 4044 portentose
573 3975 784 4032 Manichaeorum
885 3974 962 4025 terra
974 3967 1086 4038 siccior,
1102 3984 1187 4024 nares
1200 3969 1275 4025 miro
1293 3969 1381 4026 odore
1393 3971 1563 4042 permulcet,
1579 3970 1739 4043 meliusque

335 4065 476 4131 merresa.
886 4059 944 4113 olet
963 4059 1021 4114 tale
1040 4059 1144 4126 lutum,
1159 4073 1247 4130 quam
1268 4058 1293 4113 si
1312 4059 1488 4131 exciperetur
1510 4059 1606 4131 pluvia
1627 4059 1735 4130 purior.

75 4148 97 4204 0
120 4163 218 4204 rerum
241 4154 352 4205 naturus
372 4151 540 4220 obscuritas,
557 4155 697 4224 quantum
716 4155 831 4223 tegmen
886 4146 967 4212 Quod
986 4146 1012 4201 si
1034 4162 1165 4219 saporem
1187 4162 1260 4219 opus
1274 4151 1317 4202 est
1336 4146 1474 4215 attestari,
1489 4150 1521 4201 nt
1535 4161 1739 4217 cognoscamus
1796 4185 1801 4193 .

73 4236 182 4291 sitatis?
197 4238 266 4303 Quis
280 4255 349 4306 non,
365 4239 427 4295 haec
441 4240 571 4308 audiens,
587 4240 638 4312 qni
651 4256 749 4296 rerum
764 4256 830 4295 cau·
885 4235 1015 4291 babitare
1037 4234 1068 4290 in
1092 4251 1213 4307 corpore
1237 4235 1345 4308 aliquid
1373 4235 1433 4304 tici,
1458 4234 1549 4307 magis
1573 4233 1684 4289 habitat
1707 4233 1737 4288 in

70 4340 100 4379 ›n
119 4324 227 4392 didicit,
246 4326 295 4399 qni
318 4328 446 4383 nondum
465 4327 592 4383 veritatis
611 4328 832 4399 quantulocum·
885 4323 1004 4396 dactylis
1024 4327 1054 4379 et
1074 4325 1159 4379 melle
1179 4340 1266 4397 qnam
1286 4325 1316 4380 in
1335 4341 1420 4380 carne
1443 4323 1570 4395 porcina,
1585 4321 1634 4378 sed
1649 4321 1739 4394 magis

70 4412 158 4469 lmine
171 4431 304 4487 aspersus
316 4417 461 4489 corporeis
476 4415 652 4488 imaginibus
666 4416 783 4486 fallitur,
798 4432 832 4472 eo
887 4412 917 4467 in
928 4427 1012 4468 cerna
1023 4412 1144 4484 porcina
1159 4429 1247 4486 quam
1259 4413 1289 4469 in
1304 4413 1383 4482 tuba;
1395 4411 1487 4484 magis
1499 4411 1529 4466 in
1541 4411 1596 4466 iieo
1609 4426 1696 4483 quam
1709 4411 1739 4467 in

70 4518 114 4575 {ua
125 4503 185 4559 haec
196 4504 316 4561 minime
328 4510 478 4578 apparent,
490 4510 518 4562 et
530 4521 584 4577 per
598 4506 728 4577 quedam
741 4506 831 4561 simu·
886 4502 980 4572 lleato,
996 4517 1059 4557 eece
1081 4502 1220 4570 concedo;
1236 4502 1286 4558 sed
1305 4507 1335 4558 et
1355 4518 1404 4557 vos
1424 4499 1580 4568 concedite,
1595 4499 1688 4572 magis
1707 4499 1738 4556 in

70 4607 160 4648 rerum
176 4593 331 4649 visibilium
345 4594 522 4667 cogitantur,
535 4598 564 4648 et
577 4593 682 4649 diserte
696 4594 752 4650 diei
768 4610 832 4666 pos·
886 4589 970 4644 ficato
985 4605 1073 4661 quam
1095 4589 1125 4644 in
1141 4589 1216 4647 beta.
1232 4590 1305 4657 Quid
1320 4589 1397 4662 quod
1413 4589 1467 4644 ista
1479 4588 1588 4644 ratione
1602 4587 1738 4659 cogimini

72 4696 218 4737 versasse
240 4683 414 4739 arbitretur?
433 4682 545 4738 Talium
568 4686 664 4738 autem
678 4683 831 4738 bominum
886 4677 1026 4748 cantitari,
1044 4679 1183 4751 quasdam
1209 4681 1322 4751 stirpes,
1338 4695 1408 4752 quas
1431 4681 1508 4734 certe
1531 4692 1631 4733 omnes
1651 4692 1738 4734 mun·

70 4784 90 4822 a
104 4769 196 4824 turbae
210 4775 297 4842 atque
312 4788 414 4844 greges
428 4777 576 4842 vocantur,
590 4788 662 4844 quos
682 4773 832 4845 religiosus
886 4768 981 4823 diores
998 4767 1083 4823 vultis
1104 4783 1190 4841 quam
1213 4782 1337 4833 carnem,
1361 4783 1394 4822 0¹
1416 4766 1478 4838 ipsa
1502 4782 1586 4822 carne
1609 4765 1737 4838 ⁸⁰⁰5&st

87 4854 122 4910 ab
143 4856 188 4911 his
209 4858 329 4914 fallaciis
345 4859 442 4932 potius
459 4876 546 4933 quam
566 4861 640 4917 ratio
657 4866 735 4918 tutos
754 4862 829 4917 iacit.
887 4857 988 4923 Deum,
1005 4855 1029 4911 si
1045 4871 1146 4928 sapore
1163 4858 1235 4913 Deus
1249 4853 1396 4911 immixtus
1418 4854 1603 4928 agnoscitur?
1617 4856 1687 4911 Nam
1709 4858 1738 4911 et

70 4942 169 4999 obrem
189 4944 229 5000 ita
244 4962 297 5019 ego
319 4947 373 5002 ista
391 4950 518 5005 conabor
536 4949 674 5018 refellere,
692 4954 830 5023 quantum
886 4945 964 4999 olera
978 4943 1120 5017 sapidiora
1139 4944 1213 5001 llunt
1228 4948 1306 5000 cocta
1328 4960 1395 5000 cum
1413 4945 1565 5002 carnibus:
1586 4948 1614 5000 et
1635 4943 1737 5000 herbas

70 5048 111 5087 sus
125 5032 260 5105 adjuvare
279 5035 454 5108 dignabitur,
471 5042 503 5094 ut
520 5054 579 5095 non
594 5039 686 5095 solum
701 5039 831 5111 prudcn·
885 5032 991 5106 ‘luibffll
1018 5048 1123 5104 pecora
1150 5037 1317 5104 liminius,
1341 5037 1457 5106 dum
1484 5050 1543 5089 ¹¹0ss
1566 5047 1733 5105 P⁰⁵³⁰mll⁸l

885 5136 1036 5179 conversas
1050 5125 1147 5177 autem
1164 5120 1194 5177 in
1209 5137 1323 5178 succum
1336 5122 1427 5193 lactis,
1445 5127 1474 5179 et
1487 5124 1581 5179 colore
1596 5123 1734 5194 praestan-

72 5177 101 5238 ti,
111 5177 429 5245 lutulentumperpater.
439 5180 543 5233 Atldss.
557 5181 831 5242 octo,laculeotomct

72 5254 116 5299 m:
132 5241 170 5291 uti
185 5241 237 5307 legi
249 5245 384 5307 postulent
395 5245 531 5308 sequentia
545 5245 633 5307 verba,
647 5240 789 5310 perficitur
802 5245 831 5294 et
1072 5305 1078 5316 ,
1467 5304 1473 5316 ¹

71 5316 117 5360 Μ.
129 5308 179 5354 eta·
917 5308 925 5341 ¹
944 5306 973 5354 ln
988 5318 1094 5356 excusis
1107 5303 1226 5365 hebetur,
1240 5302 1369 5357 moesos
1379 5321 1388 5354 :
1403 5305 1542 5355 manifesto
1556 5314 1652 5351 errore.
1668 5302 1735 5373 Qua·

69 5403 75 5415 .
90 5371 116 5417 et
125 5368 187 5417 Lov.
200 5367 297 5417 omissa
307 5369 502 5443 praepositione,
511 5383 581 5428 cum,
591 5370 629 5418 sic
639 5372 740 5419 textum
751 5369 829 5441 inter-
886 5371 993 5479 propter
1005 5382 1038 5418 ex
1053 5368 1116 5417 bias.
1131 5368 1323 5441 substituimus.
1344 5367 1510 5426 cacunem,-
1529 5377 1620 5436 vocem
1636 5363 1734 5473 bfqtrnrs

71 5433 117 5480 nt:
133 5442 196 5480 curo
206 5428 346 5494 formetur.
359 5435 453 5482 slnrmu
469 5434 562 5483 tumeo
576 5432 646 5488 loni,
659 5435 708 5480 etc.
720 5431 771 5481 Sed
787 5432 831 5480 alr·
886 5446 929 5543 qur
950 5443 992 5481 em
1006 5430 1153 5490 barbaram,
1169 5430 1214 5480 aed
1230 5430 1298 5479 dine
1313 5430 1378 5480 forte
1391 5433 1520 5493 receptum
1535 5425 1570 5477 ad
1583 5438 1651 5489 signi
1671 5437 1719 5474 can

69 5506 79 5540 e
95 5493 251 5542 concinnior
268 5495 329 5544 lisa.
344 5493 422 5544 lectio
436 5508 514 5560 (quam
530 5494 573 5545 bic
587 5493 730 5544 reddimus.
906 5507 950 5542 urm
964 5491 1097 5543 cholerum
1115 5498 1161 5542 ent
1174 5491 1279 5544 cholera
1292 5492 1409 5543 allectos.
