3884 6112
51 223 110 281 085
800 224 907 282 LIBER
926 224 1069 285 PRIMUS·
1760 221 1812 275 986

55 346 110 414 n't,
126 344 213 402 multo
226 347 382 419 autequam
406 344 518 400 evenit?
540 345 623 411 Quod
654 345 678 399 si
703 346 905 418 respondisset,
959 347 1047 402 bilem
1075 346 1182 402 facturn
1216 346 1419 417 redditumque
1443 344 1605 417 colloquio:
1637 343 1812 405 Absurdum

56 430 103 489 ue
116 430 227 489 divium
238 430 392 500 diceretur,
405 430 446 487 ita
460 431 609 488 offerretur
623 432 753 489 laudibus
763 433 905 503 omnium,
960 436 1065 509 inquit,
1080 436 1151 492 mihi
1165 436 1289 507 videtur,
1306 435 1423 504 licenti,
1436 439 1465 489 et
1477 436 1562 506 plane
1572 432 1697 488 alienum
1713 448 1730 486 a
1743 431 1812 486 veri·

56 531 93 577 ut
102 524 200 577 umen
213 536 249 576 ax
262 535 296 576 eo
306 535 393 576 nemo
405 536 534 598 querere
545 521 663 577 auderet
674 538 725 577 cur
747 522 849 578 folium
872 522 906 578 ab
961 530 1019 581 tate
1036 526 1111 598 quod
1123 525 1206 594 dicis;
1220 525 1269 581 sed
1283 541 1380 597 queso
1398 524 1508 595 patiare
1520 538 1567 578 nic
1581 521 1743 593 paululum,
1760 535 1814 574 nec

53 606 315 673 arbonoeciderit,
332 611 383 664 aut
395 613 494 664 utrum
507 624 571 664 mus
587 609 723 665 oberrans
736 611 843 682 jacenti
856 611 907 666 ho-
960 615 1112 688 perturbes
1135 614 1317 669 clamitando.
1347 612 1396 669 Dic
1424 613 1500 684 quod
1525 611 1567 665 vis
1591 610 1632 664 ait
1658 609 1721 664 ille:
1754 623 1814 663 non

52 695 131 753 mini
142 694 281 752 molestus
293 695 396 751 inerit?
407 696 619 769 Numquidnam
635 699 714 753 enirn
728 699 796 754 talia
809 699 907 755 lutura
961 703 1038 758 enim
1051 706 1148 758 metuo
1164 719 1199 758 ne
1209 702 1368 757 manuferas
1380 701 1415 755 ab
1431 717 1464 755 eo
1486 700 1564 772 quod
1581 700 1674 766 video,
1691 713 1724 752 ac
1736 712 1813 768 pene

52 784 211 859 quisquam
223 784 340 840 illorum
355 789 402 840 aut
429 801 481 859 per
493 801 522 840 se
546 785 617 841 dixit
631 786 797 860 aliquando,
818 792 868 843 ant
890 804 908 843 a
960 795 1056 848 teneo.
1074 791 1199 855 Utinam,
1215 791 1319 863 inquit,
1345 790 1380 846 ab
1395 806 1429 844 eo
1454 804 1540 861 quern
1564 787 1694 842 delendis
1709 785 1812 841 ordine

53 872 221 929 numitore
245 877 359 928 coactus
385 876 428 928 est
454 872 568 928 dicere?
596 875 694 945 Atqui,
723 874 747 929 si
775 876 906 931 futurum
961 879 1059 935 devius
1074 896 1133 935 non
1148 880 1196 949 sis,
1211 895 1271 934 non
1285 882 1364 934 tanta
1378 878 1409 933 in
1423 880 1513 933 Deum
1529 875 1698 944 ferarislul
1711 873 1812 928 mitius

54 960 215 1035 quemdam
227 959 333 1016 librum
348 976 406 1015 non
416 960 574 1033 ignobilem
593 961 711 1031 diceret,
726 967 755 1018 et
768 963 797 1018 id
812 980 906 1019 neces
960 968 1071 1040 loquar)
1083 967 1202 1023 incuria.
1218 967 1293 1033 Quid
1308 964 1490 1037 enimpotnit
1503 964 1557 1019 dici
1570 962 1660 1034 magis
1674 961 1808 1033 impium,

53 1048 132 1106 uario
145 1052 316 1105 eventurum
331 1048 448 1116 videret,
469 1065 529 1105 non
552 1049 631 1105 enirn
654 1057 750 1123 posset
765 1052 848 1107 aliter
862 1052 905 1108 di·
961 1072 1048 1128 quarn
1063 1057 1150 1112 etiam
1161 1057 1237 1111 malo
1251 1054 1350 1110 ordine
1365 1052 1524 1109 contineri‘l
1539 1053 1620 1108 Certe
1642 1050 1720 1105 enim
1733 1051 1809 1104 Dens

52 1136 169 1206 vium:
183 1136 312 1210 proiecto
325 1135 466 1209 quidquid
486 1137 614 1193 volitatio
628 1137 766 1193 loliorum
779 1139 810 1195 in
825 1156 904 1211 agro,
962 1149 1038 1200 amat
1053 1144 1192 1199 ordinem.
1212 1146 1279 1199 Vere
1294 1147 1380 1210 amat,
1395 1143 1433 1197 ait
1451 1143 1514 1208 ille;
1531 1141 1565 1196 ab
1580 1141 1641 1212 ipso
1657 1142 1765 1204 manat,
1782 1140 1811 1191 et

53 1225 201 1301 quidquid
218 1225 356 1282 vilissima
380 1226 502 1282 bestiola
526 1226 557 1282 in
576 1227 661 1283 domo
676 1228 752 1297 facit,
767 1234 825 1285 tam
840 1235 907 1285 sunt
962 1249 1027 1287 cum
1041 1233 1103 1304 ipso
1118 1237 1169 1287 est.
1187 1232 1219 1287 Et
1232 1232 1256 1286 si
1270 1232 1339 1303 quid
1352 1235 1446 1302 potest
1458 1231 1492 1285 de
1502 1245 1533 1283 re
1543 1233 1655 1284 tantum
1670 1227 1726 1282 alta
1740 1241 1809 1280 con-

10 1322 13 1357 *
53 1314 201 1373 bimum
223 1314 323 1371 ordine
345 1315 515 1381 necessaria,
531 1330 618 1386 quam
636 1316 692 1370 illae
717 1316 831 1374 litterae.
859 1317 907 1373 llis
961 1319 1123 1375 venientius
1138 1320 1205 1388 dici,
1219 1321 1321 1392 cogito,
1342 1336 1449 1391 qnaeso,
1463 1319 1524 1390 ipse
1543 1322 1648 1372 tecum.
1664 1317 1721 1370 Nec
1732 1314 1810 1368 enim

53 1402 244 1461 enimverbis
258 1402 342 1474 flunt,
357 1418 423 1476 quaa
451 1403 512 1458 sine
539 1403 596 1458 illis
620 1405 848 1476 praecedentibus
864 1405 905 1460 vi-
961 1408 1159 1463 aumidoneus
1181 1408 1228 1480 qui
1243 1408 1338 1463 teista
1353 1423 1430 1462 nunc
1445 1408 1571 1461 doceam.
1587 1405 1660 1469 Quid
1676 1403 1807 1473 cogitem,

10 1502 13 1541 Ξ
54 1490 173 1549 besimis
187 1491 274 1548 rebus
288 1506 341 1546 nec
368 1490 399 1546 in
417 1495 545 1546 mentem
573 1492 670 1546 venire
697 1497 824 1563 possent,
854 1508 907 1548 nec
961 1496 1237 1569 inquitTrygetins?
1253 1496 1366 1570 Accipio
1389 1512 1505 1567 prorsus
1519 1493 1596 1566 quod
1623 1492 1702 1558 dicis,
1728 1490 1811 1544 satis·

54 1594 108 1637 ore
119 1579 276 1653 procedere
288 1579 454 1652 poterisque
466 1579 607 1635 mandari.
623 1581 715 1645 Quare
738 1581 808 1654 jam,
824 1598 905 1653 rogo,
962 1601 1018 1657 que
1032 1585 1156 1641 mihiest
1170 1586 1201 1640 in
1215 1602 1248 1641 eo
1262 1586 1339 1658 qnod
1350 1585 1493 1656 intelligo.
1505 1585 1586 1638 Certa
1601 1581 1678 1636 enim
1694 1584 1723 1634 el
1735 1579 1811 1632 mala

53 1684 143 1727 mmo
155 1684 190 1725 ex
204 1685 252 1724 me
275 1672 385 1740 quaerat
399 1685 449 1724 cur
468 1667 595 1740 quidque
610 1668 669 1724 tint.
686 1669 759 1724 Satis
779 1669 906 1724 estnihil
962 1673 1057 1729 dixisti
1072 1675 1172 1729 ordine
1185 1675 1335 1740 contineri,
1352 1680 1381 1729 et
1399 1674 1493 1744 ipsum
1509 1672 1640 1727 ordinem
1662 1683 1779 1723 manare
1795 1683 1811 1720 a

51 1756 131 1826 bari,
145 1756 219 1812 nibil
232 1757 312 1830 gigni
325 1757 404 1829 quod
430 1773 489 1812 non
511 1755 608 1829 aliqua
629 1773 715 1812 causa
728 1757 860 1829 genuerit
876 1772 906 1812 ne
962 1777 1075 1816 summo
1091 1763 1158 1828 Deo,
1182 1767 1267 1834 atque
1291 1761 1326 1816 ab
1341 1777 1375 1815 eo
1390 1759 1482 1830 diligi.
1500 1760 1537 1813 Er
1554 1774 1611 1830 quo
1627 1755 1758 1827 seqnitur
1779 1756 1811 1807 ut

51 1844 192 1905 moverit.
962 1855 990 1903 et
1004 1850 1079 1904 mula
1093 1849 1151 1904 sint
1165 1865 1182 1904 a
1196 1865 1307 1904 summo
1321 1850 1389 1915 Deo,
1406 1854 1433 1902 et
1449 1848 1523 1901 mala
1538 1847 1612 1901 Deus
1626 1843 1736 1914 diligat.

168 1933 282 1990 CAPUT
295 1935 341 1990 vl.
361 1964 396 1974 -
408 1933 480 1991 Ordo
494 1935 585 1988 omniu
597 1935 793 2004 complectitur.
1000 1940 1042 1992 18.
1058 1939 1091 1992 ln
1104 1954 1159 2010 qua
1175 1937 1355 1992 conclusione
1370 1936 1454 1991 timui
1468 1934 1605 1990 licentio.
1617 1935 1653 1986 rtt
1666 1931 1715 1985 ille
1731 1930 1810 2000 inge·

94 2025 139 2079 lt.
166 2022 218 2078 liic
245 2025 365 2094 apparet
390 2026 429 2086 te,
449 2021 580 2093 inquam,
600 2021 710 2077 nescire
737 2021 904 2077 adolescens
961 2025 1084 2081 miscens
1105 2026 1271 2082 difficultate
1285 2026 1449 2090 vorborum,
1469 2039 1522 2079 nec
1543 2021 1662 2077 omnino
1677 2033 1811 2091 quaerens

50 2124 147 2185 qnam
161 2112 261 2181 multa,
279 2120 335 2166 eta
348 2109 482 2182 qualibus
503 2109 572 2165 viris
586 2115 686 2164 contra
700 2109 908 2165 divinationem
962 2114 1032 2185 quid
1056 2115 1252 2185 responderet,
1268 2116 1317 2169 sed
1332 2112 1574 2186 quemadmodum
1589 2108 1666 2181 quod
1690 2122 1811 2177 respon·

52 2198 136 2257 dicta
149 2198 215 2255 sint.
230 2199 284 2255 Sed
297 2199 440 2271 responde
452 2214 538 2266 nnnc,
553 2214 610 2252 nou
621 2202 721 2254 utrum
732 2197 783 2254 flat
797 2197 907 2270 aliquid
963 2200 1090 2257 dandum
1115 2207 1177 2258 erat
1197 2207 1354 2274 promeret:
1374 2203 1438 2256 Non
1461 2199 1543 2271 diligi
1568 2200 1642 2254 Deus
1662 2190 1748 2264 mala,
1763 2195 1809 2249 in·

52 2288 122 2347 sino
139 2304 240 2356 causa3
254 2303 322 2343 nam
340 2287 442 2359 idjam
469 2287 552 2342 rideo
574 2291 602 2342 te
616 2287 694 2343 nolle
718 2287 905 2359 respondere:
920 2332 925 2343 .
963 2291 1039 2363 quit3
1053 2307 1106 2347 nec
1119 2292 1155 2346 ob
1176 2291 1265 2359 aliod,
1282 2291 1337 2346 nisi
1352 2290 1419 2362 qnia
1434 2288 1544 2344 ordinis
1558 2301 1616 2341 non
1632 2290 1676 2340 est
1689 2288 1723 2339 ut
1736 2285 1811 2339 Deus

52 2376 110 2435 uad
123 2376 196 2432 ordo
210 2376 264 2432 iste
277 2382 423 2448 susceptus
442 2380 508 2430 tuus
522 2376 668 2431 bonumne
683 2375 853 2448 quidquam,
869 2392 906 2430 an
962 2380 1038 2434 mala
1053 2380 1164 2452 diligat.
1185 2382 1218 2435 Et
1238 2379 1369 2435 ordinem
1384 2377 1448 2433 ideo
1469 2376 1593 2431 multum
1612 2372 1717 2445 diligit,
1743 2370 1812 2443 quia

52 2465 169 2523 malum
181 2464 234 2520 tibi
252 2480 314 2520 esse
337 2464 480 2520 videatur.
514 2464 547 2518 Et
574 2464 621 2518 ille
649 2465 905 2519 submurmurans:
962 2483 1016 2538 per
1030 2484 1095 2523 eom
1108 2485 1168 2524 non
1182 2468 1277 2541 diligit
1291 2469 1364 2523 mala
1391 2470 1505 2522 bivero
1521 2460 1812 2535 ispamalaqnipos·

52 2552 133 2622 Non,
147 2552 252 2626 inquit,
267 2553 310 2608 sic
324 2551 441 2624 rogasti.
469 2554 501 2605 ul
525 2567 616 2606 unum
632 2567 647 2606 e
674 2550 785 2606 duobus
803 2566 907 2622 queam
963 2561 1030 2611 sunl
1044 2573 1103 2612 non
1118 2573 1178 2612 esse
1200 2557 1231 2611 in
1246 2556 1358 2620 ordine,
1378 2572 1444 2610 curn
1460 2556 1535 2610 Deus
1549 2553 1599 2608 illa
1616 2567 1675 2606 non
1690 2549 1811 2620 diligat?

53 2642 244 2715 respondere.
260 2641 348 2697 Video
365 2641 412 2695 hic
426 2639 504 2695 enim
528 2641 684 2711 quamdam
711 2639 905 2707 medietatem.
963 2645 1036 2700 Nam
1049 2646 1102 2700 iste
1118 2646 1179 2717 ipse
1199 2651 1241 2701 est
1256 2647 1397 2700 malorum
1413 2643 1482 2698 ordo
1496 2647 1603 2697 utnon
1618 2639 1776 2709 diligantur
1795 2652 1812 2690 a

10 2794 14 2807 ‚
54 2729 301 2789 Nemordomihi
312 2729 818 2793 necbonum,necmalnmridetur.
834 2727 906 2793 Quid
964 2734 1034 2788 Deo.
1053 2736 1326 2805 Anpervusrerum
1342 2731 1477 2786 ordotibi
1507 2730 1629 2795 ridetur,
1646 2726 1810 2782 utetbona

53 2819 161 2877 saltem
175 2834 282 2886 censes,
304 2817 435 2890 inquam,
453 2816 547 2872 ordini
569 2832 630 2872 esse
646 2817 842 2872 contrarium?
856 2815 907 2871 Ni·
963 2821 1037 2876 Deus
1050 2823 1161 2893 diligat,
1177 2826 1206 2876 et
1220 2838 1277 2876 nou
1299 2820 1400 2893 diligat
1415 2820 1510 2874 nrala‘l
1528 2820 1571 2873 lta
1585 2832 1637 2870 nec
1650 2818 1755 2886 preater
1766 2828 1811 2867 or·

53 2906 111 2973 bil,
125 2906 167 2964 ⁸1²
178 2907 236 2962 5¹¹0·
253 2907 324 2962 Nam
336 2905 482 2978 quomodo
493 2921 554 2960 2⁵³0
564 2904 739 2960 ⁰0sslrarium
749 2904 906 2977 quidquam
962 2909 1059 2965 dinem
1072 2916 1140 2965 sunt
1149 2911 1235 2975 mala,
1247 2924 1312 2980 quoe
1323 2924 1383 2963 non
1398 2907 1493 2979 diligit
1513 2907 1598 2973 Deus,
1614 2908 1642 2958 et
1655 2904 1749 2975 ipsum
1763 2906 1809 2955 la·

54 2999 154 3071 potest
166 2995 193 3052 ei
207 2995 249 3051 rei
263 3010 328 3068 quae
352 2998 444 3049 totum
467 2992 626 3064 occupavit,
645 2997 740 3048 totum
765 2992 907 3048 obtinuit?
961 3014 1029 3053 rnen
1043 2999 1173 3054 ordinem
1188 2997 1297 3069 diligit:
1313 2997 1366 3052 hoc
1380 2997 1474 3068 ipsum
1488 2995 1564 3050 enim
1579 2992 1675 3065 diligit
1690 2989 1809 3061 diligere

55 3084 141 3153 Quod
155 3084 232 3141 enim
243 3083 297 3139 erit
311 3082 406 3139 ordini
423 3081 608 3149 contrarium,
633 3097 748 3137 necesse
771 3081 825 3137 erit
845 3097 906 3137 esse
961 3086 1048 3153 bona,
1069 3091 1098 3142 et
1111 3102 1169 3141 non
1182 3085 1301 3156 diligere
1316 3084 1406 3151 mala;
1423 3083 1501 3156 quod
1520 3079 1674 3153 estmagni
1689 3077 1809 3142 ordinis,

55 3177 165 3249 praeter
178 3172 318 3229 ordinem.
335 3171 411 3227 Nihil
427 3175 524 3225 autem
539 3185 600 3225 esse
610 3174 716 3242 praeter
724 3170 856 3227 ordinem
867 3170 907 3224 ri·
963 3180 992 3230 et
1005 3174 1109 3230 divine
1138 3174 1344 3245 dispositionis.
1365 3173 1420 3238 Qui
1436 3172 1507 3227 ordo
1535 3175 1622 3242 atque
1649 3165 1809 3239 dispositio,

56 3262 125 3321 deo.
138 3260 214 3318 Nihil
228 3260 317 3334 igitur
330 3258 426 3316 ordini
440 3261 553 3331 oportet
577 3263 679 3331 putare
712 3274 773 3314 esse
794 3263 905 3314 contra·
962 3263 1030 3336 qnia
1043 3263 1238 3319 universitatis
1257 3262 1474 3334 congruentiam
1490 3261 1552 3334 ipsa
1566 3257 1746 3315 distinctione
1760 3271 1810 3309 cu·

55 3351 143 3409 riam.
160 3352 281 3423 Ergone,
300 3349 341 3405 ait
362 3347 522 3421 Trygelius,
543 3346 703 3403 contrarius
717 3347 812 3402 ordini
827 3364 907 3403 error
963 3353 1057 3421 stodit,
1072 3353 1104 3408 iit
1118 3357 1152 3408 ut
1164 3354 1240 3408 mala
1254 3353 1341 3408 etiam
1361 3337 1423 3406 esse
1437 3366 1551 3406 necesse
1566 3348 1610 3404 sit.
1624 3349 1667 3402 lta
1682 3344 1763 3417 quasi
1776 3359 1809 3397 ex

56 3439 193 3497 nonest?
207 3438 292 3494 Nullo
318 3437 417 3508 modo,
441 3435 546 3508 inquit.
563 3437 634 3491 Nam
660 3435 905 3491 nemiuemvidao
963 3442 1109 3497 antithetis
1119 3442 1344 3515 quodammodo,
1357 3440 1435 3513 quod
1444 3439 1527 3494 nobis
1539 3431 1808 3492 ctiaminoratione

55 3526 231 3584 ertemarius
250 3542 344 3582 causa.
359 3526 516 3582 cenorum
530 3526 626 3579 autem
641 3523 728 3578 series
743 3524 844 3580 ordine
858 3524 907 3578 in·
958 3529 1118 3600 jucundum
1132 3534 1184 3597 est,
1200 3530 1293 3600 idest,
1307 3526 1510 3594 excastratus,
1525 3523 1655 3579 omnium
1665 3521 1750 3575 simul
1765 3534 1806 3574 re·

54 3617 194 3674 eluditur.
208 3617 241 3672 lit
253 3631 334 3672 error
345 3615 406 3686 ipse
421 3629 481 3669 non
493 3613 586 3667 solum
600 3611 729 3685 gignitur
744 3628 839 3682 causa,
855 3612 906 3668 sod
961 3634 1025 3673 rum
1040 3618 1224 3690 pulchritudo
1238 3617 1389 3690 figuratur.

55 3706 147 3763 etiam
165 3705 259 3779 giguit
270 3704 377 3778 aliquid
392 3703 474 3775 cnjus
488 3718 572 3758 causa
587 3703 631 3758 sit.
644 3702 835 3768 Quamobrem
848 3719 905 3775 quo
998 3710 1041 3763 19,
1058 3709 1123 3763 Post
1136 3708 1192 3762 hoc
1215 3706 1371 3762 intersiluit
1399 3703 1518 3760 modice.
1547 3702 1580 3757 Et
1606 3701 1725 3770 repente
1746 3712 1806 3751 sese

55 3799 138 3850 extra
151 3793 281 3851 ordinem
297 3809 355 3849 non
370 3798 422 3862 est,
435 3809 468 3848 eo
481 3806 539 3848 non
553 3797 648 3865 potest
660 3792 755 3848 ordini
768 3808 828 3849 esse
843 3809 907 3848 con·
961 3796 1075 3868 erigens
1098 3812 1155 3869 que
1176 3795 1326 3868 Trygetins
1340 3795 1447 3849 lectum
1462 3791 1600 3848 babebat:
1623 3789 1695 3844 liam
1709 3801 1808 3859 queero

55 3883 174 3939 iratius.
961 3899 995 3940 ex
1007 3890 1045 3949 te,
1060 3901 1167 3957 quaeso,
1178 3884 1283 3957 inquit,
1294 3884 1427 3955 justusne
1448 3882 1486 3937 sit
1505 3879 1597 3937 Densi
1612 3877 1733 3934 lacebat
1748 3874 1808 3944 ille,

96 3972 268 4028 {bilicum
290 3971 425 4027 tacuisset
447 3970 607 4042 trygetius,
629 3987 741 4043 egoque
764 3970 905 4043 meipsum
961 3974 1059 4036 nimis,
1076 3980 1107 4028 nt
1124 3981 1225 4045 postea
1239 3973 1347 4039 retulit,
1370 3971 1515 4028 admirans
1529 3977 1557 4025 et
1571 3969 1691 4023 horrens
1716 3965 1811 4022 subito

55 4074 117 4117 nou
134 4077 276 4133 ‚caperem
297 4059 414 4132 gaudio,
441 4059 519 4132 quod
542 4057 673 4114 videbam
697 4059 905 4115 adolescentem
961 4063 1148 4134 condiscipuli
1162 4068 1190 4117 et
1199 4062 1349 4118 familiaris
1358 4061 1402 4116 sui
1415 4059 1544 4115 afflatum
1558 4072 1631 4113 nova
1644 4053 1809 4126 inspiratio·

54 4149 217 4206 charissimi
230 4149 316 4204 amici
328 4147 518 4204 filiumetiam
530 4162 626 4201 meum
637 4147 715 4214 fieri;
732 4162 784 4202 nec
799 4147 903 4215 solum,
961 4167 997 4206 ne
1014 4168 1185 4206 sermonem.
1203 4152 1265 4218 Quo
1282 4155 1404 4218 tacente,
1430 4149 1478 4204 ille
1501 4148 1541 4203 ita
1564 4149 1678 4201 secutus
1701 4147 1753 4198 est.
1779 4141 1808 4197 si

55 4252 157 4293 verum
175 4236 206 4291 in
225 4237 350 4293 amicum
369 4251 483 4308 quoquc
504 4236 565 4307 jam
590 4234 660 4289 mihi
681 4249 797 4306 surgere
819 4240 905 4307 atque
960 4238 1037 4292 enirn
1052 4239 1142 4293 Deum
1161 4238 1270 4309 justum
1290 4253 1350 4292 non
1363 4253 1424 4292 esse
1445 4232 1638 4307 responderis,
1656 4235 1687 4285 tu
1701 4229 1806 4285 rideris

52 4326 253 4399 grandescere,
268 4331 297 4382 et
311 4326 393 4398 cujus
407 4324 535 4379 studium
549 4323 593 4377 rel
607 4323 638 4376 in
652 4322 811 4378 mediocres
826 4323 905 4378 litte-
960 4325 1029 4397 quid
1044 4342 1121 4398 agas,
1137 4326 1187 4398 qui
1201 4342 1247 4381 me
1257 4326 1366 4381 dudum
1378 4324 1534 4398 impietatis
1546 4319 1693 4392 arguebas.
1709 4317 1738 4372 Si
1752 4333 1805 4372 an·

52 4430 102 4471 ras
117 4412 345 4486 desperaveram,
368 4411 451 4486 quasi
471 4416 601 4482 respecta
621 4413 631 4448 ¹
653 4410 832 4482 possessione
854 4426 905 4465 sua
959 4417 1028 4481 tem,
1045 4418 1076 4468 ut
1090 4413 1171 4469 nobis
1185 4414 1318 4482 traditur,
1333 4429 1441 4485 nosque
1456 4411 1546 4484 ipsius
1561 4407 1669 4464 ordinis
1685 4405 1806 4460 necessi·

51 4506 117 4558 toto
133 4501 244 4574 impetn
262 4502 294 4557 in
313 4502 438 4558 mediam
460 4500 557 4556 venire
578 4498 801 4572 philosophiam.
822 4499 904 4565 Quod
959 4506 1018 4557 tate
1032 4503 1182 4570 sentimus,
1192 4503 1288 4574 justus
1302 4506 1344 4558 est
1359 4505 1442 4568 Deus,
1459 4515 1510 4554 sua
1524 4494 1809 4567 cuiquedistribuan·

50 4590 127 4647 dum
141 4589 243 4646 tacitus
262 4590 351 4645 miror
365 4594 393 4645 et
414 4594 539 4644 exestuo
560 4588 591 4643 in
603 4587 835 4660 gratulationem,
856 4604 904 4643 su·
960 4590 996 4646 do
1024 4590 1124 4663 utique
1144 4592 1239 4663 justus
1267 4595 1317 4646 est.
1344 4590 1412 4656 One
1440 4591 1536 4643 autem
1558 4582 1721 4640 distributio
1750 4581 1808 4638 dici

49 4678 116 4737 bilo
135 4679 184 4735 ille
198 4679 280 4753 quasi
295 4684 391 4734 mente
413 4678 538 4751 quadam
553 4681 700 4750 correptus
714 4677 866 4733 exclamat:
882 4677 904 4733 0
959 4683 1059 4752 potest,
1074 4679 1124 4735 ubi
1138 4679 1283 4735 distinctio
1298 4678 1377 4734 nulla
1401 4675 1461 4731 est?
1484 4676 1541 4728 Ant
1565 4688 1630 4744 que
1653 4671 1808 4737 distinctio,

50 4766 78 4822 si
101 4782 217 4839 possem
232 4766 326 4822 dicere
346 4767 423 4839 quod
450 4765 530 4820 volol
554 4765 649 4835 nogo;
675 4765 733 4833 ubi,
757 4764 806 4819 ubi
824 4765 902 4833 estis,
959 4769 983 4823 si
997 4769 1151 4824 bonasnut
1165 4766 1398 4832 omnialouidve
1414 4766 1519 4834 praeter
1541 4761 1672 4818 ordinem
1686 4759 1809 4832 reperiri

50 4854 168 4910 verbu?
182 4855 346 4911 succurrite.
364 4855 397 4910 Et
410 4854 488 4910 bona
502 4856 530 4908 et
546 4853 622 4908 mala
649 4852 681 4906 in
703 4853 804 4908 ordine
826 4860 901 4909 sunt.
957 4862 1061 4930 potest,
1077 4857 1101 4912 si
1117 4857 1166 4912 liei
1183 4855 1296 4928 justitia
1309 4854 1452 4909 bonorum
1472 4852 1672 4921 malorumque
1695 4848 1807 4904 meritis

48 4944 169 5003 CAPUT
182 4944 240 5000 llll.
257 4975 290 4984 -
305 4947 374 5000 Deus
388 4958 442 4998 non
454 4942 549 5010 dllipil
561 4941 637 4995 malo
647 4941 708 4995 licet
730 4940 768 4996 od
781 4941 904 4998 ordinem
959 4961 1010 5000 sna
1024 4944 1127 5017 cuique
1143 4942 1321 5000 redduntur?
1348 4942 1362 4996 l
1366 4944 1459 4994 ustum
1475 4942 1572 4995 numm
1587 4940 1678 4994 Deum
1705 4952 1807 4992 ornnes

397 5034 561 5104 pertimeat.
958 5034 1090 5090 latemur.
1106 5036 1209 5089 Totum
1220 5031 1308 5104 igitur
1318 5029 1419 5084 ordine
1429 5027 1596 5084 includitur.
1608 5026 1716 5093 Quibus
1725 5025 1808 5080 dictis

93 5116 683 5190 tr.credite,siru1us;namquomodo
707 5117 735 5172 id
764 5118 902 5190 explicem
958 5123 1191 5187 resilitestrato,
1214 5121 1324 5191 etjam
1352 5119 1525 5174 leniorvoce
1551 5133 1615 5173 cum
1645 5113 1804 5170 civerbum

48 5209 162 5267 nescio.
178 5210 237 5281 Ego
252 5209 415 5266 mirabarot
429 5210 568 5264 tacebam.
583 5206 732 5279 Trygetins
746 5210 842 5262 autern
851 5207 903 5263 ubi
958 5227 1044 5267 nemo
1068 5211 1187 5266 taceret:
1207 5208 1320 5265 Nihilne
1344 5207 1426 5276 mihi,
1443 5206 1547 5280 inquit,
1563 5206 1608 5261 vel
1623 5210 1651 5260 tu
1664 5202 1714 5275 qui
1727 5216 1805 5256 com·

46 5299 125 5357 vidit
139 5298 287 5355 bominem
301 5299 453 5371 paulutum
467 5296 549 5370 quasi
561 5296 670 5368 digesta
685 5295 821 5352 ebrietate
835 5296 903 5354 alia-
956 5299 1055 5373 polisti
1069 5298 1105 5354 ad
1119 5298 1182 5363 ista,
1198 5296 1373 5370 respondes?

84 5427 94 5462 1
108 5423 172 5473 Lo„
191 5423 313 5486 mmm
331 5424 505 5488 pompm
519 5421 554 5473 A,
569 5420 658 5472 m„
671 5419 775 5473 ,odim
791 5421 854 5476 ,dm
877 5426 903 5474 οι
992 5387 1097 5444 tonui
1108 5402 1161 5458 ego
1172 5404 1178 5442 :
1191 5389 1268 5443 Nova
1281 5404 1357 5443 nunc
1367 5385 1468 5462 religio
1480 5386 1579 5442 islhaec
1594 5383 1623 5482 ip
1638 5385 1666 5439 te
1681 5380 1806 5450 incessit,

48 5484 146 5550 amipli
157 5483 267 5546 babent,
279 5486 410 5550 respecto.
958 5476 1028 5532 cedo
1055 5477 1173 5547 (Terent.
1200 5477 1289 5534 Andr.
1317 5483 1373 5534 oct.
1405 5478 1433 5543 t,
1460 5490 1530 5531 acen.
1554 5474 1590 5542 3),
1606 5485 1736 5543 mquam.
1752 5469 1807 5527 Sed
