3884 6112
127 231 178 285 887

128 350 168 405 R.
180 349 348 420 Siergonon
360 344 580 419 possintquibus
588 343 728 408 videatur,
736 341 977 399 nihilestfalsum.

129 438 165 494 A.
181 436 325 509 Sequitur.
340 438 378 491 R.
396 434 563 507 Nonigitur
577 432 662 487 estin
684 431 768 485 rebus
789 429 908 498 falsitas,
930 429 979 484 sed

130 525 276 580 insensu:
289 541 347 579 non
362 528 458 578 autem
466 521 574 576 fallitur
587 520 638 591 qui
648 518 726 574 falsis
740 534 800 574 non
815 517 977 573 assentitur.

130 611 287 668 Conficitur
301 616 332 665 ut
348 611 426 665 aliud
436 610 524 663 simus
534 624 595 673 nos,
607 606 810 673 aliudsensus;
826 605 978 678 siquidem,

130 701 270 772 cumipse
286 699 402 767 fallitur,
431 712 583 770 possumus
604 711 656 750 nos
670 710 731 749 non
744 694 815 749 falli.
846 695 882 750 A.
903 693 979 749 Nihil

131 788 305 859 habeoquod
314 785 560 841 contradicamR.
573 783 627 839 Sed
638 782 791 855 numquid,
802 798 868 837 cum
884 782 980 837 animo

130 878 247 943 fallitur,
263 875 352 930 audes
377 879 404 928 te
419 874 513 929 dicere
538 888 597 927 non
623 888 683 926 esse
713 871 844 926 falsum?
865 873 901 927 A.
918 872 980 937 Quo

130 970 213 1037 pacto
229 963 304 1019 istud
316 963 461 1017 audeam?
475 963 512 1016 R.
525 964 561 1016 At
574 961 670 1015 nullus
684 976 783 1014 sensus
798 960 859 1015 sine
874 960 980 1027 anima,

131 1053 210 1109 nulla
223 1052 329 1107 falsitas
343 1051 404 1106 sine
416 1067 511 1106 sensu.
533 1052 588 1104 Ant
607 1053 741 1121 operetur
759 1048 849 1120 igitur
872 1048 981 1115 anima,

131 1146 180 1197 ant
195 1145 363 1213 cooperatur
377 1139 493 1194 falsitati
508 1139 571 1193 ¹.A.
583 1138 713 1193 Trahunt
718 1137 908 1208 praecedentia
918 1152 982 1192 con·

131 1230 304 1285 sensionem.

166 1320 194 1374 4.
209 1319 249 1372 Β.
277 1315 350 1371 lllud
376 1331 453 1370 nunc
477 1313 629 1386 responde,
658 1317 754 1367 utrum
774 1312 826 1368 tibi
855 1312 984 1368 videatur

132 1422 213 1479 posse
228 1405 334 1460 fierint
349 1403 504 1475 aliquando
519 1402 627 1457 falsitas
639 1417 700 1456 non
721 1402 766 1455 sit.
780 1403 816 1456 A.
832 1402 982 1467 Quomodo

134 1493 205 1548 milri
220 1493 274 1546 hoc
288 1490 379 1546 videri
390 1494 493 1563 potest,
517 1506 583 1545 eum
598 1494 678 1545 tanta
691 1489 729 1544 sit
743 1490 893 1545 difficultas
905 1490 984 1545 inve·

133 1580 246 1636 ciendae
255 1578 391 1645 veritatis,
407 1578 594 1633 utabsurdins
608 1577 719 1632 dicatur
732 1576 886 1633 falsitatem
896 1595 983 1650 qnam

134 1669 283 1725 veritatem
296 1683 425 1722 essenon
439 1666 541 1739 posse?
555 1668 593 1722 R.
608 1666 822 1737 Numquidnam
838 1667 984 1723 arbitraris

134 1775 202 1815 enm
217 1758 267 1830 qui
281 1773 338 1813 non
353 1756 432 1824 vivit,
444 1773 526 1828 posse
540 1756 671 1811 sentire?
685 1756 722 1811 A.
735 1757 797 1810 Non
806 1756 982 1827 potcstfleri.

134 1850 172 1904 Β.
188 1848 353 1905 Confectum
369 1851 411 1901 cst
425 1845 553 1900 animam
572 1860 686 1916 semper
706 1844 810 1900 vivere.
834 1845 872 1900 A.
894 1844 985 1900 Nimis

134 1938 191 1992 cito
205 1952 288 2007 urges
302 1951 349 1990 me
363 1935 393 1989 in
407 1933 513 2006 gaudia
530 1949 537 1988 ι
561 1932 748 2004 pedetentim,
764 1948 870 2005 quaeso.
885 1934 923 1989 R.
938 1934 986 1987 At·

136 2022 196 2094 qui,
208 2023 232 2078 si
247 2028 323 2078 recte
338 2022 387 2078 ilfa
403 2037 537 2077 concessa
552 2026 629 2088 sunt,
646 2020 717 2074 nihil
732 2020 768 2075 de
789 2022 844 2076 hac
858 2037 888 2076 re
901 2020 985 2077 dubi·

135 2111 256 2167 tandum
279 2111 373 2166 video.
394 2112 431 2166 A.
454 2110 544 2166 Nimis
566 2110 621 2165 cito
649 2114 700 2177 est,
729 2108 859 2181 inquam.
887 2110 986 2182 ltaque

136 2200 248 2255 facilius
261 2199 387 2255 adducor
403 2204 433 2254 ut
446 2214 494 2254 me
510 2203 617 2253 temere
633 2197 741 2269 aliquid
754 2198 924 2254 concessisse
939 2213 985 2252 ar·

136 2288 236 2355 bitror,
248 2303 336 2358 quam
349 2288 448 2359 utjam
463 2302 578 2341 securus
591 2286 626 2340 de
644 2285 859 2341 immortalitate
881 2285 986 2340 animae

136 2376 215 2431 tiam.
235 2377 342 2431 Tamen
355 2374 453 2430 evolve
468 2374 552 2429 istam
565 2373 785 2440 conclusionem,
803 2380 831 2428 et
843 2374 986 2446 quomodo

137 2464 166 2520 id
178 2464 310 2519 ellectum
321 2462 358 2518 sit
368 2463 495 2518 ostende.
506 2462 544 2517 Β.
555 2461 717 2516 falsitatem
727 2460 891 2517 dixistisine
901 2477 984 2517 sensu

136 2567 197 2606 esse
212 2568 270 2607 non
284 2567 377 2623 posse,
399 2555 428 2606 et
449 2567 513 2606 eam
533 2567 592 2606 non
606 2566 733 2604 essenon
747 2566 830 2621 posse
845 2567 852 2604 ε
874 2566 987 2621 semper

138 2640 227 2710 ig'rtnr
241 2642 455 2695 enecassent
469 2640 566 2694 nullus
578 2654 675 2694 sensns
687 2638 748 2693 sine
764 2638 875 2706 anima,
889 2639 987 2693 anima

137 2728 228 2800 igitur
241 2728 416 2800 sempiterna
431 2733 483 2783 est.
507 2729 564 2784 Nec
587 2729 661 2782 valet
683 2727 800 2792 sentire,
824 2727 880 2782 nisi
894 2728 981 2784 vivat.

138 2816 256 2888 Semper
271 2816 359 2889 igitur
374 2817 469 2872 anima
483 2817 561 2871 vivit.

138 2906 251 2961 CAPUT
267 2906 310 2960 tt.
326 2934 361 2946 -
375 2909 418 2961 Ec
432 2907 567 2973 falsitatis
594 2921 640 2961 seu
659 2907 784 2960 veritatis
805 2906 987 2975 perpetuitate

287 2997 407 3063 possitne
421 2995 513 3062 colligi
527 2996 624 3049 citima
633 2995 835 3049 immortalitas.

174 3084 203 3135 5.
223 3082 257 3136 A.
274 3081 296 3136 0
319 3082 487 3152 plumbeum
503 3081 677 3152 pugionem!
701 3083 800 3136 Posses
815 3080 893 3136 enim
915 3096 986 3135 con·

139 3168 253 3223 cludere
268 3168 415 3223 hominem
425 3186 486 3224 esse
501 3169 705 3234 immortalem,
721 3170 746 3225 si
757 3170 810 3225 tibi
831 3169 986 3225 concessis·

139 3271 200 3310 seur
214 3272 363 3328 nunquam
377 3256 464 3311 istum
476 3257 617 3312 mundum
627 3272 687 3311 esse
696 3256 845 3328 possesine
858 3257 985 3319 homine,

139 3360 263 3416 cumque
278 3345 418 3399 mundum
430 3360 490 3399 esse
501 3344 718 3416 sempiternum.
730 3346 767 3400 R.
788 3347 861 3399 ltene
871 3344 987 3416 quidem

139 3433 248 3505 vigilas.
265 3434 320 3489 Sed
334 3439 431 3489 tamen
444 3450 504 3489 non
516 3450 618 3505 parum
645 3438 688 3488 est
703 3434 780 3507 quod
802 3434 986 3501 confecimus,

139 3539 235 3578 rernm
250 3528 383 3579 naturam
396 3523 457 3578 sine
471 3523 568 3578 anima
583 3539 642 3578 esse
656 3538 714 3578 non
726 3539 820 3594 posse,
844 3523 899 3578 nisi
914 3523 987 3578 forte

139 3611 170 3666 in
183 3629 281 3668 rerum
295 3617 398 3668 natura
411 3612 519 3667 falsitas
533 3612 688 3684 aliqnando
703 3628 762 3667 uon
775 3611 839 3666 erit.
855 3613 891 3667 A.
911 3611 986 3667 lstnd

139 3701 255 3772 quidem
268 3717 443 3773 consequens
459 3717 518 3755 esso
534 3701 687 3757 confiteor.
705 3700 760 3756 Sed
782 3702 843 3770 jam
862 3701 988 3772 amplius

138 3789 353 3844 deliberandum
378 3804 489 3855 censeo,
512 3794 609 3844 utrum
626 3789 757 3859 superius
781 3805 914 3844 concessa
929 3804 988 3844 non

139 3881 251 3932 nutent.
269 3879 329 3932 Non
345 3877 552 3947 enimparvum
564 3877 685 3945 gradum
700 3876 736 3931 ad
751 3877 854 3931 animm
868 3877 987 3932 immor-

139 3965 277 4020 talitatem
293 3965 398 4019 factum
413 3980 474 4018 esse
490 3964 581 4019 video.
599 3965 636 4019 Β.
657 3964 767 4020 Satisne
788 3965 986 4033 considerasti,

138 4069 175 4108 ne
195 4052 263 4125 quid
278 4059 386 4109 temere
409 4052 582 4108 dederis‘?A
607 4051 679 4108 Satis
704 4051 831 4124 quidem,
852 4054 900 4108 sed
915 4052 987 4108 nihil

139 4143 291 4216 videoque
307 4159 353 4199 me
369 4140 672 4213 arguamtemeritatis.
688 4143 724 4196 R.
737 4143 810 4212 Ergo
825 4141 987 4196 confectum

139 4238 293 4289 astrorum
308 4238 441 4289 naturam
465 4231 526 4286 sine
543 4231 639 4287 anima
652 4231 715 4287 viva
730 4248 791 4288 asse
807 4247 864 4287 non
889 4248 986 4303 posse.

139 4325 173 4379 A.
191 4323 358 4378 Confectum
372 4323 520 4389 hactenns,
532 4323 562 4374 ut
569 4320 679 4390 possint
688 4320 812 4376 vicissim
824 4321 887 4377 aliae
898 4319 987 4378 nasci,

138 4411 203 4466 alioe
217 4411 300 4466 mori.
316 4411 354 4465 R.
369 4408 455 4474 Quid,
470 4407 494 4463 si
509 4408 543 4464 de
559 4413 661 4463 natura
675 4424 773 4464 rerum
784 4409 891 4464 falsitas
906 4409 957 4463 auf
973 4437 987 4451 ·

137 4504 218 4554 ratur
231 4497 244 4552 l
259 4512 354 4553 nonne
368 4496 418 4553 flet
437 4501 470 4552 ut
491 4513 558 4552 vera
579 4497 636 4552 sint
650 4496 772 4553 omnia?
785 4498 820 4553 A.
845 4497 987 4570 consequi

138 4586 234 4642 video.
250 4586 288 4641 Β.
304 4584 453 4656 Responde
469 4585 546 4641 unde
557 4583 609 4640 tibi
624 4583 753 4640 videatur
767 4584 860 4657 paries
874 4585 926 4641 iste
942 4601 987 4641 ve·

138 4689 186 4727 rus
201 4689 270 4728 esse.
285 4674 323 4729 A.
342 4673 415 4739 Quia
433 4673 496 4744 ejus
521 4688 580 4728 non
604 4671 689 4728 fallor
716 4678 843 4742 aspectu.
859 4675 896 4728 R.
914 4675 986 4744 Ergo

138 4760 206 4833 quia
218 4761 258 4816 ita
272 4766 314 4816 est
328 4767 361 4817 nt
369 4763 490 4819 videtur.
502 4762 537 4818 A.
550 4761 655 4818 Etiam.
674 4762 710 4815 R.
732 4760 760 4815 si
775 4760 864 4831 igitur
877 4761 987 4834 aliquid

138 4849 205 4905 inde
220 4849 324 4905 falsum
338 4852 469 4922 estquod
489 4851 572 4906 eliter
594 4850 708 4905 videtur
730 4855 816 4922 atque
841 4854 894 4917 est,
919 4851 986 4905 inde

136 4955 237 4995 verum
252 4939 328 5011 quod
340 4939 380 4994 lta
395 4944 425 4995 nt
440 4944 482 4995 est
493 4940 624 5005 videtur;
646 4939 740 4994 ablato
756 4955 789 4994 eo
805 4939 849 4994 cui
863 4938 984 5005 videtur,

137 5044 190 5084 nec
203 5028 308 5083 falsum
323 5027 491 5099 quidquam,
507 5043 672 5082 naevorum
685 5032 735 5082 est.
752 5032 788 5083 At
797 5028 821 5082 si
835 5028 942 5083 falsitas
956 5028 986 5083 in

139 5134 237 5175 rernm
251 5121 355 5174 natura
376 5132 435 5172 non
460 5118 580 5179 sincera
607 5123 675 5173 sunt
688 5118 793 5173 omnia.
820 5119 876 5174 Nec
896 5117 987 5172 rideri

137 5206 297 5280 quidquam
311 5205 367 5263 nisi
394 5205 499 5260 viventi
518 5205 622 5261 animae
649 5211 756 5277 potest.
784 5206 878 5261 Manet
896 5205 987 5277 igitur

137 5296 277 5352 animuin
293 5310 390 5351 rernm
406 5298 507 5348 nature
522 5294 546 5349 si
561 5294 667 5350 auferri
682 5294 791 5350 falsitas
805 5310 864 5350 non
874 5298 983 5366 potest;

138 5390 244 5454 menet,
262 5385 286 5440 si
299 5386 406 5456 potest.
424 5383 460 5439 A.
476 5381 563 5437 Video
578 5383 722 5438 robustius
737 5382 853 5455 quidem
869 5398 929 5438 csse
943 5383 985 5438 fa-

170 5482 175 5515 ¹
193 5481 270 5545 Angl.
286 5482 358 5542 bles„
371 5477 657 5544 concrematum.

713 217 1001 286 sutttouututtuu
1022 219 1050 275 S.
1071 215 1275 274 AUGUSTINI.
1842 214 1885 270 S!

1032 345 1111 397 etum
1125 340 1202 413 quod
1212 340 1274 412 jam
1288 339 1455 395 conclusum
1468 342 1551 407 erat3
1567 335 1624 393 sed
1645 335 1728 393 nihil
1750 335 1807 390 bae
1822 335 1887 408 cdje
1932 416 1934 421 Ι

1032 431 1127 486 ctione
1151 427 1357 501 promovimus.
1386 427 1581 483 Nihilominus
1598 425 1684 481 enim
1709 428 1815 480 munet
1825 424 1888 481 illut
1932 424 1934 451 ¹

1033 518 1111 593 qnod
1125 518 1285 590 plurimum
1299 532 1345 572 me
1359 520 1464 583 movet,
1480 515 1559 571 nasci
1574 514 1696 571 mimas
1721 517 1754 568 et
1769 512 1889 584 interire,

1033 613 1118 679 atque
1133 612 1166 663 ut
1177 623 1236 662 non
1246 606 1339 663 desint
1346 604 1466 675 mundo,
1479 620 1540 661 non
1550 600 1891 671 earumimmorutiuu,

1033 696 1084 751 sed
1097 696 1274 751 successione
1288 695 1449 766 provenire.

1069 785 1095 836 o.
1112 782 1149 836 R.
1166 780 1340 835 Videnturne
1354 783 1539 853 ubiquaque
1554 792 1720 851 corporea,
1733 773 1766 832 id
1781 781 1827 832 est
1838 792 1891 832 su·

1034 869 1137 936 sibilia,
1153 870 1302 925 intellectu
1315 885 1398 941 posse
1413 866 1649 940 comprehendit
1663 866 1706 923 A.
1727 865 1795 921 Non
1807 863 1893 921 viden

1034 964 1091 1015 tur.
1106 961 1144 1014 R.
1161 958 1233 1024 Quid
1244 959 1342 1014 illud?
1356 958 1468 1013 videtur
1485 957 1537 1012 tibi
1552 955 1698 1011 sensibus
1710 954 1760 1010 nti
1772 955 1849 1009 Dens
1864 954 1892 1010 tt

1034 1064 1080 1103 res
1098 1046 1330 1119 cognoscendas?
1344 1046 1465 1102 A.Nil1il
1483 1045 1578 1101 audeo
1602 1044 1640 1100 de
1656 1044 1720 1099 hac
1747 1057 1782 1098 re
1796 1047 1891 1099 unes

1036 1136 1197 1202 affirmare;
1214 1136 1264 1191 sed
1279 1139 1420 1207 quantum
1433 1134 1577 1206 conjicere
1593 1133 1699 1202 detur,
1714 1131 1802 1187 nullo
1817 1131 1892 1187 modo

1036 1225 1111 1281 Dans
1125 1224 1215 1279 utitur
1229 1223 1368 1279 sensibus.
1384 1224 1421 1278 Β.
1438 1223 1510 1294 Ergo
1525 1219 1742 1277 concludimus
1756 1235 1818 1274 non
1841 1235 1892 1275 sen

1035 1312 1090 1366 tire
1099 1327 1182 1383 posse
1193 1310 1247 1366 nisi
1259 1311 1394 1366 animam.
1407 1310 1442 1366 A.
1458 1309 1603 1367 conclude
1618 1308 1749 1364 interim
1762 1313 1890 1380 quantun

1037 1400 1223 1473 probabiliter
1240 1400 1317 1454 licet.
1332 1401 1369 1455 R.
1386 1399 1459 1465 Quid
1473 1399 1571 1454 illud?
1586 1398 1683 1453 dasne
1699 1389 1795 1452 ist'um
1811 1396 1891 1469 paric-

1037 1495 1107 1555 tem,
1122 1488 1146 1543 si
1158 1505 1242 1546 verus
1254 1488 1349 1560 paries
1362 1503 1421 1543 non
1435 1487 1483 1557 sit,
1503 1503 1562 1542 non
1583 1500 1650 1541 esse
1676 1485 1848 1558 parietem?
1862 1487 1889 1541 A.

1039 1576 1115 1632 Nihil
1129 1578 1184 1632 boc
1196 1577 1307 1632 facilius
1321 1576 1459 1632 dederim.
1480 1577 1519 1631 R.
1538 1576 1645 1647 Neque
1677 1573 1852 1646 quidquem,
1872 1574 1891 1628 si

1038 1681 1137 1721 verum
1152 1681 1254 1737 corpus
1272 1681 1331 1720 non
1352 1664 1398 1734 sit,
1423 1680 1527 1736 corpus
1550 1664 1641 1719 esse?
1657 1664 1700 1720 A.
1727 1662 1799 1718 Tele
1816 1662 1891 1718 etim

1038 1754 1154 1810 hocest.
1172 1755 1207 1809 P.
1221 1755 1295 1824 Ergo
1323 1753 1346 1809 si
1371 1752 1444 1808 nihil
1457 1768 1559 1807 verum
1581 1754 1638 1818 est,
1663 1749 1728 1806 nisi
1743 1751 1801 1806 iste
1821 1749 1892 1806 situt

1038 1842 1152 1898 videtur
1162 1859 1169 1910 ;
1179 1858 1231 1898 nec
1240 1842 1579 1916 quidquamccrporenm
1588 1838 1691 1896 rideri
1703 1838 1765 1894 nisi
1774 1838 1891 1895 sensibus
1932 1882 1934 1891 .

1039 1935 1153 2004 potest,
1167 1948 1219 1987 nec
1233 1932 1348 1997 sentire,
1360 1929 1416 1986 nisi
1428 1930 1543 1998 enimn
1558 1945 1624 1997 nec,
1641 1928 1670 1983 si
1685 1943 1890 2000 verumeorpus

1040 2036 1097 2075 non
1112 2019 1159 2087 sit,
1174 2035 1277 2092 corpus
1291 2036 1351 2076 esse
1367 2036 1375 2075 ι
1389 2022 1710 2089 restatuteorpnsesse
1725 2032 1787 2072 non
1801 2015 1889 2088 posnt,

1039 2108 1095 2163 nisi
1106 2108 1202 2164 amma
1220 2108 1316 2164 fuerit.
1327 2109 1364 2164 A.
1381 2107 1471 2164 Nimis
1494 2122 1592 2178 urges,
1610 2111 1643 2162 et
1666 2105 1743 2177 quid
1770 2105 1888 2161 rasistm

1039 2214 1099 2254 non
1112 2197 1214 2254 babeo.

1230 2286 1344 2343 CAPUT
1358 2288 1386 2341 V.
1405 2316 1439 2326 —
1458 2284 1639 2356 Verumque'd
1653 2287 1706 2341 sit.

1074 2379 1105 2430 7.
1124 2377 1161 2431 Β.
1174 2375 1297 2432 Attouda
1310 2375 1342 2430 in
1355 2375 1409 2430 ista
1421 2373 1598 2445 diligentius.
1613 2374 1656 2429 A.
1675 2374 1717 2429 En
1733 2371 1847 2428 adsum.
1859 2372 1888 2426 fl.

1040 2465 1121 2520 Certe
1134 2465 1180 2520 bic
1194 2465 1268 2537 lapis
1281 2469 1344 2532 est;
1370 2468 1398 2519 et
1412 2463 1453 2519 ita
1467 2478 1550 2518 verus
1574 2466 1629 2527 est,
1648 2462 1675 2517 si
1690 2479 1757 2517 non
1770 2478 1802 2517 se
1817 2460 1890 2516 hebet

1040 2554 1122 2609 aliter
1137 2570 1169 2609 ac
1180 2554 1311 2622 videtur;
1326 2558 1355 2608 el
1380 2552 1453 2626 lapis
1465 2567 1524 2607 non
1537 2555 1591 2619 est,
1608 2551 1635 2606 si
1652 2567 1744 2606 verus
1764 2565 1826 2605 non
1838 2555 1888 2617 est;

1040 2648 1068 2697 et
1079 2659 1137 2698 non
1151 2643 1207 2698 nisi
1221 2643 1352 2698 sensibus
1372 2641 1463 2698 videri
1476 2645 1581 2713 potest.
1595 2642 1637 2697 A.
1653 2640 1766 2696 utiam.
1781 2641 1818 2695 tt
1840 2639 1890 2695 Not

1040 2736 1108 2786 sunt
1120 2731 1208 2803 igitur
1223 2731 1332 2803 lapides
1346 2730 1377 2786 in
1390 2730 1568 2786 abditissimo
1582 2734 1674 2785 terrae
1698 2729 1828 2800 gremio,
1849 2744 1891 2783 nec

1041 2819 1159 2874 omnino
1173 2818 1224 2875 ubi
1238 2835 1299 2874 non
1311 2824 1377 2874 sunt
1389 2818 1440 2889 qui
1453 2817 1577 2872 sentiant
1585 2833 1591 2870 :
1599 2831 1657 2872 nec
1663 2815 1721 2872 iste
1733 2816 1811 2888 lapis
1817 2821 1889 2879 esset,

1040 2907 1093 2962 nisi
1109 2923 1174 2963 eum
1190 2907 1371 2975 videremus3
1394 2921 1447 2961 nec
1475 2905 1547 2977 lapis
1566 2905 1623 2960 erit
1637 2921 1709 2960 cum
1739 2903 1891 2961 discesseri-

1040 3012 1114 3065 mus,
1134 3011 1277 3067 nemoque
1298 2995 1370 3050 alius
1391 3010 1457 3050 eum
1483 3009 1610 3066 praesens
1638 2994 1770 3050 videbit.
1793 2993 1891 3064 Nec,si

1041 3085 1148 3141 loculos
1162 3085 1235 3140 bene
1250 3085 1375 3153 claudas,
1391 3083 1520 3156 quamvis
1535 3083 1629 3137 multa
1638 3082 1674 3137 in
1684 3082 1731 3138 eis
1740 3081 1891 3145 incluseris,

1039 3173 1149 3245 aliquid
1161 3173 1316 3228 habebunt.
1338 3174 1394 3228 Nec
1408 3187 1524 3244 prorsus
1538 3171 1636 3241 ipsum
1661 3170 1785 3242 lignum
1798 3171 1890 3226 inuin-

1040 3279 1120 3318 secus
1134 3263 1245 3334 lignum
1261 3265 1312 3317 est.
1330 3262 1413 3332 Fugit
1426 3261 1503 3316 enim
1520 3275 1620 3315 omnes
1635 3275 1746 3315 sensus
1761 3259 1889 3332 quidquid

1040 3351 1070 3406 in
1086 3350 1233 3407 altitudine
1247 3355 1290 3405 est
1309 3350 1436 3421 corporis
1458 3348 1579 3405 minimo
1601 3349 1802 3419 perlucentis,
1825 3346 1889 3420 quet

1041 3455 1100 3494 non
1114 3454 1175 3494 esse
1190 3437 1308 3492 omnino
1322 3437 1442 3509 cogitur.
1460 3437 1571 3492 Etenim
1586 3436 1610 3491 si
1623 3442 1714 3505 esset,
1738 3453 1839 3493 verum
1851 3452 1889 3490 es·

1041 3532 1104 3596 set;
1120 3542 1173 3582 nee
1186 3541 1286 3582 verum
1306 3526 1464 3598 quidquem
1487 3530 1540 3592 est,
1565 3525 1622 3580 nisi
1648 3525 1731 3597 quod
1751 3526 1793 3581 ite
1806 3529 1846 3581 eet
1864 3526 1890 3577 ut

1040 3616 1154 3671 videtur
1168 3631 1176 3670 ι
1191 3615 1263 3670 illud
1278 3621 1375 3671 sutem
1389 3630 1448 3670 non
1459 3613 1591 3680 videtur;
1607 3628 1672 3668 non
1686 3618 1736 3669 est
1750 3613 1839 3687 igitur
1848 3627 1889 3666 ve·

1041 3720 1106 3760 rum
1124 3721 1130 3759 :
1144 3703 1199 3758 nisi
1211 3703 1281 3776 quid
1294 3703 1382 3759 babes
1392 3703 1429 3758 ad
1442 3701 1589 3774 becquet
1601 3702 1800 3772 respondeas.
1812 3702 1846 3757 A.
1856 3700 1887 3754 us

1041 3792 1077 3847 iis
1090 3792 1285 3865 quidamque
1300 3791 1437 3858 concessi,
1453 3791 1507 3845 boc
1520 3795 1623 3845 natum
1640 3807 1707 3845 esse
1731 3791 1836 3857 videm
1848 3786 1888 3842 sed

1041 3881 1196 3936 absurdum
1212 3880 1252 3935 ita
1266 3884 1319 3943 est,
1332 3884 1363 3934 ut
1377 3878 1516 3952 quidquid
1529 3877 1571 3932 vis
1585 3877 1707 3933 illorum
1723 3879 1838 3935 taedius
1847 3890 1888 3932 ne

1042 3986 1118 4042 gem,
1135 3985 1221 4042 quam
1236 3970 1291 4024 boc
1304 3984 1404 4024 verum
1423 3984 1485 4023 esse
1503 3967 1675 4023 concedam.
1691 3969 1733 4024 R.
1754 3967 1833 4024 Nihil
1852 3980 1888 4019 rs·

1040 4073 1150 4129 pugno.
1180 4056 1247 4112 Vide
1267 4072 1336 4127 ergo
1351 4055 1421 4128 quid
1448 4055 1541 4111 dicere
1568 4055 1639 4109 velis
1656 4071 1664 4109 :
1681 4071 1828 4128 corporea
1843 4050 1888 4108 nisi

1042 4146 1171 4202 sensibus
1183 4145 1273 4200 videri
1285 4160 1376 4217 posse,
1393 4160 1429 4199 an
1444 4144 1549 4200 sentire
1562 4142 1617 4197 nisi
1630 4142 1780 4215 enimam,
1790 4160 1827 4199 en
1839 4155 1888 4198 cus

1042 4234 1167 4305 lapidem
1180 4234 1224 4290 vel
1238 4233 1308 4306 quid
1322 4233 1410 4301 aliud,
1422 4233 1470 4289 sed
1484 4248 1584 4288 verum
1592 4247 1653 4287 non
1666 4249 1746 4302 esse,
1757 4249 1798 4289 an
1808 4232 1887 4304 ipsum

1040 4338 1140 4378 vorum
1155 4322 1237 4377 aliter
1252 4337 1312 4376 esse
1325 4320 1529 4377 deliniondum.
1545 4322 1585 4378 A.
1604 4320 1708 4376 lsthnc
1726 4320 1837 4393 ipsum,
1848 4332 1888 4374 oto

1041 4416 1079 4479 te,
1096 4411 1230 4466 ultimum
1240 4409 1398 4466 videamus.

1076 4504 1103 4557 8.
1119 4502 1156 4556 R.
1173 4498 1265 4555 belini
1281 4515 1349 4571 ergo
1364 4514 1473 4555 verum.
1485 4499 1521 4555 A.
1536 4499 1695 4554 Verumest
1708 4499 1792 4572 quod
1803 4498 1888 4554 isne

1040 4590 1126 4644 babet
1139 4593 1172 4643 ιιι
1187 4587 1327 4660 cognitori
1347 4587 1471 4653 videtur,
1493 4585 1518 4641 si
1527 4586 1595 4641 velit
1615 4586 1775 4660 possitque
1795 4600 1887 4658 cogno

1040 4694 1128 4735 scere.
1141 4679 1179 4732 R.
1194 4679 1256 4733 Non
1270 4676 1325 4732 erit
1339 4676 1429 4748 igitur
1442 4691 1541 4732 verum
1551 4676 1630 4748 quod
1644 4692 1736 4732 nemo
1748 4682 1842 4751 potest
1852 4690 1889 4730 eo

1040 4767 1197 4839 gnoscere?
1212 4764 1330 4831 Deinde,
1344 4764 1369 4819 si
1384 4764 1488 4819 falsum
1502 4763 1632 4835 estquod
1643 4764 1732 4819 aliter
1746 4781 1835 4838 qnam
1843 4766 1888 4826 est.

1039 4855 1172 4921 videtur;
1187 4853 1267 4926 quid,
1283 4851 1306 4907 si
1321 4852 1403 4907 elteri
1412 4853 1541 4907 videatur
1550 4851 1689 4923 biclepis,
1706 4853 1804 4926 lapis;
1817 4850 1889 4909 alten

1039 4944 1151 5015 lignum
1163 4944 1178 4997 ‘f
1192 4942 1293 4997 eadem
1307 4957 1353 4996 res
1367 4944 1397 4997 et
1409 4940 1481 4996 falsa
1497 4944 1525 4996 et
1536 4955 1605 4994 vera
1618 4939 1701 4996 erit?
1711 4942 1751 4998 A.
1764 4941 1836 4998 Illud
1849 4953 1889 4994 me

1040 5031 1132 5104 magis
1145 5030 1277 5102 superius
1291 5032 1397 5099 movet,
1411 5029 1556 5101 quomodo
1571 5027 1681 5100 siquid
1694 5029 1830 5103 cognosci
1838 5042 1890 5083 uon

1039 5117 1143 5185 potest,
1157 5127 1190 5167 eo
1205 5110 1256 5167 liat
1268 5114 1299 5166 ut
1311 5125 1411 5165 verum
1423 5125 1483 5164 nou
1496 5108 1543 5166 sit.
1557 5109 1630 5165 Nem
1645 5110 1727 5182 qnod
1743 5109 1889 5166 simulant

1039 5218 1094 5272 res,
1111 5206 1140 5256 et
1152 5216 1219 5256 vcra
1233 5204 1262 5255 et
1275 5199 1346 5254 false
1362 5205 1490 5266 est„non
1512 5196 1600 5253 nimis
1621 5213 1707 5254 cnro.
1727 5198 1841 5256 Etenim
1852 5195 1888 5251 vi·

1039 5291 1094 5346 deo
1106 5305 1195 5345 unam
1205 5305 1266 5344 rem
1275 5288 1393 5345 diversis
1403 5291 1606 5360 comparatam,
1622 5286 1713 5346 dmm
1723 5288 1888 5358 etmejorcm

1039 5386 1068 5437 et
1082 5379 1224 5435 minorem
1239 5395 1309 5435 esse.
1323 5378 1375 5435 Sed
1391 5395 1425 5433 ex
1440 5394 1474 5433 eo
1488 5376 1564 5432 istud
1584 5376 1741 5450 contingit,
1764 5375 1841 5450 quod
1852 5373 1888 5430 ni·

1040 5469 1081 5526 hil
1096 5485 1148 5540 per
1161 5485 1191 5525 sc
1208 5468 1301 5540 majus
1321 5465 1481 5523 autminus
1503 5469 1556 5522 est.
1572 5465 1804 5538 Comparationis
1817 5461 1888 5522 enim
