3884 6112
726 229 829 286 LIBER
848 228 1012 296 QUINTUS.
1698 239 1752 296 est

71 351 208 408 tisteram
221 349 370 422 episcopas
383 354 451 406 tnnc
470 349 593 405 maxime
606 348 737 406 omnium
756 349 848 406 nomi·
902 351 995 407 citatis
1008 366 1061 424 per
1075 358 1226 424 angustam
1241 354 1317 411 viam
1332 356 1496 428 gradientes
1510 358 1625 415 laudern
1638 376 1668 416 se
1682 378 1750 419 ean-

71 459 85 508 ι,
102 443 232 496 rurenses
246 439 400 510 aliquando
421 455 520 495 causas
535 443 655 510 egerat:
672 454 758 511 quem
777 456 846 511 pro·
901 441 1019 497 ferebat.
1037 442 1231 514 Exprobrabat
1250 443 1353 499 iactam
1368 461 1384 500 a
1398 445 1550 501 Catholicis
1564 448 1641 519 apud
1655 449 1748 522 impe-

71 528 132 587 eia
154 527 306 583 collatione
321 527 537 599 Carthaginensi
559 528 715 584 catholicus
730 528 846 600 quidam
900 534 1007 586 ratores
1045 532 1301 603 expostulationem
1333 534 1368 590 de
1406 535 1536 591 Ecclesiae
1572 536 1652 606 lacis,
1686 555 1751 611 que

71 632 144 689 opus
159 615 265 673 ediori
279 617 323 671 sui
338 616 414 687 leges
437 633 496 672 nou
514 615 620 688 injuria
644 616 736 672 redire
754 617 845 688 jubet.
901 619 1114 676 Donatistarum
1139 625 1215 677 secta
1242 628 1438 694 occupaverat.
1461 626 1524 680 iem
1549 627 1610 680 tum
1633 626 1751 698 quidem

71 720 100 762 ae
117 705 227 777 jactare
242 705 341 760 salitus
356 707 416 759 erat
428 705 588 776 patentium
601 706 749 777 quondam
764 722 845 762 suam
900 709 1047 765 exstabant
1060 710 1148 781 leges,
1163 726 1228 782 qaue
1244 711 1400 769 Donatistis
1413 712 1529 770 urbium
1542 714 1689 771 domicilio
1705 715 1750 771 iu·

71 792 145 850 tensi
161 793 362 860 advocatione;
379 797 476 863 se'que,
489 799 609 864 propter
624 795 706 863 hanc,
723 795 846 866 Spiritus
899 797 1084 867 terdicerent;
1101 815 1153 854 nec
1173 799 1292 856 dubium
1308 801 1378 874 quin
1398 804 1489 858 multa
1504 804 1623 859 Honorii
1641 805 1671 860 in
1687 804 1750 861 illas

70 880 77 937 i
98 883 344 956 cognominalem,
360 883 438 955 quod
452 883 519 938 inde
531 883 667 955 paracleti
680 900 787 939 namen
797 885 846 940 ob·
900 887 991 944 edicta
1014 888 1211 960 reperirentur
1234 890 1264 945 id
1286 891 1425 963 temporis
1446 908 1454 947 r
1480 909 1537 964 qua
1560 892 1646 949 etiam
1664 894 1700 950 de
1720 911 1750 949 re

71 976 132 1039 aret,
149 971 236 1027 luisse
251 971 352 1029 stolide
372 971 546 1043 predicabat
571 973 654 1043 (caat.
669 971 737 1028 Litt.
752 974 844 1041 Petet,
899 991 999 1049 graues
1016 978 1210 1050 querimonias
1224 979 1348 1035 habebat
1363 980 1529 1049 Petilianus,
1548 983 1624 1054 quad
1643 983 1751 1039 seilicet

84 1063 203 1128 niba.
217 1059 270 1132 39).
283 1062 362 1116 llaac
373 1059 539 1133 cumprime
549 1061 579 1116 in
592 1061 716 1117 Ecclesia
724 1062 844 1118 catholi-
899 1065 1036 1122 Catholici
1057 1066 1091 1123 ed
1110 1067 1220 1140 regiam
1239 1067 1437 1125 auctoritatem
1456 1070 1654 1143 confugerent.
1672 1072 1750 1127 later

71 1154 113 1206 sci
123 1150 357 1217 catechumenus,
373 1149 495 1222 pervim
508 1154 664 1221 rapuerant
678 1149 843 1218 Donatistae,
899 1154 960 1209 hese
976 1171 1041 1209 suos
1057 1155 1272 1224 adhortabatur,
1292 1162 1324 1213 at
1341 1156 1536 1214 innocentiam
1554 1158 1646 1230 illem,
1661 1176 1749 1232 quam

71 1240 178 1313 aperti
188 1239 424 1295 uinculohonoris
434 1238 725 1307 mortifero‚uidelicet
734 1239 844 1312 episeo-
899 1243 969 1315 ipsis
980 1242 1091 1308 tribuit,
1102 1245 1145 1300 rel
1158 1244 1299 1300 honorum
1310 1245 1440 1301 omnium
1452 1251 1629 1303 terrenorum
1639 1249 1752 1320 jactura

71 1328 217 1401 lignitate,
231 1328 431 1384 astrinxerant.
449 1328 511 1393 Qua
525 1328 561 1384 de
574 1327 602 1383 ri
616 1326 754 1384 Petiliana
766 1327 845 1383 illata
898 1335 1057 1389 tuerentur.
1071 1335 1103 1388 ln
1114 1333 1154 1388 cis
1168 1350 1198 1389 se
1212 1350 1335 1406 suosque
1346 1335 1527 1403 numerabat,
1539 1352 1612 1409 quos
1622 1336 1750 1393 Christus

71 1418 170 1474 atinus
184 1417 214 1471 in
230 1432 360 1473 sermone
380 1417 415 1472 ed
429 1418 570 1489 populum
581 1416 789 1473 Caesareensem
802 1417 844 1473 di·
898 1437 1039 1493 pauperes
1057 1422 1160 1494 spiritu
1179 1427 1274 1491 rocet3
1291 1423 1399 1496 quique
1419 1424 1609 1481 reformidant
1627 1426 1749 1497 diritius,

93 1522 104 1562 a
127 1509 197 1564 Pars
215 1508 315 1562 Donati
337 1506 446 1576 quaeda
465 1507 632 1578 prevalebat
651 1509 843 1576 constantiae,
900 1511 1007 1566 nedum
1031 1512 1234 1583 concupiscant
1256 1513 1397 1569 :tametsi
1419 1530 1523 1585 parum
1541 1514 1698 1571 admodum
1720 1515 1751 1572 in

71 1613 90 1652 a
112 1601 236 1652 nostram
258 1596 485 1664 catechumenum,
512 1601 608 1652 uotum
625 1596 658 1652 cic
684 1597 845 1668 pareatibus
898 1599 1053 1655 nonnullos
1076 1600 1290 1657 Donatistarum
1312 1601 1460 1675 episcopas
1484 1603 1626 1674 ejusmodi
1653 1604 1752 1661 laudes

71 1686 140 1755 boia,
155 1687 318 1740 Petiltaaem
340 1688 435 1754 tenuit,
450 1689 504 1739 atra
517 1687 583 1754 fecit
596 1687 707 1754 nolenti,
722 1690 845 1743 scrutata
899 1689 1085 1760 quadrarent,
1097 1690 1216 1762 ipseque
1230 1691 1343 1747 nullum
1352 1692 1493 1747 bonorum
1504 1709 1620 1749 suorum
1634 1693 1751 1764 dispen-

71 1777 207 1845 rps'errtem,
220 1778 324 1831 irruerit
335 1777 470 1842 latentem,
486 1777 612 1830 catceati
625 1780 776 1845 pauentem,
792 1776 844 1831 ba·
898 1777 979 1833 diam
993 1783 1068 1834 esset
1083 1794 1195 1850 passus,
1211 1795 1276 1852 ques
1295 1796 1331 1836 an
1353 1781 1514 1854 abjecisset,
1533 1782 1662 1854 prolecta
1682 1783 1752 1839 late·

71 1862 681 1935 rittremeretem,ordiaaoitualeateralsmm.
695 1863 843 1921 addarar.
898 1865 948 1921 bat
967 1867 1169 1938 Augustinum.
1190 1868 1228 1923 Ea
1248 1869 1401 1925 dementiae
1419 1886 1451 1925 ac
1470 1871 1613 1941 superbie
1633 1875 1751 1927 venerat

72 1953 161 2026 pleb,
176 1969 204 2008 ra.
225 1953 261 2022 8).
276 1954 319 2009 Ab
333 1952 377 2007 his
392 1968 461 2024 erga
477 1952 576 2008 volens
592 1952 693 2008 nolens
708 1952 845 2007 Constan-
898 1954 1065 2023 Petilianus,
1080 1960 1113 2011 ut
1127 1957 1233 2012 sentire
1247 1956 1393 2014 rideretur
1407 1975 1481 2015 verm
1502 1959 1631 2015 Ecclesiae
1646 1959 1753 2031 opisco-

91 2059 145 2099 seu
176 2041 259 2100 circe
279 2046 358 2114 (nam
384 2041 496 2097 duabus
518 2041 664 2096 vocabulis
691 2040 846 2112 insiguiter
899 2059 952 2115 pos
965 2044 1087 2116 peccetis
1101 2045 1188 2100 nullis
1203 2046 1342 2103 obnoxios
1361 2063 1433 2115 esse,
1450 2063 1545 2119 neque
1559 2047 1631 2104 adea
1651 2049 1752 2120 populi

71 2148 92 2189 n
104 2131 186 2199 urbs,
197 2147 284 2204 quem
296 2129 429 2186 Numidia
443 2129 555 2185 civilem
565 2129 750 2202 metropolim
759 2146 846 2202 agno·
899 2133 1032 2204 precibus
1057 2133 1205 2207 indigere;
1223 2139 1309 2207 atque
1327 2135 1367 2191 ita
1385 2153 1415 2192 se
1435 2152 1552 2209 quoque
1571 2136 1666 2208 ipsum
1690 2152 1752 2192 esse

72 2221 97 2295 t)
123 2221 230 2294 praesul
256 2223 299 2275 est
327 2219 498 2275 constitutas
526 2235 532 2274 ε
556 2235 613 2291 qua
632 2219 680 2274 ille
695 2219 843 2290 dignitate,
899 2221 998 2290 Paulo,
1021 2222 1130 2279 Jaeaae
1153 2223 1339 2296 evangelista,
1365 2224 1481 2281 Daniele
1505 2228 1591 2297 atquo
1614 2222 1677 2280 eliis
1702 2224 1751 2297 jn·

71 2326 94 2368 o
113 2311 238 2368 necdum
262 2313 387 2378 mortua,
408 2309 581 2382 patiebatur.
600 2309 724 2365 Tametsi
747 2314 842 2366 eutem
900 2309 1027 2366 stiorem.

71 2414 164 2456 mum
185 2400 291 2454 soleret
313 2399 389 2455 ieme
403 2400 572 2472 predicare,
588 2399 666 2471 quod
685 2397 761 2454 inter
779 2415 845 2454 snos
935 2401 961 2455 3.
985 2399 1049 2454 lirec
1072 2397 1192 2471 epistola
1215 2400 1375 2456 multorum
1395 2399 1425 2456 in
1449 2400 1583 2456 manibus
1607 2404 1677 2469 erat,
1701 2401 1752 2474 qui

71 2488 121 2545 ine
144 2493 173 2544 et
186 2488 321 2545 facundia
342 2489 466 2544 maxime
482 2488 633 2543 excelleret
648 2488 757 2558 (Caetra
776 2489 843 2543 litt.
899 2486 991 2543 varies
1006 2487 1092 2543 etiam
1107 2504 1142 2543 ex
1161 2504 1194 2543 ea
1208 2489 1364 2544 sententias
1379 2490 1413 2545 ad
1436 2491 1555 2545 verbum
1576 2489 1751 2560 ediscebant,

72 2578 148 2648 ,tta
163 2581 188 2645 l,
204 2593 227 2634 o.
246 2578 288 2651 l);
303 2577 430 2650 ejusdem
443 2583 541 2633 tamen
562 2576 653 2632 oratio
672 2576 845 2648 quaudoque
900 2575 982 2647 quasi
1004 2591 1038 2631 ax
1059 2592 1146 2648 opere
1169 2577 1304 2633 adversus
1327 2579 1496 2635 catholicam
1521 2579 1673 2635 Ecclesiam
1697 2595 1752 2652 ap-

71 2664 212 2723 henditur
233 2668 270 2723 ab
284 2665 444 2738 Augustino
464 2672 497 2722 ut
516 2665 641 2738 turgida,
656 2667 843 2732 tumultuosa,
899 2665 992 2736 prime
1010 2665 1103 2721 valido
1126 2665 1174 2736 (De
1196 2667 1305 2722 Unitate
1325 2669 1459 2736 Ecclesia,
1475 2684 1502 2723 a.
1527 2668 1563 2740 l).
1586 2668 1672 2724 Cirtae
1691 2669 1752 2740 pri·

71 2756 224 2813 incitanda
245 2756 323 2829 plebi
346 2755 573 2822 accommodate,
589 2754 681 2810 verbis
696 2755 783 2810 etiam
797 2754 845 2810 in·
899 2753 1752 2829 mumexillaquasdemlegitAugustinum(CoutraLittcras

71 2844 219 2902 interdum
230 2862 261 2900 ae
271 2845 377 2900 insanis
387 2844 543 2916 composita
554 2844 645 2916 (loia,
656 2844 705 2901 lib.
715 2847 742 2912 2,
752 2861 776 2900 a.
787 2844 844 2917 7³).
899 2843 1039 2913 Petiliaat,
1055 2843 1101 2898 lib.
1120 2846 1145 2912 l,
1160 2860 1187 2900 u.
1206 2844 1243 2917 l),
1255 2845 1330 2900 forte
1346 2844 1444 2913 etiam,
1460 2849 1492 2899 ut
1510 2861 1527 2900 a
1546 2844 1628 2900 nobis
1643 2844 1752 2900 dictum

71 2935 172 3008 ipuum
184 2950 252 2990 vero
267 2933 424 2988 schismatis
438 2933 550 2989 fuitille
565 2934 596 2989 ia
606 2933 761 2990 Collatiane
771 2949 845 3005 prae·
900 2936 953 2999 est,
970 2947 1027 3005 quo
1042 2935 1172 3002 tempore
1186 2949 1203 2987 e
1218 2936 1359 2991 Generosa
1370 2933 1528 3005 presbyteri
1543 2933 1699 2989 Donatista
1710 2933 1753 2988 lit·

71 3040 107 3097 m,
122 3023 154 3079 in
168 3039 226 3095 que
241 3023 380 3095 quidquid
399 3022 553 3095 excogitari
565 3027 663 3094 potest
677 3023 799 3078 solertias
813 3038 846 3077 ac
899 3024 985 3087 teras,
997 3018 1027 3074 ia
1043 3020 1147 3092 quibus
1162 3022 1262 3077 eadem
1275 3021 1455 3090 laudabatur,
1466 3021 1574 3094 accepit
1585 3022 1682 3094 (Epist.
1694 3023 1751 3094 33).

71 3112 108 3182 is,
131 3110 275 3184 quidquid
296 3112 541 3183 tergiversationis
563 3128 595 3166 ac
617 3109 793 3183 petrissae,
815 3111 845 3166 id
901 3110 978 3165 Hanc
997 3109 1034 3176 ei,
1059 3126 1125 3164 aum
1149 3109 1179 3164 ia
1199 3110 1317 3166 ecclesie
1337 3115 1412 3166 esset
1431 3126 1489 3166 una
1509 3126 1575 3166 cum
1598 3111 1752 3167 Fortunato

71 3200 277 3259 rinmendacii
290 3199 487 3270 defensionem
503 3200 650 3269 adhibuit;
666 3215 723 3273 qua
742 3204 771 3256 et
784 3205 846 3255 acta
900 3196 1039 3253 catholica
1054 3197 1117 3269 ejus
1141 3197 1195 3254 loci
1213 3199 1349 3267 antistite,
1369 3199 1595 3256 orthodoxorum
1618 3199 1752 3257 nonnulli

71 3294 173 3359 uerat,
189 3295 219 3345 ct
232 3289 405 3371 efficeretne
419 3289 489 3362 quid
503 3290 614 3345 interea
629 3288 844 3361 transigeretur,
901 3287 1079 3356 obtulerunt,
1101 3287 1236 3344 Absentio
1260 3294 1401 3361 praesente
1423 3305 1429 3344 :
1455 3289 1528 3345 farte
1551 3290 1752 3361 reponendum

71 3383 252 3438 scontracta
276 3378 345 3449 rari,
370 3379 486 3436 tandem
505 3379 542 3435 ad
561 3377 708 3435 silentium
730 3378 846 3434 adactas
900 3375 1014 3449 Alypio,
1039 3377 1277 3450 quandoquidem
1303 3377 1422 3450 Alypius
1446 3394 1511 3434 cum
1537 3378 1699 3451 Augustino
1723 3381 1753 3434 et

435 3476 439 3482 ’
901 3465 1058 3521 Fortunato
1072 3466 1250 3537 conjunctim
1265 3466 1406 3522 Generosa
1425 3467 1579 3539 rescripsit.
1597 3468 1663 3522 llaec
1676 3481 1751 3522 aon-

71 3557 165 3617 !nltis
184 3557 267 3612 annis
287 3561 353 3612 enta
380 3557 562 3614 collationem
590 3556 846 3629 Carthaginensem
901 3553 956 3610 nisi
970 3553 1087 3610 initium
1102 3559 1131 3609 at
1149 3570 1216 3627 pers
1235 3553 1366 3625 epistolae
1384 3571 1526 3627 perquam
1545 3555 1651 3628 exigna
1668 3558 1751 3611 eret:

71 3664 147 3705 enos
161 3647 198 3702 ed
215 3648 406 3718 presbyteros,
427 3647 621 3718 diaconosque
635 3645 690 3701 sibi
705 3646 844 3713 subditos,
901 3641 1039 3715 quoniam
1059 3642 1187 3697 nondum
1201 3641 1321 3698 licuerat
1335 3643 1486 3698 Catholicis
1501 3659 1534 3700 ex
1549 3659 1583 3699 ea
1601 3643 1686 3715 plara
1700 3642 1751 3698 de·

71 3738 164 3795 edem
185 3735 346 3807 epistolam·
357 3735 491 3791 adversus
511 3734 664 3790 Ecclesiam
679 3734 846 3790 catholicam
901 3731 1034 3787 scribere.
1051 3730 1196 3802 Principio
1211 3730 1343 3787 observat
1356 3731 1543 3805 Augustinus,
1559 3733 1613 3788 hac
1631 3730 1753 3805 epistola

71 3842 116 3884 are
139 3840 237 3893 ausus,
257 3826 332 3881 hanc
350 3830 468 3892 temere,
495 3840 548 3879 nee
573 3824 640 3880 ullis
665 3822 794 3879 adductis
815 3823 847 3877 in
902 3818 1010 3891 abipso
1022 3818 1138 3874 exordio
1149 3818 1278 3875 funditus
1289 3820 1393 3877 Donati
1407 3826 1520 3892 partem
1535 3821 1752 3892 subverti3cum

71 3930 119 3972 am
142 3913 334 3981 documentis,
358 3912 513 3968 infamibus
538 3912 653 3983 probris
671 3911 846 3978 incessebat;
900 3908 937 3963 ab
954 3907 1106 3981 impolluta
1124 3908 1297 3981 baptizantis
1316 3909 1498 3978 conscicntia,
1518 3925 1619 3965 eorum
1637 3909 1688 3983 qui
1700 3908 1754 3964 ba·

71 4004 236 4076 ndebatqae
250 4018 349 4059 verum
366 4017 397 4057 aa
411 4001 573 4073 legitimum
594 4001 770 4073 baptismum
783 4004 846 4056 tan·
900 3995 1191 4068 ptizantar,pendere
1202 3996 1440 4070 justificationem
1451 3999 1561 4053 doceat.
1573 3997 1754 4069 Quapropter

71 4093 142 4151 sado
166 4108 254 4165 peaes
278 4107 359 4146 suam
382 4095 489 4147 sectam
512 4088 633 4161 reperiri
647 4090 739 4161 (ibid,
754 4090 800 4145 tib.
820 4092 846 4157 l,
900 4085 980 4141 illam
994 4100 1093 4142 revere
1106 4084 1240 4143 Petiliani
1256 4101 1327 4155 essa,
1343 4087 1474 4159 quamvis
1488 4087 1549 4159 ejas
1564 4101 1753 4157 nomenpras·

71 4196 100 4238 ι.
114 4179 156 4253 2).
173 4176 785 4252 ilancepistolamiehaberetintegram‚qui
797 4176 847 4233 de·
900 4175 997 4243 ferret,
1012 4174 1089 4231 haud
1110 4175 1193 4230 tacite
1211 4175 1267 4231 sibi
1286 4175 1480 4248 persuadebat
1499 4191 1507 4231 τ
1527 4190 1628 4231 reram
1647 4173 1752 4246 quibus

71 4287 88 4326 a
112 4284 146 4325 ex
171 4268 325 4339 Augustini
340 4267 413 4323 libra
428 4266 459 4322 in
473 4265 646 4322 Petilianam
661 4264 785 4320 secunda
800 4281 846 4321 ee·
900 4268 970 4320 nota
977 4267 1037 4319 eret
1046 4262 1134 4334 hujus
1147 4263 1303 4319 Donatista
1311 4263 1454 4320 scribendi
1462 4263 1648 4330 sarma‚hnnc
1657 4262 1750 4334 ipsum

71 4374 84 4417 a
105 4357 291 4429 singularum
312 4357 396 4412 initia
418 4360 482 4428 apte
501 4356 577 4409 inter
597 4368 627 4407 se
650 4352 845 4423 conjungeret¹
901 4368 962 4408 esse
981 4351 1110 4424 ejusdem
1130 4351 1231 4408 stilum
1249 4353 1410 4425 Augustino
1434 4351 1529 4408 testati
1553 4356 1620 4406 sant
1644 4352 1753 4424 (Contra

71 4446 215 4505 rdoxosin
230 4462 263 4501 ee
278 4445 360 4518 qnasi
381 4444 545 4511 traditores,
571 4439 847 4496 autnatasatredi-
900 4444 1019 4498 Litteras
1037 4442 1179 4509 Petiliaai,
1199 4443 1247 4498 lib.
1271 4445 1296 4510 l,
1316 4458 1345 4498 a.
1367 4440 1404 4515 l).
1424 4440 1514 4513 lgitur
1538 4439 1617 4496 illem
1646 4439 1753 4512 scripto

71 4550 110 4605 as,
130 4535 214 4591 nulla
228 4534 394 4590 testimonio
410 4533 494 4589 nixus
508 4530 642 4587 traducit.
662 4533 798 4600 Acceptas
811 4528 846 4583 ab
901 4530 1029 4587 retollere
1048 4530 1211 4599 eonstituit;
1228 4530 1305 4603 qaod
1319 4535 1349 4587 et
1366 4529 1502 4602 prestitit
1520 4545 1608 4602 quam
1626 4529 1753 4586 maxima

71 4621 188 4694 injurias
212 4621 354 4693 queritur,
379 4621 434 4676 etsi
457 4620 637 4676 uexationem
656 4621 723 4672 tunc
738 4617 847 4671 nullam
900 4619 995 4690 potuit
1006 4619 1166 4692 diligentia,
1181 4619 1356 4675 claritateac
1371 4617 1543 4686 sinceritate,
1554 4634 1591 4673 ne
1603 4618 1674 4690 quid
1687 4634 1754 4674 coa·

71 4711 174 4768 riretm
187 4711 250 4784 ejus
268 4710 369 4778 tacti03
388 4726 454 4766 cum
480 4708 665 4780 magistratus
679 4705 747 4761 satis
760 4705 848 4761 habe·
901 4711 945 4762 tra
960 4707 1128 4764 catholicam
1142 4707 1231 4764 iidem
1246 4707 1330 4764 solidi
1345 4723 1378 4764 ea
1392 4705 1533 4763 contineri
1546 4711 1682 4781 putarent
1694 4707 1752 4764 im·

86 4799 113 4857 ei
134 4799 222 4856 moda
241 4799 294 4867 illi,
308 4799 423 4855 ritorto
439 4797 510 4870 legis
524 4813 541 4852 a
556 4795 689 4852 Gratiano
704 4811 779 4850 uano
793 4798 849 4850 tre-
900 4795 1050 4867 peritiores
1071 4813 1079 4853 :
1101 4812 1155 4852 aec
1175 4795 1318 4852 modestia
1343 4811 1395 4852 sue
1416 4795 1575 4864 inhibetur,
1597 4795 1752 4869 quominus

71 4888 147 4947 aiano
178 4889 389 4962 septuagesimo
413 4886 534 4959 septimo
555 4886 631 4953 latae,
652 4900 745 4940 sacrm
772 4884 848 4939 aedes
900 4887 1007 4941 asserat
1026 4884 1175 4940 ueritatem
1197 4884 1229 4939 in
1249 4899 1300 4939 sue
1323 4883 1510 4956 responsione
1534 4884 1605 4941 adeo
1629 4883 1753 4940 tirmiter

71 4983 162 5035 amnt.
186 4978 286 5033 Plures
307 4977 436 5050 quidem,
456 4982 518 5032 tum
537 4989 608 5047 quas
624 4973 780 5030 Donatista
796 4975 847 5030 Ca·
901 4972 1032 5043 stabiliri,
1054 4976 1191 5046 mntaque
1210 4973 1274 5030 luce
1295 4973 1443 5042 illustrari,
1464 4978 1498 5029 at
1518 4972 1659 5030 Petiliana
1679 4973 1751 5028 nihil

71 5066 106 5125 aa
119 5082 174 5140 per
191 5065 250 5122 rim
265 5066 442 5138 eripuerant,
461 5068 523 5120 tum
538 5079 609 5136 quas
620 5063 710 5120 iidem
724 5078 776 5134 per
790 5061 847 5118 dis·
900 5065 1056 5130 succurret,
1079 5076 1136 5134 quo
1164 5077 1228 5117 eam
1247 5061 1338 5135 possit
1361 5062 1510 5118 revincere
1536 5061 1632 5132 (ibid,
1654 5060 1703 5117 tib.
1723 5062 1749 5118 3.

82 5159 200 5228 tempus
224 5157 430 5223 exstruxerant,
454 5152 495 5209 eis
516 5153 673 5209 subtractas
687 5151 849 5208 retinabant
900 5166 928 5208 a.
961 5151 996 5222 t).
1039 5150 1263 5222 Responsionem
1301 5152 1376 5207 hane
1412 5151 1491 5208 fideli
1527 5150 1656 5207 dioecesis
1692 5165 1751 5204 suas

71 5244 129 5302 aiei
152 5261 160 5302 ε
185 5244 315 5317 quamuis
337 5243 429 5300 adhuc
450 5259 509 5299 non
528 5258 637 5316 paucae,
653 5258 687 5299 ex
701 5240 747 5297 his
761 5240 848 5296 ctiam
900 5239 1009 5311 populo
1040 5238 1126 5306 dicat,
1155 5254 1275 5313 eamque
1307 5256 1366 5296 non
1399 5240 1505 5297 librum
1535 5239 1670 5311 appellet,
1703 5238 1752 5294 sed

76 5331 293 5391 communionis
332 5332 476 5388 catholicae
511 5332 635 5403 fuerant,
664 5329 848 5387 schismaticis
902 5327 1051 5399 epistolam
1076 5329 1280 5387 (Detractatiaa.
1306 5329 1353 5385 lib.
1374 5332 1403 5398 2,
1424 5344 1486 5398 cap.
1509 5328 1565 5397 35).
1589 5325 1683 5382 Dtitur
1705 5325 1752 5381 hic

71 5438 117 5479 aas
151 5420 303 5478 servirent.
331 5420 483 5476 Ecclesiam
508 5418 660 5477 Gatlaelice
678 5418 763 5475 titulo
783 5434 849 5489 spo·
902 5415 997 5488 Dptati
1023 5415 1152 5489 quidem,
1175 5420 1206 5473 at
1232 5419 1323 5474 multa
1354 5417 1446 5490 magis
1478 5412 1752 5471 Maximiaaistarum

78 5510 232 5571 nitebatur
246 5525 255 5566 c
267 5509 316 5567 sed
337 5509 451 5566 tandem
468 5525 501 5566 ea
519 5524 570 5581 spe
584 5508 721 5581 dejectus,
735 5507 769 5565 ed
782 5522 850 5579 pea-
902 5504 1031 5576 historie,
1040 5504 1485 5581 plebemquesuemedhortator,
1495 5502 1610 5561 athaac
1619 5501 1752 5560 albaram
