3884 6112
680 245 788 304 urrisu
815 246 1001 305 SEPTIMUS.
1675 254 1727 322 sia

71 371 196 438 arentur,
212 368 301 425 oblati
319 371 386 424 snut
405 368 474 437 dno,
496 368 629 442 stetitque
650 369 682 424 in
700 386 766 425 eum
786 385 821 426 ex
875 371 943 428 dam
961 371 1113 428 necessitas
1132 371 1255 427 eumad
1275 371 1354 446 illam
1374 371 1479 443 scripto
1501 387 1615 444 quoque
1640 373 1726 428 refel-

71 462 179 533 aperte
194 457 330 513 Paulinus
344 457 490 513 diaconus.
507 458 711 530 Fragmentum
726 474 759 513 er
774 474 821 530 ge·
875 459 991 517 leudam
1013 459 1137 516 induxit.
1162 459 1342 517 Marcellinus
1365 459 1484 532 quippe,
1507 459 1583 515 idem
1605 459 1655 514 ille
1677 458 1728 531 qui

71 548 159 621 ujusce
181 546 295 603 concilii
318 546 424 620 profert
444 547 631 619 Augustinus,
646 548 724 603 unde
743 562 820 603 com·
875 547 1035 605 collationis
1052 548 1284 621 carthaginensis
1302 547 1433 620 cognitor
1445 548 1548 613 fuerat,
1564 562 1629 602 cum
1650 547 1725 620 ejus·

71 636 282 695 ratCoelestium
291 636 322 691 in
331 637 385 692 hoc
398 635 552 708 episcopali
561 635 672 707 judicio
683 637 820 692 damnare
875 636 940 692 dem
955 636 1074 693 heresis
1089 636 1285 704 sectatoribus,
1299 651 1372 708 quos
1385 635 1446 709 ipse
1459 635 1586 709 quotidie
1602 635 1728 706 disputa·

71 740 157 781 reeos
176 725 227 797 qui
250 723 358 793 dicum,
380 724 458 791 Quod
476 727 618 794 peccatum
638 724 708 780 Aia
729 726 821 794 ipsum
875 729 952 782 tores
962 725 1529 799 molestissimospatiebatur,refutandis
1538 723 1726 797 imperasset,

71 815 177 881 merit,
191 818 217 868 et
235 828 288 868 nou
302 828 385 882 perus
398 814 561 882 tumorum,
577 818 612 881 et,
629 813 708 879 Quod
722 816 820 880 iufau-
875 815 1048 885 quaestiones
1058 815 1174 871 illorum
1185 815 1220 870 ab
1229 815 1300 870 urbe
1311 814 1481 888 Carthagine
1490 814 1526 869 ad
1534 814 1727 886 Augustiuum

71 907 244 970 'uasemrtum
261 905 291 956 in
311 918 339 956 eo
361 907 435 957 statu
449 905 514 969 siut,
531 904 560 956 in
582 918 634 972 quo
653 902 745 958 Adam
763 903 822 968 fuit
875 921 926 977 per
951 905 1060 961 litteras
1087 905 1196 975 retulit,
1223 920 1326 978 rogans
1350 905 1523 961 solutionem
1547 921 1647 960 earum
1672 904 1728 960 sibi

71 990 295 1049 *euaricationem
313 991 364 1062 (lie
380 993 490 1047 Peccata
512 992 652 1060 originali,
672 1006 720 1046 uu.
736 993 763 1058 2,
781 990 818 1060 3).
875 994 999 1050 scribere
1017 1011 1055 1050 ne
1073 998 1240 1067 gravaretur
1255 993 1303 1066 (De
1317 966 1404 1052 (iestis
1422 995 1539 1064 Pelagii,
1555 1010 1582 1049 rr.
1603 993 1658 1065 25).
1674 994 1728 1049 lix-

71 1088 165 1138 tamen
185 1080 330 1136 Caelestius
352 1097 402 1136 ora
422 1081 576 1136 christiana
592 1096 653 1136 non
676 1079 820 1135 sustinens
875 1080 975 1154 plicari
985 1081 1101 1153 petebat
1109 1081 1141 1136 in
1152 1081 1254 1152 primis
1262 1081 1451 1152 quaestionem
1462 1080 1496 1135 de
1509 1080 1653 1152 baptismo
1663 1097 1728 1152 par·

71 1186 80 1226 ι
94 1172 244 1235 sueonum,
260 1171 308 1225 lib.
326 1172 351 1237 3,
365 1186 394 1226 u.
412 1173 448 1239 9),
462 1169 494 1225 in
507 1169 606 1226 libello
621 1185 672 1225 suo
687 1167 819 1225 brevissi·
874 1169 1100 1241 vulorumzqaia
1109 1170 1320 1225 contendebant
1327 1168 1381 1238 illi,
1390 1170 1481 1225 Adam
1490 1169 1598 1226 etiamsi
1607 1184 1660 1224 nou
1667 1185 1729 1240 pec·

71 1258 167 1315 aliteri
180 1264 294 1314 coactus
309 1264 362 1326 est,
378 1262 497 1331 propter
514 1258 701 1330 baptizandos
714 1273 820 1329 parsu·
875 1264 970 1328 cesset,
985 1261 1073 1328 [uisse
1087 1262 1259 1327 moriturum,
1274 1276 1321 1315 uec
1334 1276 1368 1314 eu
1380 1261 1439 1330 ejus
1451 1265 1561 1331 peccato
1576 1260 1727 1330 quidquam

71 1348 114 1405 iod
129 1352 159 1404 et
172 1348 242 1420 ipsis
256 1347 416 1419 redemptio
435 1348 472 1403 sit
486 1349 646 1403 necessaria
659 1349 709 1419 (lic
721 1349 821 1402 Pecca·
875 1349 913 1403 od
926 1348 985 1418 ejus
995 1351 1118 1420 posteros
1132 1349 1312 1420 propagando
1327 1351 1469 1405 tromiisse
1489 1351 1536 1419 (Dc
1558 1351 1728 1405 Peccatorum

76 1439 194 1505 meritis,
216 1438 264 1492 tib.
289 1442 314 1503 l,
334 1453 363 1492 rr.
385 1440 435 1507 623
457 1439 547 1508 Epist.
565 1441 627 1499 557,
644 1452 672 1491 a.
688 1437 734 1504 ri,
750 1436 821 1491 etde
875 1439 990 1506 meritis,
1007 1438 1054 1493 tib.
1072 1441 1100 1505 3,
1112 1453 1141 1492 u.
1158 1439 1193 1508 l).
1208 1439 1281 1493 Nam
1291 1437 1345 1493 etsi
1355 1437 1514 1492 faterentur
1522 1437 1595 1509 jam,
1608 1437 1648 1491 uti
1660 1437 1728 1492 llar-

71 1541 78 1580 i
98 1527 237 1595 originali,
257 1541 285 1580 a.
307 1524 365 1597 tl),
386 1525 454 1581 licet
473 1525 597 1582 noluerit
619 1524 761 1590 cantitari,
787 1541 821 1580 ex
876 1525 994 1582 cellinus
1009 1525 1112 1582 litteris
1131 1526 1191 1582 suis
1204 1526 1366 1593 intimabat,
1386 1526 1474 1581 etiam
1487 1525 1520 1580 in
1540 1525 1664 1596 parvulis
1676 1539 1729 1597 per

73 1614 106 1670 iu
120 1630 168 1671 eos
189 1613 335 1670 transiisse
351 1618 500 1686 peccatum
513 1616 560 1686 (De
579 1617 751 1670 Peccatorum
765 1629 820 1669 me·
878 1614 1055 1686 baptismum
1076 1614 1275 1671 remissionem
1294 1615 1358 1670 fleri
1381 1618 1580 1686 peccatorum
1601 1615 1661 1671 Non
1686 1617 1728 1668 ta·

71 1703 109 1759 ib.
127 1707 155 1770 2,
172 1718 199 1757 u.
217 1706 262 1770 58,
277 1707 303 1757 et
314 1706 350 1758 De
362 1705 473 1758 Peccato
487 1705 627 1772 oriqiuati,
644 1719 674 1757 n.
694 1703 749 1775 21).
765 1702 821 1758 Sed
875 1702 1134 1775 meajoriqiuatitem
1150 1703 1330 1776 inquiebant,
1344 1704 1391 1759 sed
1412 1706 1443 1760 in
1462 1705 1518 1758 cita
1527 1705 1589 1774 jam
1599 1703 1727 1773 propria,

71 1808 127 1848 eam
140 1793 258 1848 uetuerit
273 1792 307 1846 de
320 1794 451 1861 originali
462 1799 572 1862 peccato
584 1792 693 1862 aliquid
710 1807 821 1863 capres-
873 1797 1051 1863 posteaquam
1063 1795 1124 1848 uati
1137 1798 1210 1862 suut,
1224 1797 1365 1863 peceatum
1377 1792 1474 1848 habere
1487 1796 1623 1862 ceperunt
1632 1791 1705 1862 (lbid
1719 1832 1728 1861 ,

71 1897 140 1951 cere,
149 1886 238 1937 tamen
249 1883 308 1952 ipso
322 1881 515 1952 redemptionis
529 1884 646 1950 nomme,
655 1881 695 1937 ait
705 1885 822 1937 sanctus
877 1881 925 1937 tib.
943 1886 967 1950 l,
978 1897 1006 1937 u.
1019 1881 1074 1954 62).
1086 1882 1241 1938 Nuntiabat
1253 1885 1395 1953 praeterea
1407 1880 1598 1948 Marcellinus,
1613 1882 1728 1952 aposto·

73 1986 151 2037 ,sou
171 1986 273 2040 parum
292 1969 347 2025 sibi
360 1971 544 2042 prescripsit.
566 1971 641 2027 Unda
661 1973 732 2025 euim
750 1970 821 2025 redi·
877 1969 965 2025 licum
973 1969 1047 2025 illud
1061 1970 1271 2038 testimonium,
1281 1973 1333 2026 Per
1344 1986 1428 2026 meum
1443 1972 1576 2026 bominem
1585 1973 1727 2040 peccatum

75 2060 172 2118 essent,
187 2058 243 2112 uisi
261 2073 280 2111 a
296 2056 402 2111 dioboli
414 2061 556 2127 potestate,
571 2059 601 2113 iu
624 2072 680 2128 qua
693 2072 749 2112 esse
768 2072 823 2112 uon
876 2060 995 2116 intrauit
1007 2060 1039 2115 in
1052 2060 1194 2129 muudum,
1203 2064 1229 2114 et
1236 2075 1287 2130 per
1296 2065 1435 2130 peccatum
1445 2073 1517 2115 mors
1529 2059 1615 2131 (Rom.
1628 2075 1656 2124 v,
1669 2054 1725 2127 lu),

71 2147 142 2201 truisi
150 2146 293 2212 eripimus
304 2144 468 2213 abstersione
479 2148 584 2216 peccati
591 2148 606 2200 ?
614 2150 663 2201 aut
672 2161 725 2215 quo
732 2147 822 2216 pretio
877 2147 908 2201 in
921 2146 1008 2203 aliam
1022 2148 1178 2219 quamdam
1191 2163 1295 2203 novam
1306 2147 1472 2220 opinionem
1482 2163 1535 2219 per
1547 2148 1624 2220 ipsos
1635 2146 1729 2202 detor·

71 2236 153 2303 retur,
173 2235 229 2290 atsi
252 2233 356 2290 Christi
375 2236 517 2302 sanquine,
533 2234 567 2289 de
585 2250 638 2304 quo
652 2236 823 2304 apertissime
878 2236 973 2309 queri.
991 2237 1047 2293 Nec
1063 2236 1176 2292 silentio
1190 2236 1322 2293 mittebat
1331 2236 1531 2310 quaestionem,
1541 2252 1598 2309 qua
1608 2235 1738 2295 suadere.

71 2327 163 2392 mest,
178 2322 295 2394 quadiu
312 2324 496 2378 reruissionem
516 2323 618 2393 effusus
641 2326 678 2379 sit
697 2329 822 2394 peccato-
877 2329 1059 2393 conarentur,
1075 2326 1152 2399 quod
1172 2327 1266 2382 miae
1285 2328 1344 2383 uite
1364 2329 1429 2392 sint,
1455 2327 1570 2395 merim,
1584 2326 1729 2393 futurique

71 2413 152 2484 dpist.
168 2415 229 2481 liii,
243 2428 272 2466 rt.
292 2411 358 2483 22)?
375 2411 441 2466 Fuit
458 2411 489 2466 in
508 2411 701 2484 Diospolitana
716 2413 822 2484 synodo
878 2415 934 2470 siut
945 2414 1002 2486 riui
1013 2415 1151 2471 bominum
1164 2429 1218 2470 uos
1232 2414 1358 2471 babentes
1370 2416 1457 2470 ultum
1469 2415 1578 2470 omniuo
1587 2417 1729 2485 peccatum

71 2516 105 2569 n,
126 2504 234 2572 praeter
254 2504 416 2556 memorata
440 2501 497 2556 duo
526 2501 631 2574 capita,
659 2506 822 2557 accusatum
879 2506 925 2570 (lte
936 2505 1109 2559 Peccatorum
1122 2505 1237 2570 meritis,
1252 2504 1291 2559 lib
1307 2507 1333 2571 3,
1349 2519 1377 2559 u.
1398 2505 1436 2574 l).
1453 2503 1485 2560 ld
1506 2501 1642 2574 temporis
1663 2517 1727 2556 san-

71 2604 89 2644 e
117 2589 282 2645 Coelcstium
305 2589 380 2660 apud
406 2589 631 2662 carthaginense
657 2589 821 2657 concilium,
878 2582 939 2647 ctus
959 2593 1061 2648 [lactor
1079 2591 1216 2647 molestiis
1237 2593 1380 2665 curisque,
1404 2592 1439 2648 cb
1460 2592 1578 2664 negotia
1592 2607 1658 2663 quse
1672 2589 1728 2663 ipsi

71 2677 299 2744 reseraturum
317 2679 457 2735 mortatem
470 2679 576 2746 tactum
589 2680 689 2747 subse,
705 2681 754 2750 qui
766 2681 823 2735 aive
877 2686 1050 2752 peccatores,
1070 2681 1134 2737 etii
1151 2681 1271 2737 forsitan
1287 2681 1449 2747 Donatista,
1465 2680 1650 2746 facessebant,
1670 2696 1729 2735 ma-

71 2769 102 2833 rt,
124 2767 182 2819 sive
202 2780 256 2819 mou
272 2770 405 2835 peccaret.
420 2768 568 2822 moriturus
588 2771 671 2833 esset;
695 2771 731 2834 et,
755 2766 823 2833 Ouo·
878 2771 1024 2843 ximopere
1048 2770 1295 2842 prepediebatur3
1319 2770 1397 2842 quod
1420 2769 1490 2842 ipse,
1516 2785 1581 2840 quae
1600 2771 1729 2822 suaerat

71 2855 115 2911 tec
127 2856 167 2909 sie
178 2856 271 2909 mittat
280 2854 449 2923 adsequum,
461 2854 686 2925 quemadmodum
695 2859 721 2910 et
733 2857 823 2910 num·
878 2859 968 2915 animi
983 2859 1127 2926 demissio,
1142 2863 1325 2932 peccatorum
1340 2873 1459 2913 snorum
1475 2855 1586 2913 meritis
1603 2856 1729 2927 imputat

75 2946 134 3013 με,
151 2945 283 3014 martiam
297 2947 360 2998 aute
380 2942 527 2998 aduentum
541 2944 644 3000 Christi
655 2944 760 3011 suerint
774 2943 821 2998 Aa·
878 2948 970 3020 (reid,
981 2948 1028 3003 tib.
1046 2951 1071 3016 l,
1082 2963 1110 3002 rr.
1122 2947 1163 3018 l):
1178 2962 1236 3003 non
1250 2945 1341 3019 potuit
1350 2949 1448 3001 tamen
1457 2942 1647 3010 committere,
1657 2941 1728 3014 quin

71 3032 127 3089 riae
145 3036 267 3101 peccato;
283 3036 317 3099 et,
334 3033 468 3098 Quoniam
481 3047 565 3103 neque
583 3048 635 3103 per
652 3036 762 3087 mortem
781 3033 823 3087 oet
878 3035 942 3103 viri,
958 3027 1081 3106 quocum
1096 3038 1157 3089 erat
1169 3049 1276 3106 magna
1290 3039 1318 3088 et
1332 3036 1430 3087 sancta
1440 3028 1648 3087 necessitudine
1662 3043 1728 3083 cou-

71 3121 223 3177 icaticuem
242 3120 310 3176 Adae
329 3136 405 3176 omne
420 3135 503 3190 penus
521 3122 660 3176 mminum
675 3123 821 3188 moriatur,
874 3122 1002 3195 junctus,
1016 3127 1077 3178 tam
1096 3122 1233 3178 laudabili
1254 3121 1395 3178 desiderio
1414 3135 1526 3176 morem
1545 3119 1666 3191 gereret.
1689 3116 1728 3171 lia

71 3224 119 3280 per
131 3210 353 3264 resurrectionem
368 3210 473 3266 Christi
492 3225 567 3265 emm
587 3224 670 3280 penus
685 3211 822 3264 bominum
878 3212 1006 3284 insuper,
1027 3228 1115 3285 quam
1136 3227 1204 3284 erga
1227 3210 1381 3267 Ecclesiam
1405 3208 1509 3266 Christi
1528 3207 1636 3263 habere
1659 3220 1727 3261 eum

71 3301 98 3354 rt
116 3299 163 3369 (lle
181 3300 292 3353 Peccato
311 3298 450 3368 ampiecti,
473 3314 501 3353 n.
524 3301 578 3368 12).
599 3299 665 3353 llaec
683 3295 822 3370 Angusti—
878 3301 1035 3371 oportebat,
1050 3299 1195 3357 charitatis
1209 3300 1370 3357 sollicitudo
1380 3299 1500 3355 minime
1509 3297 1684 3369 patiebatur,
1695 3298 1728 3350 ut

71 3385 152 3443 robus
164 3385 195 3440 in
210 3385 289 3453 locis,
306 3402 430 3458 quorum
442 3385 562 3459 quidem
577 3387 667 3442 altero
680 3386 822 3442 nonnulla
878 3391 947 3446 dum
961 3390 1081 3445 istarum
1095 3390 1301 3446 sententiarum
1316 3386 1582 3445 contentiosissimis
1597 3383 1727 3440 assertio·

74 3474 217 3548 capitibus
230 3491 291 3530 esse
305 3480 435 3544 testatur,
450 3493 515 3549 quae
526 3492 586 3533 non
602 3475 737 3532 meminit
750 3493 822 3532 con·
878 3479 963 3534 nibus
973 3479 1035 3552 jam
1045 3495 1251 3552 usquequaque
1260 3478 1436 3534 ferventibus
1445 3477 1605 3532 multorum
1616 3471 1728 3528 animos

71 3564 152 3638 gatis
166 3564 363 3621 ecelesiasticis
380 3565 493 3621 concilii
511 3566 597 3638 hujus
615 3565 822 3639 Carthaginen-
878 3568 1061 3624 infirmorum
1081 3568 1262 3639 perturbatos
1283 3569 1422 3632 cerneret,
1439 3564 1493 3621 sibi
1509 3561 1624 3619 interim
1640 3561 1726 3616 silan·

71 3652 165 3726 dipsa
179 3653 296 3726 quidem
312 3670 371 3710 non
389 3654 570 3724 interfuerat,
584 3655 634 3710 sed
648 3671 714 3710 cum
727 3654 822 3710 venis·
878 3655 952 3712 tium
971 3655 1127 3728 imperaret
1148 3657 1194 3726 (De
1215 3655 1302 3713 aestu
1323 3655 1439 3722 Pelagii,
1459 3669 1487 3708 u.
1508 3651 1553 3724 25)
1574 3666 1581 3705 ι
1603 3648 1727 3706 maxime

71 3741 243 3815 rtlraginem,
260 3743 360 3798 eadem
379 3747 457 3815 gesta
475 3747 658 3798 recensuerat
671 3744 716 3815 (lle
736 3744 822 3802 Gestis
877 3761 1024 3801 varocum
1038 3744 1106 3800 novi
1118 3744 1162 3800 illi
1175 3742 1305 3800 heretici
1318 3743 1453 3799 doctrines
1463 3738 1727 3812 suoeviruspublice

71 3832 138 3901 tu.
159 3831 216 3903 23).
239 3831 326 3904 Atqui
349 3831 514 3888 Coelestium
537 3831 568 3887 in
593 3849 627 3888 eo
656 3832 822 3888 convincere
879 3851 910 3889 ac
925 3833 1069 3906 privatim,
1089 3850 1148 3888 non
1166 3833 1229 3889 riva
1247 3849 1316 3888 voce
1334 3824 1525 3900 uniumsee
1547 3830 1634 3886 etiam
1648 3828 1728 3885 libris

71 3918 160 3979 meite
174 3920 236 3987 fuit,
252 3920 396 3992 corrigere
410 3937 477 3977 vero
492 3937 684 3993 nequaqnam.
696 3922 826 3994 Quapro,
878 3927 1056 3996 spargerent,
1071 3922 1175 3996 hisque
1189 3938 1222 3979 eo
1238 3921 1331 3995 magis
1344 3921 1446 3992 noxiis,
1462 3937 1519 3994 quo
1533 3919 1635 3992 majori
1648 3918 1727 3974 calli-

71 4009 563 4083 amauditus,convictusque,atque
574 4010 661 4067 etiam
672 4011 823 4084 opiniones
879 4011 966 4068 ditate
981 4015 1067 4083 atque
1086 4011 1206 4067 artificio
1226 4016 1308 4066 erant
1323 4011 1422 4083 scripti
1440 4010 1601 4077 (Possidius,
1617 4011 1647 4064 ia
1665 4009 1729 4063 Vita

71 4099 197 4155 unfessus
213 4105 296 4164 esset,
314 4100 450 4156 damnata
467 4108 544 4168 sunt,
560 4115 686 4172 quorum
700 4099 822 4156 insimu·
879 4103 1040 4170 Augustini,
1054 4116 1083 4156 u.
1098 4103 1153 4170 il).
1169 4102 1258 4156 Porro
1270 4099 1347 4155 inter
1361 4100 1423 4170 illa,
1433 4115 1499 4171 que
1507 4096 1665 4154 refutandis
1680 4098 1729 4151 Pe-

71 4188 165 4259 barat,
179 4190 313 4261 dogmata
331 4192 433 4262 (Epist.
451 4192 514 4257 ¹57,
529 4206 558 4245 u.
573 4189 635 4261 22);
650 4189 712 4260 ipse
727 4194 823 4245 autem
880 4188 1011 4261 lagianis,
1027 4189 1227 4261 soluendisque
1246 4188 1402 4246 ldarcellini
1421 4187 1629 4260 questionibus
1646 4201 1728 4240 com·

71 4275 129 4333 avit
150 4277 269 4350 dignam
291 4294 343 4333 sua
366 4278 553 4349 perversitate
576 4278 750 4335 sententiam
777 4279 823 4350 (lie
880 4280 1021 4333 mentatas
1036 4281 1088 4343 est,
1109 4277 1241 4333 ordinem
1259 4278 1368 4333 ducunt
1386 4277 1453 4333 libri
1467 4277 1525 4332 duo
1546 4279 1584 4332 lie
1602 4278 1726 4332 Peccato-

83 4365 201 4434 Pelagii,
223 4382 252 4422 u.
277 4365 333 4438 46),
363 4365 664 4422 excommunicationis
691 4366 825 4423 videlicet
878 4383 941 4423 rum
953 4368 1057 4423 meritis
1069 4370 1095 4423 et
1109 4368 1275 4427 remissione.
1290 4367 1335 4422 Sic
1347 4366 1423 4422 enim
1438 4381 1486 4421 eos
1500 4365 1529 4420 in
1544 4362 1728 4421 Retractatio·

73 4453 230 4511 mulctatus
244 4455 488 4525 (ltetrmtotiooum
502 4456 550 4511 tib.
567 4459 596 4523 i,
610 4471 672 4527 cap.
687 4457 744 4529 33).
761 4456 823 4522 Quo
879 4456 965 4512 nibus
978 4461 1126 4527 nuncupat
1140 4455 1383 4527 (Retractotiouum
1397 4456 1446 4510 tib.
1460 4457 1489 4524 2,
1501 4469 1560 4524 cap.
1576 4452 1621 4525 33)
1638 4469 1645 4507 :
1659 4451 1728 4508 alibi

71 4539 166 4597 udicio
181 4541 315 4596 abscessit
335 4541 461 4611 infamis,
477 4547 507 4599 et
527 4543 655 4617 profugit
677 4560 711 4599 ex
730 4544 824 4600 Africa
879 4550 987 4613 tamen,
1010 4548 1047 4601 lie
1069 4547 1208 4616 baptisma
1223 4546 1417 4615 paruulorum3
1432 4560 1489 4616 quo
1509 4542 1625 4598 cosdem
1645 4540 1728 4597 titulo

71 4643 107 4697 sa,
119 4631 151 4685 ia
160 4629 320 4702 Apologia).
881 4633 1068 4705 Hieronymus
1081 4634 1207 4705 appellat
1217 4636 1326 4704 (Contra
1339 4634 1443 4700 Petam,
1456 4632 1563 4698 diatopo
1577 4633 1603 4697 3,
1615 4646 1676 4701 cap.
1689 4630 1728 4702 t).

71 4717 108 4775 tsi
125 4717 176 4791 qui
190 4719 344 4791 Pelagiauo
359 4720 449 4775 errori
466 4735 527 4776 sese
542 4721 713 4778 imbuendos
731 4721 821 4777 tradi·
879 4725 975 4778 Primo
990 4723 1062 4778 libro
1082 4723 1268 4790 demonstrat,
1286 4720 1409 4777 mortem
1431 4720 1558 4776 hominis
1581 4718 1679 4775 venire
1693 4735 1729 4775 ax

71 4810 89 4881 l,
103 4807 256 4881 pauciores
269 4807 346 4865 baud
361 4807 447 4864 dubie
461 4809 657 4882 reperirentur
672 4810 703 4866 in
716 4812 821 4879 Africa,
880 4811 984 4867 merito
998 4812 1106 4884 peceati
1119 4813 1198 4880 Adae,
1214 4828 1247 4867 eo
1262 4810 1348 4867 etiam
1363 4815 1478 4880 peccato
1492 4814 1583 4865 totam
1594 4808 1671 4863 illius
1685 4811 1728 4863 te-

71 4895 190 4955 Goelestii
198 4897 439 4954 condemnatione
451 4898 589 4970 deterriti,
597 4900 660 4971 jam
671 4916 729 4956 non
738 4903 824 4958 aude·
880 4900 943 4955 neri
957 4899 1075 4972 stirpem
1089 4899 1269 4968 obstrictam
1286 4904 1372 4971 atque
1387 4898 1493 4954 idcirco
1507 4897 1647 4969 baptizari
1661 4912 1728 4968 par-

71 4989 147 5042 intre
160 4985 292 5041 Ecclesiae
307 4987 537 5043 fundatissimam
546 4987 634 5044 fidem
644 4989 700 5044 nisi
714 4991 822 5046 occulte
879 4989 970 5057 vulos,
986 4991 1018 5043 ut
1029 4988 1138 5061 pcccati
1152 4989 1194 5043 sui
1208 4988 1356 5059 originalis
1364 4987 1565 5044 remissionem
1577 4986 1727 5058 accipiant.

71 5089 124 5132 are
137 5073 238 5147 (Epist.
257 5078 317 5144 157,
332 5092 361 5132 a.
379 5078 423 5147 ia)
439 5094 446 5131 z
469 5079 596 5133 attamen
618 5077 743 5134 decrerit
757 5095 822 5134 san·
879 5077 1009 5135 Secundo
1024 5081 1120 5133 autem
1135 5077 1227 5144 docet,
1243 5077 1392 5132 hominem
1406 5076 1437 5132 in
1450 5077 1504 5133 bec
1517 5077 1577 5131 rita
1589 5076 1651 5131 sine
1663 5089 1728 5145 pec·

71 5161 177 5219 mistas
196 5180 300 5219 novam
312 5164 456 5234 heresim,
477 5165 569 5237 ipsius
588 5166 703 5238 quidem
715 5167 823 5238 judicio
878 5169 942 5226 cato
954 5181 1015 5222 esse
1028 5182 1111 5238 possa
1124 5181 1177 5237 per
1191 5165 1242 5220 liei
1255 5164 1375 5236 gratiam
1390 5171 1420 5221 et
1436 5165 1561 5222 liberum
1574 5179 1658 5219 suum
1677 5177 1727 5217 ar·

71 5266 137 5308 rem
150 5268 234 5324 eaque
244 5257 331 5326 atque
341 5253 471 5326 impiam,
487 5253 628 5310 instanter
639 5270 821 5327 oppugnare;
879 5253 1009 5322 bitrium,
1024 5269 1084 5308 non
1097 5257 1194 5308 tamen
1207 5268 1268 5308 esse
1287 5268 1464 5325 quemquam
1477 5252 1508 5307 in
1526 5253 1579 5307 bac
1592 5250 1650 5305 vita
1665 5248 1726 5304 sine

71 5340 104 5397 ris
114 5341 173 5397 -boc
183 5342 265 5414 prius
276 5358 334 5397 noa
348 5347 446 5415 ageret
460 5342 515 5398 nisi
528 5343 708 5399 sermonibus
724 5348 753 5399 et
766 5347 822 5402 col·
840 5347 845 5356 '
880 5344 938 5399 ullo
952 5358 1071 5414 prorsus
1083 5347 1215 5414 peccato;
1228 5342 1296 5414 quia
1305 5358 1391 5398 nemo
1406 5341 1443 5396 sit
1457 5339 1507 5413 qui
1523 5343 1634 5395 tantum
1646 5337 1726 5405 velit,

71 5430 175 5499 unibus,
197 5432 247 5488 ubi
271 5433 455 5489 commodum
478 5436 563 5504 atque
589 5433 658 5488 utile
681 5432 824 5490 videretur
879 5434 1019 5503 quantum
1032 5447 1077 5486 res
1098 5431 1195 5503 exigit,
1210 5432 1278 5487 dum
1298 5432 1342 5487 vel
1366 5430 1436 5486 latet
1457 5429 1657 5500 quodjustum
1672 5430 1724 5493 est,

71 5522 216 5579 merum
229 5522 279 5578 tib.
298 5525 327 5594 2,
339 5537 400 5604 cap.
417 5521 473 5594 33).
487 5522 541 5578 Sed
554 5521 653 5578 oborta
667 5537 732 5578 mox
745 5538 821 5595 qua·
880 5521 924 5576 vcl
937 5520 1030 5578 iacere
1043 5537 1104 5577 non
1117 5521 1256 5589 delectat;
1271 5519 1395 5592 denique
1415 5535 1473 5575 uno
1488 5521 1604 5588 excepto
1619 5517 1726 5574 ldedia-
