3884 6112
84 180 137 282 arr
801 227 907 285 urana
927 226 1113 286 sarriana.
1624 246 1634 263 ·-
1790 233 1842 288 ns

85 344 203 412 obtulit,
218 345 268 400 ubi
288 362 354 418 ques
372 345 553 415 Priscilliani,
569 363 668 419 quseve
684 349 815 421 origenis
827 365 938 405 venena
990 354 1081 420 secun
1103 355 1143 406 est
1164 351 1284 406 minium
1306 364 1368 405 rens
1389 350 1498 422 (Jacobi
1522 367 1552 418 u,
1579 352 1631 424 tO).
1656 353 1743 408 Hosce
1757 354 1845 410 libros

85 433 253 507 Hispaniam
263 450 298 489 eo
312 440 442 507 tempore
452 434 630 504 infestarent,
647 443 818 508 exposuerat
831 438 935 510 (leid).
992 440 1181 513 Hieronymus
1192 454 1249 493 non
1260 438 1320 493 sine
1335 438 1451 494 honoris
1465 438 1666 495 testificatione
1681 447 1842 496 memorat:

88 522 220 580 Piscendi
230 523 373 595 cupiditas
387 524 446 590 illa,
467 540 525 596 qua
533 523 673 596 flagrabat
684 526 810 597 Orosius,
821 543 880 582 non
889 544 938 599 po·
992 529 1121 584 sediliis
1144 528 1315 599 respondere
1342 544 1375 582 eo
1399 528 1548 593 recusavit,
1573 528 1650 600 quod
1674 528 1769 600 nequ‘e
1788 529 1843 585 sibi

89 616 163 668 terat
175 629 235 667 non
253 629 314 668 esse
328 613 524 684 acceptissima
538 615 698 685 Augustino
714 631 721 669 ε
739 615 762 669 is
781 632 849 687 ergo
862 616 938 671 illius
992 616 1083 671 otium
1099 617 1134 671 ad
1150 616 1177 670 id
1196 616 1386 671 necessarium
1404 621 1580 688 suppeteret,
1600 632 1695 688 neque
1711 615 1843 672 utilitati·

90 699 193 772 optatis
211 704 245 754 ut
263 701 445 768 satisfaceret,
463 701 579 771 librum,
595 702 641 757 cui
655 702 755 758 titulus
770 708 823 771 est,
839 705 939 762 Contra
992 705 1045 759 bus
1069 704 1199 760 Ecclesia
1220 705 1399 779 conduceret,
1424 705 1616 777 Augustinum
1641 721 1674 761 ac
1704 705 1843 776 Hierony·

88 790 314 845 PrOctHionr'stus
325 793 352 844 ct
365 790 544 857 Oripenistus,
558 790 682 862 scripsit,
695 796 780 863 atque
795 791 851 864 ipsi
862 808 938 846 nun·
992 809 1084 861 mum,
1099 795 1143 848 vel
1155 793 1186 847 iu
1201 793 1338 858 minimis,
1360 793 1497 864 opinione
1512 793 1617 849 divisos
1628 793 1727 849 videri.
1739 795 1772 848 Et
1789 793 1845 848 hoc

88 877 203 948 cuparii
213 878 319 933 Oresio.
334 879 365 932 ln
381 893 415 933 eo
426 883 532 949 quante
542 879 706 950 potuittum
717 880 864 946 brevitate,
876 885 938 935 tum
993 882 1067 936 forte
1081 883 1252 952 Augustino,
1269 886 1461 954 preterquam
1477 882 1554 954 quod
1574 882 1655 936 illum
1678 881 1733 936 sibi
1747 881 1782 937 de
1797 880 1842 936 his

87 965 290 1037 perspicuitate
307 983 386 1033 usus,
403 967 473 1021 nihil
489 968 548 1022 fere
562 969 697 1023 adversus
711 968 939 1023 Priscillianista·
992 970 1144 1041 aliquando
1155 986 1358 1041 responsurum
1368 970 1511 1041 sperabat,
1523 970 1704 1041 potissimum
1714 969 1746 1024 in
1757 985 1841 1024 causa

87 1071 154 1110 rum
177 1071 288 1110 errores
311 1056 397 1124 dixit,
418 1072 451 1110 eo
475 1057 551 1127 quod
573 1057 632 1111 suis
654 1061 754 1112 contre
769 1057 939 1112 Manichaeos
994 1057 1058 1127 fuit,
1073 1074 1123 1112 cur
1137 1059 1326 1113 eosdemillos
1341 1059 1440 1128 libros,
1451 1059 1546 1130 quoad
1558 1058 1627 1112 vixit
1641 1058 1842 1130 Hieronymus,

88 1144 342 1214 disputationibus,
362 1162 432 1217 quas
452 1146 568 1201 Orosius
583 1147 698 1217 veljam
711 1146 824 1218 legerit,
838 1148 882 1201 vel
897 1149 939 1202 lc·
992 1146 1414 1218 publicijurisfacerenoluerit
1428 1147 1521 1217 (Apud
1532 1147 1662 1216 August,
1674 1148 1763 1216 Epist.
1781 1149 1842 1214 172,

88 1247 157 1303 gere
168 1233 318 1289 commode
333 1233 564 1304 possit,stabilita
573 1235 714 1306 principia
724 1235 940 1307 essent,quibus
993 1253 1022 1291 n.
1038 1224 1197 1302 l3Hetrcct.
1206 1237 1252 1290 tib.
1261 1235 1534 1305 2,cnp.l5).Eainde
1544 1235 1621 1289 enim
1635 1240 1772 1290 uteorum
1779 1249 1846 1304 apo·

88 1321 184 1393 stipsi
200 1321 421 1377 Priscillianistae
438 1323 627 1394 profligantur
645 1323 761 1396 (Contra
780 1326 898 1380 Priscill.
915 1328 941 1379 et
995 1324 1534 1397 graphumcuipiamdaret‚nonmodo
1545 1323 1640 1378 induci
1652 1339 1709 1377 non
1721 1325 1845 1394 poterat,

89 1410 249 1477 Otiosum.
265 1410 300 1480 l).
313 1411 347 1464 In
357 1410 543 1478 tine,dumdc
553 1411 711 1466 coelestium
720 1412 872 1482 spirituum
885 1412 941 1467 dis·
995 1414 1044 1468 sed
1068 1430 1160 1486 neque
1183 1413 1281 1468 amicis
1302 1412 1434 1467 credebat
1456 1413 1573 1467 domum
1597 1410 1795 1466 deferendos:
1816 1410 1846 1466 id

89 1496 228 1552 tinctione
251 1497 390 1569 loquitur,
414 1499 532 1570 pulchre
548 1499 703 1555 admodum
723 1500 758 1555 de
774 1499 941 1573 hujusmodi
994 1503 1218 1576 gratissumum
1233 1502 1401 1570 concedens,
1417 1505 1449 1555 ut
1461 1502 1577 1555 eosdem
1592 1501 1698 1555 lectum
1709 1499 1745 1553 ad
1757 1514 1786 1554 se
1799 1515 1846 1553 ve·

90 1586 300 1659 quaestionibus
314 1587 452 1655 obscuris,
471 1588 568 1662 eisque
588 1604 647 1644 non
658 1589 835 1659 necessariis,
852 1590 940 1645 disse·
994 1591 1099 1647 nirent.
1117 1592 1238 1646 Certein
1253 1592 1306 1646 hec
1320 1595 1411 1662 parte,
1428 1594 1581 1661 antequam
1594 1586 1760 1660 Hieronymi
1771 1585 1843 1642 litte-

90 1674 128 1728 rit
143 1688 151 1731 :
168 1690 200 1729 ac
212 1674 338 1746 ingenue
353 1676 458 1730 fatetur
469 1677 579 1744 Oresio,
594 1677 629 1731 ad
640 1678 712 1733 illud
727 1678 899 1750 respondere
912 1695 940 1733 sc
994 1697 1040 1734 ras
1055 1681 1151 1750 (Apud
1164 1682 1294 1749 Annaei,
1312 1682 1399 1748 Epist.
1416 1679 1478 1749 lli)
1493 1678 1720 1748 accepisset,sese
1727 1676 1846 1747 gerebat

90 1762 263 1835 nentiquam
286 1781 377 1836 posse.
398 1766 463 1831 Ono,
488 1765 593 1837 inquit,
615 1781 656 1820 me
676 1771 838 1833 contemnas,
864 1781 941 1836 quem
994 1769 1111 1823 liberius
1129 1784 1214 1823 :nam
1230 1767 1380 1822 iuteralios
1395 1767 1557 1836 complures
1571 1765 1668 1831 libros,
1681 1781 1757 1837 ,quos
1772 1765 1844 1819 Ero·

90 1868 220 1920 magnum
232 1858 313 1923 putus
327 1869 382 1909 csse
392 1853 534 1914 doctrrcm,
546 1869 669 1923 quanam
681 1857 737 1910 ista
751 1857 817 1921 sint,
833 1858 859 1915 et
873 1854 942 1924 quid
996 1857 1043 1912 dio
1055 1857 1256 1912 describendos
1267 1856 1358 1924 offert,
1370 1855 1422 1910 hos
1434 1869 1550 1927 quoque
1561 1857 1733 1909 annumeret
1741 1853 1844 1924 (Epist.

90 1943 163 1997 inter
183 1956 211 1996 sc
233 1941 378 2011 differunt,
401 1944 490 1997 nescio
516 1942 609 2013 (leid,
632 1958 661 1997 n.
692 1944 745 2014 ll).
774 1943 851 1998 Alibi
873 1959 943 2014 quo·
998 1949 1058 2014 les,
1081 1963 1108 2001 n.
1131 1946 1183 2018 13).
1209 1946 1325 2001 Videtur
1345 1945 1421 1999 idem
1446 1944 1480 1998 ab
1505 1943 1678 2014 Hieronymo
1693 1936 1866 1996 traductio?

90 2045 147 2102 que
159 2029 285 2085 fructum
304 2030 380 2085 hunc
393 2031 517 2086 aflirmat
530 2047 563 2086 ex
579 2047 630 2086 sua
645 2031 877 2103 peregrinatione
892 2048 940 2085 ca·
996 2051 1063 2090 nem
1086 2035 1273 2107 Septuaginta
1296 2033 1497 2106 interpretum,
1523 2031 1558 2086 ab
1578 2047 1612 2086 eo
1627 2031 1741 2097 factam,
1758 2033 1846 2100 atque

90 2122 211 2189 pturum
227 2117 311 2174 tuisse
335 2118 477 2186 Orosium,
502 2121 578 2190 quod
591 2120 659 2187 illis,
683 2135 747 2191 quoe
763 2119 797 2175 de
818 2137 847 2175 se
867 2121 942 2175 fama
999 2123 1139 2178 asteriscis
1150 2122 1332 2195 verubusque
1344 2121 1579 2192 distinctam,per
1588 2119 1722 2176 Orosium
1732 2116 1848 2189 petiisse

91 2207 230 2280 vulgabit,
239 2209 355 2279 posthac
365 2225 423 2265 non
433 2212 546 2263 tantum
556 2209 622 2264 fidei
636 2209 673 2263 sit
682 2208 831 2264 habiturus
843 2211 940 2280 (Epist.
998 2215 1095 2283 (Epist.
1116 2216 1175 2280 ¹72,
1190 2229 1217 2267 n.
1229 2213 1257 2283 i)
1274 2228 1281 2266 :
1295 2226 1404 2266 necnon
1416 2209 1548 2281 epistulas
1558 2208 1669 2280 aliquot
1678 2213 1740 2262 tum
1750 2205 1784 2261 sd
1793 2204 1848 2260 vir·

94 2299 157 2364 soe,
180 2313 209 2352 n.
232 2300 269 2366 2).
300 2297 370 2353 Huic
390 2297 523 2353 tractatui
545 2298 722 2370 Augustinus
747 2299 842 2354 locum
872 2297 943 2353 assi·
998 2302 1093 2372 ginem
1111 2300 1306 2366 Eustochium,
1322 2300 1430 2353 tumnd
1441 2298 1527 2370 hujus
1538 2301 1661 2352 matrem
1675 2292 1847 2364 PaulamJ'u·

92 2390 164 2456 gnat
181 2384 258 2440 inter
271 2402 331 2451 eos,
354 2403 425 2458 quos
445 2403 519 2441 anno
535 2387 817 2460 quadringentesimo
832 2387 944 2442 decimo
998 2389 1108 2443 niorem
1128 2387 1283 2458 scripsisse,
1309 2386 1413 2467 quibus
1437 2385 1509 2449 illas,
1523 2388 1553 2438 ut
1567 2369 1722 2455 pro‘cedere
1739 2397 1772 2437 ac
1786 2395 1850 2452 pro·

92 2476 195 2547 quinto
206 2474 387 2546 composuit:
404 2491 527 2548 cumque
542 2476 651 2531 editum
662 2492 729 2531 enm
745 2479 875 2546 oporteat
885 2491 944 2530 non
998 2477 1078 2550 gredi
1093 2477 1123 2532 in
1138 2476 1242 2531 virtute
1260 2479 1424 2547 pergerent,
1440 2474 1651 2529 adhortaretur.

93 2563 186 2617 multo
201 2567 267 2633 post
286 2562 377 2619 Orosii
394 2564 548 2618 adrentum
572 2564 602 2619 in
625 2564 760 2627 Africam,
783 2580 835 2618 cnr
856 2563 944 2619 hicin
1035 2570 1059 2620 5.
1074 2566 1120 2620 Ad
1142 2565 1324 2620 scribendum
1339 2564 1445 2625 librum
1459 2563 1494 2617 de
1511 2563 1619 2617 Natura
1633 2564 1662 2615 et
1675 2559 1772 2617 Gratia
1787 2559 1848 2632 jam

93 2651 348 2723 comprovinciam
363 2651 443 2722 prius
453 2652 554 2707 eodem
568 2668 644 2707 auno
660 2653 944 2724 quadringentesimo
999 2655 1070 2710 forte
1079 2654 1255 2724 Augustinus
1266 2668 1415 2725 aggressus
1425 2655 1496 2717 erat,
1512 2666 1577 2705 cum
1592 2666 1625 2704 rx
1640 2649 1735 2704 Africa
1749 2648 1850 2704 disces·

94 2740 208 2796 decimo
223 2741 323 2813 quinto
338 2741 447 2795 venisse
467 2741 604 2798 dicendus
624 2743 668 2810 sit,
684 2759 742 2798 non
757 2742 895 2798 videmus.
999 2744 1036 2799 sit
1050 2742 1175 2799 Orosius.
1194 2741 1244 2796 Hic
1258 2741 1336 2796 enim
1350 2757 1409 2794 non
1423 2740 1462 2794 ita
1478 2740 1567 2793 multo
1577 2741 1650 2809 post,
1660 2736 1786 2808 quamiu
1800 2737 1850 2790 Pa·

129 2831 158 2883 l.
175 2829 233 2883 Etsi
248 2845 335 2900 quem
349 2846 380 2884 ea
397 2829 578 2901 navigatione
600 2847 651 2885 sua
669 2831 795 2886 fructum
809 2832 863 2887 sibi
882 2847 947 2903 pro·
999 2832 1140 2888 laestinnm
1168 2829 1359 2902 pervenisset,
1390 2829 1515 2898 ipsomet
1539 2825 1655 2893 Pelagio
1687 2826 1847 2896 praesente,

95 2918 213 2974 miserat
226 2918 353 2982 Orosius,
378 2936 443 2974 eum
468 2920 582 2975 abunde
602 2920 662 2974 riso
681 2920 838 2992 auditoque
850 2923 946 2992 Augu·
1000 2924 1129 2976 sanctum
1141 2918 1430 2988 Antistitemhnjnsce
1444 2914 1658 2979 haereticilibro,
1669 2911 1850 2967 sibiabillius

96 3009 172 3063 atino
193 3007 374 3079 perciperet:
398 3009 573 3081 Augustinus
588 3013 694 3073 tamen,
712 3009 762 3081 qui
781 3024 847 3063 eum
863 3011 947 3064 vellet
1002 3008 1147 3079 discipulis
1171 3007 1286 3071 tradito,
1312 3006 1478 3061 eorumdem
1505 3007 1604 3076 rogatu
1626 3000 1790 3073 plenissime
1805 3017 1851 3056 re·

97 3098 182 3169 pleno
196 3097 296 3152 fenore
310 3097 487 3170 locupletari,
504 3114 562 3152 non
577 3101 727 3153 contentus
740 3100 782 3154 illi
797 3098 946 3154 tradidisse
1001 3099 1142 3169 spondere
1172 3096 1324 3152 affirmarit
1349 3096 1485 3168 (Orosius,
1515 3095 1546 3148 in
1568 3092 1726 3162 Apologia.)
1745 3090 1800 3144 Per
1823 3088 1852 3144 id

96 3203 162 3259 ques
177 3190 304 3253 noterat,
320 3186 374 3258 ipsi
387 3188 494 3242 fontem
505 3188 694 3255 uberrimum,
714 3190 790 3243 unde
806 3187 945 3260 quidquid
1002 3183 1417 3258 quoquetemporisdesoripto
1429 3181 1553 3253 quodam
1561 3177 1714 3251 Augustini
1724 3177 1852 3250 loquitur

98 3277 146 3331 abs
159 3292 190 3331 sc
203 3276 298 3331 doceri
312 3292 394 3347 posse
407 3293 465 3330 non
478 3277 609 3347 putabat,
625 3276 700 3330 facili
715 3276 831 3350 negotio
846 3276 947 3332 hauri·
1003 3275 1203 3347 Hieronymus,
1220 3273 1297 3345 qnod
1318 3273 1450 3327 nondum
1473 3270 1527 3325 sibi
1552 3269 1582 3324 in
1598 3284 1699 3324 manus
1724 3270 1851 3337 venerat,

97 3370 151 3433 ret,
165 3364 318 3431 indicavit,
333 3371 418 3436 atque
437 3370 469 3419 ut
490 3365 696 3437 Hieronymum
712 3365 885 3425 conveniret.
906 3369 948 3420 est
1002 3365 1136 3437 quodque
1148 3362 1296 3434 Pelagium
1312 3365 1386 3416 recta
1400 3361 1570 3432 impugnare
1582 3357 1725 3412 ferebatur
1743 3355 1853 3427 (Contra

99 3455 274 3510 adhortatus.
300 3453 331 3509 ld
356 3454 508 3525 Augustini
532 3454 590 3508 sive
614 3454 775 3516 consilium,
802 3453 860 3508 sire
874 3469 948 3526 prae-
1003 3453 1105 3520 Peleo..
1120 3452 1188 3506 dict.
1204 3454 1230 3518 3,
1246 3465 1306 3519 cup.
1323 3451 1361 3520 6).
1372 3448 1549 3519 Augustinus
1561 3445 1692 3499 similiter
1706 3445 1801 3500 eidem
1817 3443 1852 3499 li·

100 3548 225 3615 ceptum,
243 3558 330 3613 qnam
345 3542 466 3597 libenter
476 3543 585 3615 accepit
601 3542 726 3610 Orosius,
741 3543 825 3615 eique
837 3559 948 3598 morem
1003 3541 1054 3596 bro
1069 3543 1163 3595 locum
1175 3555 1223 3593 eos
1239 3538 1322 3604 inter,
1349 3552 1472 3608 quornm
1488 3534 1608 3606 epistola
1622 3549 1699 3588 anno
1714 3531 1852 3603 quadrin-

100 3647 199 3704 gerere
213 3631 296 3686 laetus
318 3630 450 3686 decrevit.
477 3632 560 3685 lllnm
584 3637 696 3686 sanctus
720 3632 855 3697 Antiates,
871 3631 949 3685 utin
1003 3629 1162 3702 gentesimo
1178 3625 1403 3696 decimoquinto
1419 3628 1545 3678 vertente
1562 3623 1626 3678 data
1642 3620 1783 3687 meminit,
1799 3636 1854 3691 po·

101 3721 194 3776 reditu
209 3719 290 3791 prius
304 3720 339 3774 ad
354 3736 384 3775 se
396 3719 656 3791 diverteret,quam
667 3720 695 3774 in
707 3719 829 3791 patriam
844 3735 950 3774 remea·
1004 3723 1141 3773 strumum
1157 3715 1293 3787 assignat.
1309 3712 1418 3785 Pelagii
1429 3713 1535 3768 librum
1545 3710 1706 3782 Augustino
1717 3708 1854 3799 miserant

101 3814 153 3873 ret,
172 3808 300 3880 rogarit;
321 3810 397 3880 quod
421 3824 450 3863 se
473 3809 671 3880 prestiturum
693 3809 801 3881 recepit
821 3809 948 3864 Orosius.
1003 3805 1143 3862 Timasius
1156 3808 1185 3858 et
1200 3803 1320 3859 lacobus
1341 3803 1387 3874 (Oc
1401 3805 1510 3859 Natura
1524 3801 1652 3866 sitiret,
1668 3815 1696 3854 n.
1715 3801 1741 3869 l)
1756 3798 1854 3854 adole-

101 3899 258 3968 Augustino
271 3902 437 3969 pergratum
453 3897 677 3970 fuit,quodea1n
692 3899 869 3954 occasionem
884 3899 950 3953 Hie·
1004 3899 1113 3950 scentes
1127 3890 1325 3947 honestissime
1335 3890 1405 3959 nati,
1420 3894 1448 3945 et
1462 3888 1598 3944 institutis
1614 3886 1779 3944 liberalibus
1793 3901 1855 3945 eru·

101 4000 221 4055 ronymo
238 3985 430 4041 dubitationes
444 4003 509 4040 suas
522 3987 702 4058 proponendi
714 3987 926 4042 nancisceretur
941 4004 948 4043 :
1005 3983 1057 4038 diti
1070 3983 1169 4053 (Epist.
1192 3983 1250 4048 lis,
1273 3997 1301 4035 n.
1322 3979 1360 4049 i),
1375 3978 1425 4050 qui
1441 3978 1592 4050 ipsiusmet
1605 3975 1713 4047 Pelagii
1726 3977 1854 4040 hortatus

101 4075 208 4130 etenim
221 4090 275 4146 pro
288 4091 401 4130 summo
416 4091 466 4129 suo
481 4075 511 4129 in
533 4076 682 4129 veritatem
697 4075 803 4143 studio,
828 4076 950 4130 multum
1005 4071 1085 4127 omni
1096 4086 1145 4141 spe
1160 4067 1289 4124 soeculari
1303 4068 1421 4138 abjecta,
1438 4083 1498 4122 sess
1517 4066 1552 4122 ad
1564 4066 1613 4120 Dei
1629 4064 1777 4120 servitium
1787 4079 1855 4118 con-

101 4163 280 4220 desiderabat
297 4179 362 4217 cum
378 4180 411 4218 eo
427 4163 552 4235 colloqui
567 4179 619 4235 per
633 4163 760 4231 litteras3
777 4163 884 4234 quippe
899 4180 950 4218 cu·
1004 4159 1236 4228 tulerant(Epist.
1248 4159 1383 4224 lli,n.b;
1396 4157 1483 4226 Epist.
1494 4158 1590 4220 l79,n.
1605 4153 1647 4222 P).
1662 4149 1854 4207 Sedrixillise

98 4254 146 4325 jus
160 4252 311 4324 ingenium
323 4256 409 4324 atquc
425 4252 619 4308 eruditionem
634 4251 752 4323 plurimi
762 4251 892 4306 faciebat.
905 4253 953 4306 At·
1005 4248 1113 4320 Pelagii
1127 4263 1215 4319 opera
1238 4244 1423 4300 saecularibus
1438 4241 1558 4297 vinculis
1568 4239 1778 4312 expediverant,
1790 4253 1855 4292 cum

102 4341 151 4414 qui
170 4357 244 4411 opus
258 4341 293 4396 ad
312 4340 389 4395 istud
404 4345 464 4395 erat
484 4340 601 4395 homine
620 4341 655 4394 ad
670 4340 811 4411 agendum
833 4339 901 4406 fido,
916 4341 951 4394 ad
1006 4354 1035 4393 sc
1050 4336 1161 4408 laqueis
1175 4335 1266 4389 multo
1281 4332 1497 4396 funestioribus,
1514 4329 1650 4385 nimirum
1665 4326 1790 4382 inductae
1802 4341 1856 4396 per

102 4429 260 4502 parendum
276 4433 421 4499 prompto,
436 4428 614 4483 adferendos
629 4427 739 4482 itineris
752 4428 863 4482 labores
878 4444 953 4482 exer·
1006 4427 1089 4482 illum
1102 4422 1483 4493 haereseos,inrplicarunt;a
1496 4417 1599 4490 quibus
1610 4422 1706 4471 tamen
1722 4431 1771 4469 eos
1781 4415 1855 4470 Deus

103 4519 197 4574 citato.
209 4518 306 4572 Talem
316 4522 412 4572 autem
424 4517 535 4589 jamdiu
548 4518 694 4588 quaerebat
704 4520 817 4571 sanctus
828 4518 951 4584 Prresul;
1007 4515 1114 4586 eripuit
1128 4513 1298 4569 subsidione
1312 4509 1427 4566 monitis
1438 4504 1601 4580 Augustini.
1618 4504 1668 4559 Hic
1678 4503 1753 4558 enim
1770 4503 1857 4558 inter·

102 4624 153 4663 nec
163 4607 218 4680 ipsi
228 4606 310 4662 facile
326 4607 500 4660 occurrebat.
513 4607 648 4671 Quocirca
660 4622 815 4661 aesomnes
826 4605 952 4677 aliasque
1006 4603 1099 4659 missis
1114 4601 1261 4658 confestim
1286 4615 1351 4672 qum
1366 4598 1396 4652 in
1411 4595 1543 4651 manibus
1562 4596 1652 4659 erant,
1677 4591 1785 4667 librum
1797 4607 1857 4647 non

104 4697 183 4752 dotes
203 4696 234 4751 in
256 4695 354 4751 Oresio
370 4695 461 4750 adhuc
471 4695 576 4766 juvene
594 4699 704 4758 nactus,
720 4694 802 4749 illam
817 4696 852 4750 ad
866 4711 895 4749 se
909 4695 953 4750 di·
1006 4691 1144 4749 mediocri
1160 4690 1319 4746 intentione
1333 4683 1455 4759 perlegit
1468 4684 1519 4754 (lie
1533 4684 1598 4739 Nat.
1619 4686 1645 4736 ct
1660 4681 1751 4752 Oret,
1765 4698 1793 4736 n.
1811 4680 1854 4752 l);

104 4785 170 4841 rino
186 4785 305 4840 consilio
326 4786 444 4857 hujusce
462 4784 504 4839 rei
524 4784 615 4855 gratia
634 4784 754 4839 missum
771 4784 951 4840 existimavit.
1007 4778 1326 4852 reperitquePebsgium
1338 4770 1609 4833 naturamhominis
1622 4775 1719 4825 contra
1731 4771 1780 4826 Oei
1791 4785 1856 4842 gra·

104 4875 234 4946 Arripuit
243 4875 332 4946 igitur
346 4875 535 4938 occasionem,
560 4889 592 4929 ac
613 4874 784 4946 Hieronymo
803 4875 955 4929 deferenda
1007 4859 1855 4942 tiamqnantapoteretargumentationedefendere(Hetruct.

105 4963 214 5018 curarit
222 4964 328 5034 scripta
338 4963 395 5019 duo
405 4963 594 5034 longiuscula,
606 4979 670 5034 qum
680 4963 768 5018 libros
781 4964 902 5035 ipsemet
909 4980 954 5018 vo·
1009 4960 1092 5025 tion,
1103 4957 1227 5027 cupii).
1242 4956 1267 5009 ls
1282 4957 1379 5008 antem
1389 4951 1529 5005 libererat
1538 4948 1643 5019 dialogi
1653 4948 1857 5019 forma,quem·

105 5052 174 5107 citat
188 5053 287 5122 (Epist.
300 5055 398 5115 littra
415 5055 445 5107 ¹3
456 5072 463 5119 3
474 5054 563 5122 Epist.
583 5055 643 5119 teu,
654 5069 681 5106 n.
699 5054 754 5121 20),
771 5052 954 5124 coquetitulo
1009 5047 1164 5102 admodum
1187 5059 1220 5098 ex
1246 5041 1313 5096 locis
1333 5039 1368 5093 ab
1390 5038 1550 5109 Augustino
1569 5037 1661 5092 citatis
1676 5035 1856 5106 intelligitur,

106 5141 133 5196 in
149 5141 409 5197 Hetractationibus
424 5141 483 5194 suis
498 5145 637 5208 recenset,
654 5141 784 5213 quamvis
798 5141 851 5195 hac
861 5144 956 5196 nostre
1009 5135 1204 5191 concinnatus.
1230 5132 1263 5185 ln
1278 5145 1312 5184 eo
1327 5127 1382 5183 sibi
1401 5127 1461 5199 ipse
1476 5125 1665 5200 quaestionem
1679 5125 1757 5180 illum
1771 5138 1858 5194 oppo-

106 5236 187 5287 aetate
209 5231 285 5286 inter
305 5230 382 5285 illius
405 5230 538 5302 epistolas
560 5235 749 5285 numerentur
771 5231 870 5300 (Epist.
894 5231 955 5299 166,
1009 5224 1095 5279 nebat
1117 5239 1123 5277 :
1150 5218 1295 5292 Numquid
1311 5217 1433 5289 gratiam
1448 5232 1507 5271 non
1522 5215 1694 5280 excluderet,
1712 5227 1777 5266 cum
1796 5210 1857 5310 sino

108 5321 176 5390 lul).
189 5319 396 5392 Hieronymum
407 5319 435 5373 in
448 5319 541 5391 primo
551 5320 675 5375 consulit
685 5320 720 5373 de
731 5319 842 5390 origiue
853 5317 956 5373 animm
1010 5314 1125 5385 peccato
1140 5309 1232 5364 vivere
1250 5307 1398 5363 hominem
1418 5320 1504 5376 posse
1524 5299 1730 5398 contenderet(
1752 5299 1807 5398 Cur
1816 5315 1859 5354 rer

106 5407 246 5474 hominis3
262 5408 291 5462 in
307 5409 503 5463 altercantem
518 5408 552 5463 de
563 5407 704 5462 sententia
716 5406 765 5460 illa
775 5404 880 5472 iacobi,
892 5406 957 5471 Qui·
1010 5399 1102 5457 verbis
1108 5398 1221 5454 disertis
1227 5396 1328 5470 gratiae
1335 5411 1419 5468 opem
1432 5394 1615 5463 divinamque
1632 5388 1858 5444 misericordiam

107 5512 215 5568 nmrquc
231 5500 315 5552 totum
330 5498 412 5566 legem
432 5499 590 5564 rennuerit,
609 5496 729 5565 offerrdut
747 5499 836 5551 autem
847 5497 876 5550 in
889 5509 954 5562 uno,
1012 5489 1201 5546 necessariam
1225 5503 1285 5543 esse
1306 5485 1503 5558 profitebatur.
1529 5476 1720 5551 Augustinum
1740 5477 1857 5550 quidem
