3884 6112
151 255 205 311 2311

151 389 266 448 semper
278 371 409 447 cooptari
431 371 550 429 solebat.
572 372 777 445 Episcopus-um
797 372 905 452 pariter
923 372 1003 427 ordi·

152 464 326 533 nationibus,
338 462 575 520 interdumetiam
586 463 767 517 basilicarum
778 461 1003 517 dedicationibus

151 553 298 621 intererat,
313 556 345 607 ut
357 551 453 608 videre
467 552 534 607 licet
551 552 582 606 in
598 552 718 622 epistola
730 552 765 605 ad
784 549 927 605 Nobilium
941 549 1002 621 epi·

151 651 268 714 scopum
279 640 376 712 (Epist.
389 640 518 712 269),qui
529 656 595 695 eum
606 641 640 695 ad
651 638 765 694 iubricae
776 655 836 693 susa
846 638 1001 694 dedicatio·

150 729 370 786 neminvitarat.
385 730 441 784 iter
451 733 509 783 tam
522 728 664 799 prolixum
677 727 856 799 deprecatur,
870 732 954 782 utens
963 727 1004 781 hi·

151 819 234 875 berni
247 817 386 889 temporis
401 833 517 889 suaeque
533 816 685 871 senectutis
704 815 900 884 excusatione3
916 832 945 871 se
959 819 1001 870 ta·

150 922 217 963 men
232 907 302 962 iliud
318 906 451 961 lubenter
462 909 661 975 suscepturum
677 904 786 972 scribit,
807 903 864 959 uisi
876 902 1003 975 eorporis

144 995 321 1050 -iniirmitate
333 992 550 1065 praepediretur.

184 1087 211 1141 t.
226 1083 380 1155 Apostolus
403 1081 559 1136 decernens
585 1081 685 1136 fideles
706 1096 763 1134 non
790 1081 865 1151 apud
885 1081 1002 1135 sacula-

148 1171 226 1227 rium
247 1170 469 1242 magistratuum
488 1169 654 1236 tribunalia,
674 1169 724 1224 sed
743 1185 758 1222 a
779 1168 955 1241 sapientibus
974 1175 1002 1225 et

148 1259 253 1316 sanetis
270 1258 361 1333 ipsius
380 1258 510 1314 Ecclesiae
520 1257 600 1325 airis,
612 1257 661 1329 qui
677 1257 708 1312 in
722 1257 792 1311 iocis
806 1256 999 1326 consisterent,

146 1348 270 1421 judicari
298 1348 412 1413 debere,
445 1346 587 1418 episcopis
613 1346 721 1401 alienas
743 1362 842 1402 causas
867 1346 1002 1402 audiendi

148 1438 349 1493 necessitatem
363 1435 501 1507 imposuit
516 1435 563 1506 (ile
573 1436 798 1506 operemaact„
810 1451 838 1490 e.
851 1435 905 1506 31).
919 1435 1000 1491 Chri-

148 1525 234 1581 stiani
243 1540 359 1598 qnoque
372 1524 560 1595 imperatores
571 1523 791 1596 haueepiscopis
798 1523 1000 1595 judicandipo·

144 1617 276 1670 testatem
288 1629 347 1669 non
355 1617 530 1669 unatantum
542 1612 605 1683 iege
616 1611 813 1668 firmaverant.
823 1613 1000 1683 Augustinus

147 1703 237 1775 igitur
250 1703 341 1757 sivea
364 1700 542 1768 Christianis,
559 1700 617 1756 sive
634 1717 651 1754 a
672 1700 795 1772 cujusvis
810 1705 893 1756 sectae
909 1701 999 1756 bomi-

146 1792 232 1847 nibus
248 1791 283 1846 ad
302 1805 402 1846 causas
427 1789 585 1845 audiendas
603 1789 809 1860 interpellatus,
826 1788 881 1844 iliis
900 1789 998 1844 sedatio

143 1881 278 1947 uacabal3
296 1882 323 1935 el
336 1879 390 1934 hoc
413 1878 638 1950 munc1·e,quod
663 1878 778 1949 pictatis
791 1893 849 1933 sum
871 1893 932 1934 esse
948 1877 999 1932 du·

34 2012 36 2016 .
144 1968 237 2036 cebet,
253 1967 387 2039 religiose
412 1967 597 2038 fungebatur.
612 1966 702 2022 Simul
723 1971 822 2022 tamen
836 1981 896 2038 prae
909 1965 998 2020 oeulis

142 2056 266 2113 babebat
279 2056 351 2111 iliud
365 2056 514 2127 enjusdam
533 2054 669 2109 aliatum:
684 2055 765 2110 liaile
780 2069 810 2109 so
829 2054 904 2109 inter
917 2054 998 2126 igno·

143 2150 198 2214 tos,
215 2160 301 2215 quam
322 2145 399 2200 inter
415 2144 522 2198 amicos
542 2158 642 2198 causas
664 2143 782 2198 audire:
806 2143 944 2214 quoniam
962 2143 996 2198 de

142 2233 297 2306 incognitis
309 2248 387 2302 eum,
402 2231 561 2287 secundum
580 2246 666 2302 quem
682 2247 713 2284 ex
726 2231 800 2301 juris
816 2247 917 2286 norma
931 2248 995 2286 sen·

143 2321 233 2378 tentia
246 2321 398 2383 diceretur,
414 2324 510 2393 posset
529 2319 654 2375 amicum
669 2319 836 2391 acquirere:
850 2320 885 2375 de
897 2320 996 2375 amicis

142 2425 211 2466 sero
226 2425 304 2480 essm,
324 2414 424 2465 contra
445 2424 531 2480 quem
550 2409 691 2463 sententia
711 2407 898 2480 proterretur,
922 2415 997 2464 esset

141 2497 430 2570 tortassaperditums
439 2496 569 2568 (Possim,
577 2499 608 2552 ia
625 2498 689 2554 Vita
697 2498 828 2565 Aupust.‚
840 2513 863 2552 c.
877 2500 924 2564 ro;
935 2499 994 2553 Au·

142 2591 216 2655 aust.
236 2588 325 2657 Epist.
340 2587 384 2651 33,
400 2600 429 2639 a.
443 2585 482 2656 5).
501 2584 570 2639 Huic
581 2584 714 2639 obeundo
724 2583 837 2639 muneri
848 2584 992 2639 interdum

141 2675 177 2731 ad
190 2674 391 2748 nsquehoram
406 2672 578 2741 reiectionis,
596 2673 751 2745 aliquando
766 2676 861 2728 atatem
877 2677 935 2728 lota
947 2673 993 2729 die

138 2765 273 2835 jejunans
294 2761 590 2818 vacabatAdmodum
617 2761 758 2816 laboriosa
779 2766 850 2823 erat,
880 2766 908 2815 et
936 2778 993 2816 nso·

139 2852 211 2907 leste
225 2850 287 2906 haec
300 2850 448 2923 ocerspatio
464 2850 490 2906 ei
512 2850 584 2917 siro,
608 2849 659 2920 qui
674 2850 759 2905 nnius
777 2849 905 2905 veritatis
923 2865 992 2904 oon-

138 2940 311 3011 tsmplandas
323 2939 417 2995 studio
431 2937 610 2993 alliciebatur
630 2940 742 3008 (enarr.
761 2940 791 2992 ie
808 2939 880 2993 Psal.
897 2954 990 3006 cxvur,

140 3042 222 3083 serm.
237 3029 282 3096 24,
297 3043 326 3082 n.
343 3028 379 3094 3).
394 3027 464 3082 iiinc
478 3042 511 3081 ea
522 3027 596 3082 dere
608 3026 917 3097 passimconquerilur‚
935 3044 992 3082 ma·

139 3115 296 3185 luissetque
303 3118 393 3169 cenas
400 3114 518 3185 singulis
523 3114 622 3169 diebus
633 3115 716 3168 horas
724 3114 845 3185 inopere
853 3131 990 3170 mannum

140 3218 318 3265 consumere,
336 3218 423 3275 quam
440 3203 485 3258 his
502 3203 682 3273 negotiorum
697 3203 868 3258 anfractibus
885 3209 913 3258 et
926 3220 989 3258 ruo-

144 3291 235 3346 iesliis
249 3290 391 3363 implicari
405 3294 452 3361 (lie
471 3291 555 3361 Opere
572 3292 707 3358 moncels„
722 3306 750 3346 a.
767 3292 830 3362 iil:
848 3292 898 3346 sed
917 3293 990 3346 banc

128 3400 130 3405 ·
148 3394 266 3452 operam
281 3378 660 3451 tratrihassuis,prascrtim
675 3379 891 3446 intirmioribus,
903 3381 989 3435 dene-

141 3483 209 3540 gare
224 3483 284 3524 non
298 3471 419 3541 poterat.
434 3468 614 3541 Quapropter
627 3467 657 3523 id
672 3467 778 3523 laboris
788 3484 845 3522 nou
857 3468 917 3523 sine
933 3469 990 3524 ulla

140 3557 334 3613 consolatione
353 3557 525 3629 perferebat,
549 3570 666 3629 sperans
680 3572 708 3610 sa
732 3572 766 3611 ex
784 3556 924 3627 patientia
939 3573 990 3612 sua

137 3646 263 3702 trucium
275 3646 340 3701 vitas
350 3650 463 3701 aeternas
479 3645 633 3719 aliquando
647 3650 860 3716 percepturum.
875 3648 988 3704 Nostros

136 3737 281 3799 eradonas,
299 3733 404 3805 inquit,
422 3749 491 3804 sepe
505 3735 612 3789 sauciat
625 3736 651 3789 et
663 3734 788 3789 debilitat
803 3736 890 3802 calipo
903 3741 929 3790 et
944 3739 987 3791 te-

135 3823 237 3878 multus
251 3822 422 3877 secularium
435 3823 588 3888 aedanum
602 3835 671 3891 ques
685 3822 736 3875 etsi
748 3826 855 3876 nostras
869 3838 926 3878 noa
940 3823 989 3877 Aa·

136 3909 237 3975 mmor,
252 3923 343 3963 eorum
357 3911 447 3962 tamen
461 3910 509 3978 qui
522 3922 570 3962 aas
584 3909 733 3977 angariant
750 3910 823 3964 mitte
839 3924 948 3979 pessus,
962 3915 988 3965 et

131 3997 260 4068 iubemur
275 3996 315 4051 irc
333 4010 394 4051 cum
409 3997 447 4051 eis
469 3997 526 4051 alia
544 3996 608 4062 duo,
625 4001 707 4051 teate
720 3997 796 4052 uobis
812 3999 985 4068 imperantur,

134 4089 166 4140 ut
176 4087 226 4142 uie
239 4085 375 4156 respirare
381 4086 518 4154 possimus
533 4101 540 4138 ι
554 4083 690 4138 credentes
705 4090 794 4138 temen
809 4084 946 4154 quoditie,
958 4088 987 4140 ia

133 4173 212 4244 uias
226 4175 368 4243 conspecta
386 4174 474 4226 intrat
499 4172 616 4239 pensitas
635 4170 856 4241 compeditorum,
871 4185 987 4240 perseee

131 4265 224 4317 rentes
242 4276 290 4316 nos
305 4262 335 4315 in
348 4275 377 4316 co
391 4260 552 4324 minorare.
576 4261 606 4314 ia
621 4273 673 4328 quo
693 4259 823 4327 diopetas
846 4265 885 4314 est
899 4261 978 4314 eollo·

132 4364 204 4417 aare,
219 4365 280 4405 eum
299 4351 436 4420 promissa
452 4348 579 4415 mercede,
596 4348 793 4416 adjuvantibus
813 4348 982 4403 orationibus

129 4439 239 4506 omum,
249 4439 284 4492 ab
294 4439 367 4493 omni
375 4440 505 4507 angustia
515 4436 751 4507 liberabitldpist.
763 4439 807 4504 18,
818 4452 847 4491 u.
863 4437 897 4504 1).
910 4437 980 4493 Cum

131 4525 166 4581 ad
180 4525 321 4597 populum
335 4525 548 4594 verbaiacaret,
559 4524 728 4580 hortabatur
742 4540 800 4592 eos,
815 4524 919 4597 quibus
938 4524 983 4579 in-

126 4611 212 4684 justas
227 4612 290 4667 lites
303 4612 489 4676 inferrentur,
509 4616 541 4667 ut
562 4629 592 4666 sa
606 4613 728 4684 pecunia
743 4612 882 4667 redimere
895 4616 923 4667 el
937 4629 982 4667 ex-

133 4699 233 4772 pedire
245 4705 431 4768 conarentur;
455 4699 533 4772 quod
548 4699 609 4772 ipse
625 4700 655 4754 iu
669 4700 761 4754 causis
780 4700 857 4756 adse
872 4700 981 4767 delatis,

129 4802 196 4844 cnm
214 4791 320 4860 posset,
336 4787 490 4843 factitabat.
512 4790 578 4846 Vult
591 4789 703 4858 aliquis,
719 4787 759 4843 ait
781 4788 906 4860 quodam
920 4804 981 4843 ser-

776 250 857 304 VITA
876 250 904 306 S.
924 248 1112 307 auuusrlul
1133 248 1300 306 episcopt

1854 251 1902 304 dib

1056 372 1156 444 Mucia
1168 371 1248 428 debeo
1268 371 1365 438 dicere
1386 376 1418 428 ut
1431 371 1530 428 reddat
1551 373 1692 428 alienare?
1707 371 1809 429 Ambos
1831 374 1902 431 esee

1057 463 1219 517 oimsttenos
1233 461 1326 517 audio.
1343 464 1404 517 lam
1418 463 1464 516 ille
1482 463 1673 525 calumniosus,
1693 463 1743 532 qui
1754 463 1814 518 nult
1827 465 1906 520 etuti

1055 554 1146 620 tacere
1166 567 1287 622 causam,
1310 556 1336 606 et
1355 554 1447 607 toliere
1466 552 1500 606 ab
1517 554 1564 607 illo
1579 553 1621 607 uel
1638 567 1688 623 pra
1708 555 1905 623 commosse.

1056 640 1202 709 peudetad
1212 643 1267 696 iste
1277 640 1367 694 amba.
1381 641 1526 710 Apostolus
1533 640 1625 694 dieii:
1640 641 1831 697 uiledimerstes
1839 644 1907 698 usn·

1054 741 1118 798 pus,
1134 729 1261 797 quoniam
1277 728 1411 783 ‹tiesmali
1421 733 1511 784 sueta
1526 728 1635 799 (Epire.
1646 746 1673 798 a,
1690 729 1744 800 15).
1755 732 1907 799 Fadeeroe

1055 818 1219 871 calumniam
1227 817 1375 871 almadana
1384 818 1440 883 illi3
1452 818 1518 872 uelit
1527 818 1604 884 nolit,
1613 818 1742 872 datariis·
1751 819 1869 891 aliquid,
1877 826 1907 874 ul

1056 911 1160 975 tempus
1173 905 1300 973 redimat,
1312 908 1378 975 quia
1387 909 1540 976 episcopum
1554 907 1670 962 audiuit.
1684 909 1732 963 Die
1741 908 1820 971 aiiii.
1828 910 1855 965 si
1863 911 1906 965 uu

1056 995 1179 1048 dictemus
1192 1009 1260 1058 sarm,
1272 994 1356 1049 Perde
1368 996 1475 1064 aliqsrid
1488 1000 1519 1049 ut
1532 998 1570 1050 sis
1584 998 1702 1066 otiosus;
1719 997 1772 1051 tibi
1781 1012 1835 1051 aee
1847 1011 1904 1052 sum

1055 1083 1188 1150 dicturus,
1201 1084 1380 1149 calumniose,
1387 1083 1504 1153 perdite,
1516 1085 1558 1152 uls·
1570 1084 1685 1150 diaboii,
1694 1098 1831 1153 quereres
1840 1087 1905 1140 elie·

1055 1186 1105 1225 aas
1114 1171 1358 1238 auseremolirist
1368 1173 1483 1227 Causam
1496 1187 1549 1226 noa
1559 1173 1652 1241 debes,
1666 1174 1840 1228 eteetmaeie
1849 1175 1905 1244 ple·

1053 1273 1149 1314 aleses.
1158 1258 1353 1314 Addildeinde
1366 1275 1373 1314 :
1385 1259 1440 1315 Sed
1451 1261 1499 1315 Aac
1508 1262 1579 1328 sorte
1587 1261 1672 1326 rides,
1684 1262 1903 1332 quiepeeuniess

1053 1349 1130 1416 rapis
1151 1347 1228 1410 itide,
1240 1347 1310 1414 ride,
1320 1352 1345 1402 et
1355 1351 1505 1403 ooetemae:
1517 1362 1565 1416 eqo
1573 1350 1842 1420 eroaesu‚senietqsti
1850 1353 1904 1407 eei

1053 1441 1101 1505 pat
1112 1437 1205 1506 (Sam.
1224 1439 1312 1502 aare.
1322 1439 1348 1504 3,
1357 1452 1386 1491 a.
1397 1437 1434 1506 i).
1449 1437 1625 1507 litigatores.
1636 1437 1712 1493 haud
1722 1438 1903 1494 dubiesitan·

1053 1523 1504 1595 dseprovocationiseansa,sicad
1514 1525 1901 1596 amicetraosigendnmbos

1053 1612 1176 1681 labatur,
1184 1612 1270 1667 ctiam
1281 1628 1347 1667 cum
1356 1613 1390 1668 de
1398 1613 1484 1668 sanius
1493 1613 1699 1684 injustacausa,
1709 1614 1900 1671 etdealterim

1050 1701 1115 1771 jure
1129 1717 1187 1755 non
1199 1701 1367 1772 ambigeret.
1385 1703 1424 1756 lie
1440 1701 1485 1757 his
1499 1702 1820 1775 probabiliternegoliis
1830 1720 1900 1777 apo·

1052 1788 1120 1857 puio
1133 1803 1185 1842 suo
1200 1787 1316 1843 tandem
1336 1788 1471 1851 obtinuit,
1491 1793 1524 1843 ut
1538 1804 1588 1860 per
1605 1789 1736 1861 quinque
1751 1791 1900 1862 cujuslibet

1051 1875 1239 1930 hebdomadae
1250 1876 1336 1931 diesa
1347 1877 1463 1931 nemine
1471 1876 1713 1949 interpellaretur.
1725 1879 1779 1934 Sed
1792 1880 1845 1935 boc
1855 1880 1898 1935 ubi

1052 1965 1087 2018 ad
1101 1962 1184 2017 breve
1199 1968 1314 2035 tempus
1324 1970 1466 2020 servatum
1480 1970 1532 2026 est.
1552 1966 1695 2037 irruptum
1706 1972 1751 2022 cst
1764 1968 1899 2024 violenter

1050 2049 1081 2105 in
1096 2067 1173 2113 curn.
1184 2055 1213 2106 ct
1226 2057 1292 2107 ante
1307 2068 1339 2106 ac
1351 2057 1416 2123 post
1431 2053 1579 2109 meridiem
1598 2056 1838 2125 occupationibus
1851 2057 1896 2112 bo·

1051 2140 1163 2195 minum
1185 2140 1318 2211 occupari
1338 2145 1450 2195 coaetus
1468 2141 1524 2196 fuit
1537 2143 1598 2211 (Ep.
1616 2146 1679 2209 iti,
1702 2159 1735 2200 a.
1765 2144 1805 2216 5).
1829 2146 1897 2200 'ian-

1050 2226 1114 2282 dem
1130 2243 1206 2283 anno
1220 2228 1503 2300 quadringentesimo
1519 2229 1656 2302 vigesimo
1670 2235 1751 2287 sexto
1764 2230 1797 2287 in
1817 2234 1896 2288 ltere·

1049 2316 1136 2371 elium
1155 2318 1366 2389 presbyterum,
1385 2333 1472 2389 quem
1487 2318 1542 2373 sibi
1559 2333 1753 2376 successorem
1768 2320 1896 2393 designa·

1048 2405 1099 2470 vil,
1121 2405 1149 2461 id
1174 2406 1270 2462 oneris
1294 2407 1411 2462 refudit.
1441 2408 1546 2462 Harum
1568 2407 1792 2480 occupationum
1816 2410 1896 2466 maie

1048 2496 1133 2550 stiam
1148 2495 1286 2567 singulari
1310 2494 1458 2567 patientia,
1483 2512 1541 2568 qua
1563 2497 1644 2552 iilam
1668 2499 1823 2570 tolerabat,
1840 2512 1893 2555 non

1049 2584 1134 2639 modo
1157 2584 1287 2640 adsunam
1310 2585 1409 2655 ipsius.
1433 2601 1533 2640 aarum
1553 2586 1640 2641 etiam
1661 2586 1696 2642 ad
1718 2603 1830 2655 eorum,
1849 2589 1894 2660 qui

1048 2671 1125 2743 apud
1144 2671 1239 2743 ipsum
1258 2688 1373 2727 causam
1390 2672 1526 2738 dicarent,
1541 2675 1664 2729 salutem
1677 2681 1846 2732 convertere
1858 2675 1893 2731 ai·

1048 2761 1169 2816 tebalur.
1197 2762 1268 2816 Cum
1288 2761 1365 2815 enim
1382 2762 1526 2831 litigantes
1542 2763 1663 2829 audiret,
1684 2764 1772 2820 simul
1785 2765 1893 2820 inuno

1047 2864 1108 2903 ram
1129 2849 1291 2904 animarum
1307 2853 1414 2905 statum
1433 2854 1462 2905 et
1485 2851 1610 2906 diversos
1623 2852 1756 2909 cordium
1779 2852 1891 2909 adiectas

1047 2938 1239 3010 expendebam
1250 2944 1278 2993 et
1294 2954 1327 2992 er
1337 2939 1423 2994 modo
1434 2955 1491 3010 quo
1506 2941 1683 3013 suanegotia
1694 2946 1891 3012 procurarent,

1046 3042 1188 3099 suumque
1211 3027 1258 3097 jus
1283 3032 1537 3098 persequerentur,
1561 3029 1730 3085 observabat
1757 3035 1891 3103 manum

1046 3114 1168 3187 quisquc
1191 3117 1234 3169 vel
1252 3115 1282 3170 in
1298 3115 1354 3171 fide
1369 3117 1507 3188 bonisque
1522 3117 1656 3189 operibus
1671 3119 1836 3190 proliceret,
1852 3121 1891 3174 rel

1046 3204 1077 3258 ai
1096 3203 1131 3258 iis
1149 3203 1292 3260 deiiceret.
1308 3205 1341 3259 El
1355 3204 1406 3259 ubi
1421 3220 1451 3259 se
1465 3207 1615 3261 commoda
1629 3206 1769 3264 otiarebat
1779 3209 1889 3274 occasio,

1045 3291 1149 3346 divinae
1170 3293 1239 3361 legis
1260 3292 1409 3348 veritatem
1433 3299 1527 3365 partes
1546 3294 1676 3362 docebat,
1700 3311 1824 3370 eamque
1841 3297 1889 3352 iliis

1045 3385 1106 3436 tolo
1127 3380 1224 3435 animo
1241 3384 1269 3435 et
1283 3380 1364 3436 omni
1377 3381 1471 3438 studio
1485 3381 1639 3448 inculcans,
1657 3383 1693 3439 ad
1707 3385 1799 3442 sitam
1813 3391 1890 3442 aeter·

1045 3484 1111 3523 nam
1126 3468 1337 3540 adipiscendam
1355 3471 1413 3526 suis
1433 3485 1481 3527 eos
1503 3471 1684 3528 sermonibus
1707 3473 1886 3531 hortabatur:

1044 3556 1073 3611 id
1088 3573 1178 3611 unum
1192 3557 1360 3613 videlicetin
1375 3562 1577 3615 controversiis
1590 3561 1714 3617 aliorum
1724 3563 1887 3620 dirimendis

1044 3647 1154 3701 lsscrlam
1179 3647 1335 3716 quaerebat,
1360 3651 1393 3703 ut
1407 3664 1451 3715 ea,
1473 3665 1538 3721 quae
1555 3651 1611 3705 ileo
1626 3654 1655 3705 et
1678 3650 1846 3709 hominibus
1858 3669 1886 3708 ex

1042 3733 1204 3789 christianae
1227 3734 1343 3805 pietalis
1365 3737 1532 3808 prescripto
1554 3737 1703 3807 debemus,
1726 3739 1884 3812 implerent.

1042 3821 1077 3874 lit
1088 3821 1208 3888 faciebat
1219 3823 1267 3877 Aac
1275 3828 1405 3894 tanquam
1418 3827 1596 3896 speculatore
1607 3830 1720 3884 Domine
1733 3832 1884 3885 remutatus

1041 3908 1882 3988 domatlsraei‚predioausautumatqueiastaasopportune,
1925 3896 1934 3953 ³¹·

1040 3999 1196 4066 importune
1208 4014 1335 4070 arguens,
1351 4002 1473 4070 hortans,
1484 4005 1676 4074 increparem
1691 4006 1882 4076 omnitonpnri
1928 4002 1934 4081 ξ

1039 4088 1135 4140 mitate
1147 4090 1173 4141 et
1184 4087 1325 4156 doctrinm
1340 4092 1529 4160 precipueque
1542 4106 1653 4162 operam
1668 4092 1742 4150 deas
1759 4097 1882 4151 emoneo
1927 4086 1934 4147 -i

1040 4188 1093 4241 eos,
1108 4176 1256 4244 quiessent
1272 4176 1364 4232 idonei
1377 4181 1403 4233 et
1418 4180 1486 4235 elios
1502 4180 1595 4235 docem
1617 4180 1750 4250 (Possim,
1779 4185 1811 4239 ia
1830 4184 1881 4240 Vita
1930 4172 1934 4189 ’

1039 4263 1170 4332 August,
1198 4279 1222 4319 e.
1251 4265 1304 4334 19).
1339 4265 1385 4320 Sic
1409 4283 1590 4341 quecumque
1618 4269 1714 4325 oblata
1745 4271 1880 4327 emenone
1931 4264 1934 4271 '

1039 4352 1131 4414 utens,
1144 4365 1293 4421 nunquam
1303 4368 1361 4407 non
1378 4369 1495 4426 operam
1510 4356 1596 4412 dabat
1607 4356 1672 4412 aliis
1683 4357 1744 4414 sive
1756 4359 1879 4431 primun

1038 4435 1096 4490 sive
1105 4438 1200 4509 palam
1215 4439 1408 4498 instituendis.

1377 4533 1490 4588 CAPUT
1504 4534 1550 4589 lli.

1040 4616 1049 4668 t
1067 4616 1098 4670 ie
1107 4615 1197 4671 divini
1207 4617 1283 4672 uerbi
1294 4618 1515 4688 predicationem
1529 4622 1622 4678 sedulo
1634 4624 1768 4681 incumbit
1780 4629 1878 4683 sescus

1070 4705 1262 4773 Episcopusi
1286 4706 1388 4762 Audite
1406 4723 1435 4763 eo
1457 4711 1640 4779 concionante,
1661 4714 1775 4770 Firmus
1796 4715 1878 4771 uass·

1070 4792 1157 4847 aleus
1172 4792 1210 4846 ad
1219 4794 1322 4850 Christi
1331 4795 1594 4864 tidemcoaeertitur.
1611 4800 1771 4867 iQuedam
1785 4804 1817 4859 ie
1827 4802 1878 4873 eius

1928 4682 1934 4783 t'

128 4891 225 4944 mona,
241 4890 354 4932 evocare
368 4882 393 4931 te
411 4877 505 4931 litibus
520 4893 537 4931 e
552 4880 606 4934 Deo
626 4881 686 4932 tao:
710 4892 764 4932 eoa
779 4877 890 4932 teletus
904 4880 981 4946 qute-
1070 4881 1509 4955 Semoaiiasoiseruetudipaa.
1529 4888 1878 4947 innumerosissimae
1932 4878 1934 4913 ³

128 4970 186 5022 tum
200 4980 254 5034 eor,
270 4980 324 5019 uae
338 4964 447 5020 babebis
457 4967 636 5036 tranquillum
650 4967 787 5033 animum3
797 4967 924 5020 everteris
939 4980 981 5020 co·

126 5052 307 5124 pitatieaibus
324 5054 389 5119 tuis,
405 5055 528 5108 irritaris
542 5054 672 5109 adrasus
687 5055 779 5123 ipsam
792 5053 980 5108 ademarium

126 5147 213 5200 mum.
225 5144 293 5199 Eoos
307 5144 411 5210 tempus
426 5141 582 5212 perdidisti.
597 5143 703 5210 Quanto
716 5157 779 5212 ergo
794 5144 890 5197 metius
899 5148 939 5198 est
949 5147 980 5197 ut

124 5245 264 5288 uummum
278 5231 402 5299 omittes,
421 5233 447 5284 et
470 5233 573 5300 tempus
591 5231 729 5288 redimes?
743 5233 853 5288 Fratres
867 5233 929 5298 mei,
948 5233 979 5285 in

125 5323 216 5377 eaesis
229 5321 326 5377 uestris
337 5323 363 5374 at
378 5320 408 5373 ie
422 5320 536 5385 aerariis
550 5321 657 5386 uestris,
674 5319 784 5389 quando
793 5319 831 5375 eal
842 5334 890 5374 aas
901 5319 977 5388 judi·

124 5408 215 5464 mado
227 5410 349 5476 ammai,
361 5407 500 5465 cibamini
511 5407 661 5462 christiano
671 5390 742 5475 dico,
757 5413 788 5464 ut
798 5422 850 5479 pro
861 5413 977 5480 tempore

123 5493 291 5566 redimendo,
303 5497 404 5568 perdat
412 5493 522 5565 aliquid
533 5508 625 5562 suarm
641 5499 742 5565 quanto
754 5495 858 5564 maiore
871 5510 938 5551 cura
947 5501 975 5552 et

1070 4969 1146 5038 apud
1161 4971 1322 5040 Hipponem.
1337 4975 1353 5027 5
1375 4974 1541 5031 Consuetudo
1559 4976 1692 5033 audiendi
1709 4979 1821 5035 uerbena
1840 4977 1879 5035 itti

1067 5057 1192 5126 sedendo,
1208 5074 1291 5128 quam
1305 5075 1365 5130 quas
1394 5063 1592 5130 Africaaarum
1607 5068 1792 5126 &abdomen
1814 5071 1876 5133 erat,
1930 5092 1934 5145 ς·

1067 5145 1199 5201 audiendi
1211 5149 1314 5204 scilieet
1332 5151 1442 5215 stende,
1459 5155 1549 5220 mauis
1563 5155 1608 5210 illi
1619 5157 1765 5225 probetur.

1069 5235 1093 5287 i.
1108 5233 1260 5290 liaximum
1279 5238 1510 5295 emolumentum
1529 5240 1671 5297 Airicanis
1692 5244 1824 5301 Ecclesiis
1844 5245 1876 5299 at·

1029 5319 1097 5375 tulit
1113 5324 1267 5394 Augustini
1284 5326 1478 5399 episcopatus,
1492 5345 1526 5384 eo
1552 5330 1738 5400 potissimum
1752 5334 1873 5397 nomine,

1029 5407 1120 5480 ipsius
1138 5411 1251 5468 Paulini
1267 5414 1386 5486 iudicio,
1406 5417 1484 5490 quod
1502 5419 1589 5475 rerba
1607 5421 1734 5476 caelestia
1752 5423 1817 5495 ejas
1834 5435 1877 5479 ors

1027 5498 1176 5571 percipere
1191 5508 1366 5560 meruerunt.
1383 5507 1480 5578 (Epist.
1497 5511 1542 5577 d‘t,
1555 5524 1583 5564 a.
1599 5511 1636 5581 i).
1651 5510 1686 5569 Ut
1699 5511 1779 5568 euim
1799 5513 1867 5569 lirae
