3884 6112
69 217 141 271 1053

65 337 142 392 Nam
160 352 214 407 ego
230 335 295 390 novi
305 333 445 390 rusticum
464 333 618 405 quemdem
631 335 809 407 loquentem,
826 336 861 393 de
875 337 918 392 lo-

65 430 175 496 quente
191 440 291 490 uxore,
303 422 377 478 tilios
391 437 490 477 omnes
506 438 599 478 mares
612 427 698 495 atque
713 424 835 479 feminas
849 441 920 496 qua-

64 518 135 569 tuor
149 514 217 579 lere,
232 517 282 566 aut
296 530 330 566 eo
346 511 469 582 amptius
488 512 649 581 (nonenim
664 513 732 566 satis
749 530 825 568 nunc
842 529 920 568 com·

64 600 198 671 memini)
210 605 304 654 mutos
319 600 476 670 surdosque
492 599 633 670 genuisse.
648 601 720 655 Nam
739 618 773 656 er.
786 617 819 656 eo
835 603 913 674 quod

64 690 150 762 loqui
166 705 224 743 non
240 691 381 759 poterant,
395 686 468 741 muti
481 706 489 754 3
502 704 536 741 ex
551 703 584 741 eo
596 691 694 742 antem
708 690 784 760 quod
795 690 876 744 nulla
887 691 921 745 si-

65 794 127 849 gna
138 777 193 832 nisi
209 776 297 830 oculis
318 775 502 847 colligebant,
524 775 611 830 etiam
626 776 704 831 surdi
720 776 920 850 intelligeban-

63 870 124 921 tur.
146 870 174 922 Ε.
190 867 274 920 lllum
292 880 357 918 vero
385 880 439 935 ego
454 865 527 918 bene
555 863 633 934 novi,
649 868 677 919 et
690 865 725 920 de
740 866 803 921 istis
824 867 920 922 nescio

64 955 173 1028 quibus
187 954 270 1008 eredo
286 951 354 1007 tibi:
371 952 420 1007 sed
436 968 576 1024 quorsum
590 952 668 1008 ista?
680 956 720 1009 A.
737 954 809 1019 Ouia
823 955 920 1011 dixisti

63 1059 125 1097 non
140 1048 167 1097 te
182 1058 264 1114 posse
279 1040 404 1112 cogitare
417 1040 492 1095 inter
502 1042 572 1095 tates
584 1041 717 1096 homines
732 1043 810 1097 nasci
820 1061 921 1116 quem-

62 1130 155 1203 piam.
171 1133 205 1186 Ε.
221 1130 277 1184 Nec
292 1144 368 1183 nunc
383 1128 458 1183 alind
470 1129 554 1184 dico:
570 1145 637 1184 nam
652 1129 732 1198 istos,
746 1131 802 1185 nisi
823 1132 918 1200 fallor,

63 1219 201 1274 intereos
211 1217 467 1289 quitoquerentur,
483 1220 564 1271 natos
577 1233 637 1272 esse
648 1219 789 1274 concedis.
802 1222 841 1275 A.
857 1221 920 1277 Nou

64 1306 201 1378 equidem
216 1303 401 1374 negaverim:
420 1304 469 1358 sed
483 1319 550 1357 cum
561 1304 624 1375 jam
646 1304 721 1360 inter
742 1321 795 1360 nos
809 1309 920 1362 constet

63 1393 223 1449 nonnullos
238 1392 309 1447 tates
321 1390 455 1446 homines
479 1407 540 1446 esse
562 1407 666 1462 posse;
687 1408 784 1464 quaeso
801 1393 918 1465 cogites,

65 1481 93 1537 si
102 1497 135 1537 ex
146 1481 201 1536 hoc
210 1496 315 1552 genere
334 1496 396 1534 mas
414 1483 443 1534 ct
461 1478 568 1534 femina
579 1480 779 1551 jungerentur,
795 1482 920 1554 atqueiu

65 1569 196 1641 aliquam
215 1584 398 1640 quocumque
414 1584 482 1623 casu
496 1568 583 1623 delati
597 1568 794 1638 solitudinem,
811 1571 862 1627 ubi
877 1576 919 1626 ta-

66 1674 136 1713 men
149 1657 244 1712 virere
267 1658 405 1725 ualerent,
427 1656 579 1728 gignerent
600 1657 694 1712 tilium
714 1673 774 1713 non
787 1660 918 1728 surdum,

66 1746 312 1819 quemadmodum
327 1749 401 1801 esset
420 1760 486 1799 cum
499 1744 668 1816 parentibus
678 1744 731 1801 iste
746 1747 920 1803 locuturus?

65 1836 100 1889 Ε.
116 1833 365 1898 Quemadmodum
375 1849 483 1901 censes,
497 1832 553 1887 nisi
571 1837 602 1888 ut
615 1839 748 1905 parentes
761 1834 787 1891 ei
801 1836 917 1906 dabant,

60 1921 107 1977 ita
121 1927 203 1995 gestu
217 1922 300 1994 signa
313 1922 513 1978 redditurum?
534 1922 588 1978 Sed
617 1926 713 1977 tamen
729 1939 802 1994 puer
816 1939 919 1995 parvus

65 2026 103 2065 ne
117 2012 172 2066 hoc
180 2011 297 2083 quidem
312 2015 427 2083 posset:
443 2026 532 2081 quare
546 2009 596 2064 illa
606 2010 679 2065 ratio
695 2027 760 2066 mea
770 2016 867 2067 manet
877 2012 920 2067 iu-

67 2102 161 2171 tegra.
180 2099 255 2164 Quid
267 2098 346 2153 euim
362 2098 449 2153 refert
470 2102 566 2153 utrum
589 2099 680 2170 toqui,
695 2116 733 2154 111
748 2105 861 2171 gestum
876 2100 918 2155 fa·

66 2203 131 2242 cere
143 2187 295 2242 crescendo
309 2191 488 2259 assequatur,
497 2202 563 2241 cum
576 2187 613 2242 ad
627 2187 752 2243 animam
762 2191 918 2260 utrumque

65 2276 220 2347 pertineat,
236 2291 324 2347 quam
336 2275 419 2331 fateri
439 2275 573 2330 nolumus
586 2277 734 2332 cresceret

104 2367 150 2419 32.
162 2366 188 2419 A
196 2407 202 2420 .
217 2365 279 2419 Jam
291 2363 362 2419 mihi
377 2363 481 2419 rideris
491 2364 579 2420 etiem
592 2380 659 2420 cum
672 2365 701 2419 in
714 2366 782 2420 tunc
797 2364 920 2438 quisque

66 2453 208 2516 ambulat,
225 2452 395 2523 ampliorem
421 2451 534 2506 credere
553 2452 629 2507 hunc
651 2451 757 2509 hahere
780 2452 918 2521 animam,

66 2555 157 2612 quam
173 2555 220 2594 eos
235 2539 304 2611 quid
317 2538 347 2593 id
361 2540 452 2594 tacere
465 2543 621 2612 nequeunt.
635 2542 668 2595 Ε.
684 2541 741 2594 1111
755 2540 834 2595 aliud
854 2546 917 2597 est:

66 2628 134 2701 quis
149 2628 226 2683 euim
241 2630 295 2684 hoc
309 2644 368 2682 nou
383 2627 479 2683 videat
493 2628 694 2684 csseartistA.
709 2630 775 2693 Cur,
790 2629 918 2698 obsecro,

65 2716 159 2772 artist
173 2733 211 2771 au
224 2716 293 2789 quia
307 2716 427 2772 didicit?
441 2719 475 2772 Ε.
488 2718 529 2771 Ita
538 2733 614 2774 vero.
627 2719 667 2772 A.
684 2718 777 2783 Quare
789 2719 917 2792 tibiergo

65 2806 167 2874 etiam,
191 2805 215 2860 si
243 2805 320 2860 aliud
348 2805 469 2877 quisque
489 2805 588 2874 discat,
614 2822 672 2860 non
690 2807 760 2861 artis
782 2807 919 2866 videtur?

64 2897 100 2950 Ε.
117 2895 203 2949 Plane
219 2894 360 2967 quidquid
370 2894 497 2962 discitur,
512 2894 591 2959 artis,
608 2894 676 2949 artis
686 2911 746 2950 esse
757 2912 816 2951 nou
831 2912 916 2968 nego.

63 2984 104 3036 A.
121 2982 183 3036 Non
197 2997 264 3052 ergo
281 2981 328 3036 itte
343 2981 442 3036 didicit
456 2997 472 3036 a
487 2981 655 3053 parentibus
669 2980 783 3054 gestum
802 2983 918 3039 fecere?

65 3072 102 3125 Ε.
125 3069 227 3125 Didicit
239 3084 316 3125 sane.
335 3071 361 3124 A
367 3113 372 3124 .
391 3070 510 3140 Oportet
524 3069 613 3141 igitur
628 3074 657 3126 ct
670 3071 723 3126 hoc
738 3087 797 3126 non
812 3072 917 3128 auimre

64 3156 217 3212 crescendo
232 3157 389 3228 amplioris,
413 3157 463 3211 sed
486 3157 652 3213 imitatoriae
675 3159 825 3230 cujusdam
848 3160 917 3216 artis

64 3262 128 3301 esse
142 3247 289 3302 concedas.
301 3249 335 3302 Ε.
350 3248 538 3320 Nonpossum
551 3247 606 3303 hoc
620 3248 831 3304 concedereA.
843 3251 916 3322 Ergo

64 3351 125 3390 non
139 3351 224 3390 omne
240 3335 316 3407 quod
331 3334 449 3391 discitur
463 3335 531 3391 artis
545 3340 598 3403 est,
613 3336 691 3409 quod
706 3353 782 3392 nuuc
799 3353 917 3394 conces·

63 3439 153 3478 seras.
169 3427 202 3479 Ε.
219 3424 295 3478 Artis
315 3423 444 3480 omnino.
457 3427 493 3482 A.
512 3424 575 3478 Non
597 3440 665 3497 ergo
687 3425 735 3480 1111
755 3426 855 3482 didicit
868 3444 918 3499 gc·

63 3516 152 3577 stum,
168 3512 245 3584 quod
261 3512 330 3567 item
343 3528 401 3567 non
420 3512 516 3567 minus
533 3511 658 3567 dederas.
676 3514 709 3567 Ε.
734 3512 849 3581 Didicit,
867 3514 917 3571 sed

61 3600 120 3655 hoc
130 3616 188 3655 non
205 3606 248 3656 est
261 3601 338 3656 artis.
351 3603 393 3656 A.
410 3600 498 3672 Atqui
508 3605 539 3655 tu
555 3600 642 3671 paulo
657 3603 723 3655 aute
735 3600 831 3655 dixisti
846 3602 916 3657 artis

62 3704 126 3744 esse
141 3689 217 3760 quod
231 3688 359 3745 discitur.
370 3692 404 3744 Ε.
423 3692 493 3760 Age,
507 3689 570 3760 jam
584 3689 719 3755 concedo,
742 3693 769 3744 et
787 3689 869 3762 loqui
888 3695 917 3748 et

62 3780 178 3848 gestum
196 3776 299 3847 facere,
314 3793 348 3832 eo
363 3777 441 3849 quod
455 3792 489 3832 ca
504 3776 666 3846 didicimus,
684 3776 753 3831 artis
774 3793 844 3833 esse.
862 3778 915 3833 Ta·

61 3879 132 3919 men
147 3863 210 3919 aliae
223 3868 290 3919 sunt
311 3867 395 3926 artes,
413 3880 494 3935 quas,
508 3864 577 3920 dum
590 3864 622 3918 in
637 3864 707 3918 alios
727 3863 913 3934 intendimus,

62 3952 201 4008 discimus
216 3969 224 4020 ;
240 3953 315 4020 atiae,
340 3969 405 4024 qum
429 3969 447 4008 a
469 3952 613 4025 magistris
635 3952 801 4008 inseruntur
820 3953 912 4010 nobis.

61 4043 104 4095 A.
115 4040 190 4105 Quas
203 4041 319 4096 taudem
333 4041 454 4096 istarum
468 4046 553 4113 putas
568 4040 706 4109 animam,
731 4057 765 4096 ex
787 4058 820 4097 eo
836 4042 913 4114 quod

62 4127 188 4200 amplior
200 4129 258 4197 irat,
279 4129 421 4202 adipisci?
435 4146 510 4185 anne
529 4129 649 4184 omnest
669 4133 702 4185 Ε.
727 4130 791 4184 Non
814 4146 913 4185 omnes

50 4222 144 4290 -puto,
159 4219 284 4275 sedilias
298 4220 470 4291 superiores.
485 4221 525 4274 A.
549 4219 649 4273 Nonne
671 4217 723 4272 tibi
739 4233 773 4272 er
794 4219 849 4273 hoc
863 4235 912 4290 ge·

60 4322 131 4362 nere
145 4307 258 4362 videtur
267 4306 297 4361 in
312 4308 380 4362 tune
404 4307 574 4362 ambularet
588 4322 656 4360 narn
669 4311 697 4361 et
708 4305 763 4361 hoc
776 4306 911 4374 ridenda,

60 4399 95 4450 ut
109 4395 241 4463 arbitror,
255 4395 306 4468 qui
320 4395 350 4450 id
364 4395 472 4450 iaciunt
484 4399 685 4466 assequuntur.
702 4395 735 4448 Ε.
752 4395 794 4449 Ita
808 4395 909 4450 credo:

59 4482 112 4537 sed
130 4487 227 4537 umen
251 4498 310 4537 non
331 4499 431 4538 omnes
453 4481 504 4554 qui
526 4484 587 4537 baee
607 4485 734 4553 spectant
758 4486 788 4537 et
804 4498 911 4554 magno

60 4570 157 4626 studio
171 4571 330 4640 intuentur,
345 4572 458 4643 assequi
472 4574 600 4642 possunt,
625 4569 674 4625 sed
694 4569 745 4642 qui
762 4570 848 4642 hujus
870 4571 913 4626 rei

59 4657 214 4729 magistros
230 4657 389 4729 patiuntur.
402 4660 441 4713 A.
458 4658 533 4713 Bene
555 4674 621 4712 sana
634 4657 723 4725 dicis;
740 4663 845 4714 namet
858 4657 913 4712 boc

60 4745 116 4801 tibi
137 4746 225 4802 etiarn
248 4748 283 4802 de
307 4746 449 4801 locutione
482 4745 699 4817 responderim:
725 4746 809 4800 multi
834 4746 912 4801 euim

59 4833 151 4889 Greci
178 4839 207 4891 et
220 4834 298 4890 aliud
315 4851 405 4906 genus
419 4833 524 4905 lingum
545 4834 672 4889 crebrius
695 4850 748 4889 nos
763 4835 912 4904 loquentes

60 4921 194 4991 audiunt,
209 4939 297 4996 quam
310 4923 510 4978 funambulum
523 4922 725 4993 spectant3qui
736 4927 768 4977 ut
781 4922 912 4994 linguam

60 5015 189 5066 nostram
210 5012 330 5080 discant,
352 5011 594 5083 quemadmodum
618 5027 669 5064 nos
692 5027 758 5066 cum
781 5011 911 5083 ipsorum

59 5115 146 5154 nosse
162 5100 303 5165 volumus,
328 5117 403 5172 serpe
422 5100 566 5170 magistris
579 5099 740 5154 traduntur.
757 5100 825 5164 Quae
844 5117 910 5156 cum

59 5187 100 5242 ita
110 5188 177 5250 sint,
194 5189 283 5243 miror
297 5205 348 5244 cur
360 5189 463 5243 animae
482 5187 667 5243 incrementis
692 5187 818 5242 tribuere
841 5189 911 5245 retis

59 5277 139 5348 quod
154 5278 313 5349 loquuntur
326 5277 474 5345 homines;
486 5277 564 5348 quod
573 5280 668 5331 autem
682 5276 713 5330 111
728 5275 797 5330 lune
808 5276 909 5331 ambu-

60 5366 132 5430 lant,
152 5365 236 5418 nolis.
253 5367 286 5421 11.
303 5366 402 5420 Nescio
426 5365 568 5436 quomodo
583 5363 636 5418 ista
651 5363 819 5418 confundis:
842 5381 908 5420 uam
926 5400 930 5407 ·

60 5452 154 5524 quint
169 5453 297 5523 linguam
311 5459 438 5508 nostram
453 5451 552 5522 discat,
563 5450 700 5524 magistro
714 5451 847 5522 traditur,
858 5469 910 5508 no·

827 213 933 271 LIBER
964 214 1067 272 UNUS.

1756 228 1826 283 {054

976 338 1107 396 ritaliam
1116 343 1368 414 quamdamsuam,
1375 361 1546 417 quamam,
1560 350 1638 419 quod
1654 350 1714 421 eius
1729 352 1826 409 anima

975 427 1106 494 creverit,
1120 433 1190 500 puto
1204 428 1353 497 didicisse;
1379 448 1445 488 cum
1466 437 1563 489 autem
1578 435 1663 490 discit
1686 438 1820 507 alienam,

975 531 1035 571 non
1048 518 1181 588 ampliori
1193 519 1307 587 animae,
1323 521 1372 575 sed
1387 521 1441 575 arti
1460 523 1565 577 tribuo.
1581 525 1616 578 A.
1633 524 1706 589 Quid
1727 527 1750 579 si
1775 527 1823 582 itte

976 605 1026 676 qui
1038 604 1112 660 inter
1126 612 1219 661 mutos
1234 612 1318 662 natus
1332 612 1417 680 atque
1432 611 1505 665 altus
1515 614 1568 678 est,
1584 629 1648 667 sero
1664 629 1696 667 ac
1707 614 1769 685 jam
1778 616 1823 687 ju·

974 693 1054 747 renis
1066 694 1096 748 in
1111 695 1181 749 alios
1196 696 1329 751 homines
1344 697 1473 752 incidens
1487 698 1567 770 toqui
1582 700 1740 769 didicisset,
1756 718 1823 758 cum

975 781 1060 835 aliam
1075 782 1203 855 linguam
1226 785 1335 839 nullam
1361 789 1478 841 nosset?
1494 803 1527 841 eo
1550 791 1681 859 ternpore
1704 794 1824 860 putares

975 868 1101 924 animam
1114 872 1174 943 ejus
1188 874 1317 942 crevisse,
1334 891 1391 945 quo
1410 874 1489 947 loqui
1504 875 1666 932 didicerat?
1683 881 1714 933 Ε.
1740 880 1823 934 Nun·

975 974 1063 1029 quam
1076 958 1168 1014 isthuc
1182 961 1274 1016 ausim
1289 961 1401 1030 dicere;
1418 967 1446 1018 et
1465 965 1527 1033 jam
1543 965 1613 1018 cedo
1633 965 1747 1029 rationi,
1770 982 1822 1021 nec

975 1050 1044 1115 puto
1059 1047 1206 1118 amplioris
1217 1048 1321 1104 animae
1338 1056 1539 1122 argumentum
1555 1068 1615 1106 esse
1635 1053 1710 1123 quod
1726 1053 1820 1124 loqui-

974 1150 1048 1199 mur,
1064 1152 1101 1190 ne
1117 1141 1146 1191 et
1166 1137 1235 1191 alias
1259 1153 1359 1192 omnes
1379 1143 1454 1193 artes
1469 1156 1555 1210 cogar
1573 1139 1655 1201 lateri
1671 1142 1823 1196 crescendo

975 1223 1102 1279 animam
1116 1228 1314 1280 consecutam:
1328 1226 1406 1297 quod
1421 1227 1444 1280 si
1463 1226 1572 1294 dixero,
1597 1228 1668 1283 illud
1687 1234 1824 1301 sequetur

974 1312 1140 1379 absurdum,
1165 1312 1327 1368 decrescere
1350 1313 1477 1368 animam
1501 1331 1567 1370 cum
1596 1316 1724 1387 quidque
1749 1317 1822 1372 obli·

973 1398 1100 1454 riscitur.

975 1504 1087 1560 CAPUT
1101 1506 1167 1561 11111.
1178 1535 1214 1546 -
1231 1508 1337 1563 Animo
1354 1507 1485 1578 quomodo
1511 1523 1627 1565 mercem
1646 1511 1765 1565 minuive
1779 1510 1823 1566 di·

1356 1598 1438 1652 citur.

1010 1701 1054 1754 31.
1069 1701 1105 1755 Α.
1122 1701 1197 1756 Bene
1213 1700 1360 1774 intelligis,
1387 1706 1416 1759 et
1437 1717 1537 1758 verum
1561 1707 1595 1760 ut
1616 1704 1725 1770 audias,
1747 1708 1824 1760 recte

974 1787 1077 1842 dicitur
1091 1787 1187 1842 anima
1207 1788 1342 1845 discendo
1357 1791 1439 1862 quasi
1452 1806 1592 1861 erescere,
1613 1796 1641 1846 ct
1655 1796 1753 1846 contra
1768 1792 1823 1847 mi·

974 1875 1026 1930 nui
1053 1875 1234 1943 dediscendo,
1265 1878 1313 1932 sed
1330 1880 1472 1934 'translato
1502 1880 1599 1946 verbo,
1632 1887 1665 1936 ut
1691 1881 1824 1952 superius

974 1964 1159 2020 ostendimus.
1176 1967 1283 2021 Tamen
1304 1966 1376 2021 illud
1389 1968 1546 2022 cavendum
1558 1972 1610 2030 est,
1620 1984 1657 2023 nc
1672 1968 1825 2040 quasispa·

973 2053 1049 2108 tium
1059 2054 1112 2108 loci
1127 2055 1220 2125 majus
1236 2070 1374 2127 occupare
1388 2056 1530 2126 videatur,
1545 2057 1614 2111 dum
1636 2056 1739 2111 dicitur
1762 2072 1823 2112 cre·

974 2157 1070 2208 scere;
1086 2142 1136 2197 sed
1151 2143 1289 2213 majorem
1302 2136 1458 2215 quamdam
1469 2144 1528 2199 vim
1540 2144 1661 2214 peritior
1671 2160 1758 2215 qaam
1770 2146 1824 2200 im·

973 2229 1095 2299 peritior
1121 2230 1226 2285 habere
1256 2231 1293 2286 ad
1319 2232 1473 2302 agendum.
1498 2232 1593 2303 Magni
1615 2236 1712 2287 tamen
1735 2233 1824 2289 refert

974 2317 1072 2388 qualia
1085 2316 1143 2372 sint
1157 2318 1207 2372 illa
1220 2320 1284 2390 ipsa
1296 2336 1361 2390 qnae
1376 2320 1469 2387 discit,
1485 2320 1589 2392 quibus
1608 2321 1822 2391 quodammodo

973 2404 1087 2460 uidetur
1100 2407 1208 2478 augeri.
1234 2408 1304 2462 Nam
1322 2411 1352 2462 ut
1379 2408 1410 2463 in
1425 2424 1543 2480 corpore
1557 2408 1613 2462 tria
1636 2414 1703 2463 suut
1717 2425 1824 2479 genera

974 2493 1217 2550 incrementorum
1242 2511 1334 2550 uuum
1360 2497 1564 2566 necessarium,
1593 2513 1652 2567 quo
1684 2497 1823 2551 naturalis

974 2582 1174 2639 convenientia
1193 2584 1331 2656 impletur
1351 2584 1382 2639 iu
1405 2585 1699 2653 membris3alterum
1722 2601 1823 2656 super-

974 2671 1075 2740 ssuum,
1088 2687 1145 2743 quo
1161 2672 1298 2727 acroteria
1320 2673 1456 2727 membris
1470 2673 1581 2744 integra
1594 2673 1758 2727 valetudine
1770 2689 1822 2727 au·

974 2761 1068 2831 gendo
1081 2760 1190 2832 aliquid
1204 2759 1357 2832 discrepat,
1371 2777 1424 2832 per
1435 2762 1512 2833 quod
1525 2761 1669 2815 interdum
1684 2761 1823 2816 1111111111

973 2848 1048 2902 senis
1062 2847 1161 2919 digitis
1173 2853 1328 2904 nascantur
1339 2848 1482 2915 homines,
1493 2853 1521 2904 et
1530 2850 1668 2920 pleraque
1678 2848 1743 2912 alia,
1756 2865 1822 2920 qum

972 2952 1037 2990 cum
1056 2940 1163 3007 praeter
1176 2935 1411 2991 consuetudinem
1430 2936 1520 2992 nimia
1539 2940 1616 3002 sunt,
1640 2939 1823 2990 monstruosa

972 3023 1168 3091 nominantur;
1189 3022 1307 3079 tertium
1330 3024 1458 3091 noxium,
1482 3026 1638 3096 quodcum
1653 3024 1764 3093 accidit,
1779 3028 1823 3079 tu·

971 3128 1035 3166 mor
1047 3115 1180 3180 vocatur3
1202 3128 1271 3167 nam
1284 3112 1370 3168 etiam
1384 3113 1423 3169 sic
1437 3114 1569 3169 membra
1583 3129 1708 3169 crescere
1724 3113 1823 3169 dicun·

971 3205 1028 3267 tur,
1041 3206 1070 3254 et
1083 3215 1182 3254 revera
1197 3200 1293 3256 locum
1311 3206 1452 3274 occupant
1468 3203 1650 3273 ampliorem,
1667 3202 1717 3258 sed
1732 3218 1822 3274 expu-

971 3293 1058 3361 gnata
1069 3288 1146 3344 bona
1172 3288 1352 3344 valetudine:
1369 3290 1410 3346 ita
1425 3291 1456 3346 in
1471 3292 1568 3346 animo
1591 3291 1725 3364 quaedam
1740 3289 1823 3362 quasi

971 3376 1112 3432 naturalia
1130 3377 1307 3433 incrementa
1329 3383 1406 3445 suut,
1431 3396 1496 3435 cum
1511 3380 1637 3435 honestis
1657 3384 1685 3435 et
1699 3379 1733 3434 ad
1748 3379 1821 3433 bone

971 3468 1111 3537 beateque
1127 3465 1280 3521 vivendum
1304 3469 1522 3523 accommodatis
1542 3467 1701 3539 disciplinis
1722 3466 1822 3537 augeri

972 3552 1085 3607 dicitur.
1101 3550 1172 3607 Cum
1182 3568 1250 3606 vero
1261 3569 1294 3608 ea
1307 3553 1449 3617 discimus,
1466 3571 1531 3625 qum
1545 3553 1722 3608 mirabiliora
1733 3567 1821 3624 quarn

970 3640 1087 3696 utiliora
1099 3643 1186 3707 sunt3
1200 3655 1366 3712 quanquam
1383 3641 1530 3696 nonnullis
1544 3641 1630 3697 rebus
1649 3643 1821 3712 pierumque

971 3732 1143 3799 opportuna,
1167 3743 1376 3798 supervacanea
1399 3733 1497 3785 tamen
1520 3733 1549 3785 et
1570 3729 1604 3785 de
1624 3729 1674 3782 itio
1695 3728 1820 3783 secundo

970 3831 1075 3890 genere
1090 3817 1269 3872 numeranda
1283 3823 1358 3873 suut.
1370 3819 1433 3874 Non
1448 3818 1525 3874 enim
1537 3819 1561 3873 si
1572 3819 1691 3890 qnidam
1703 3817 1819 3884 tibicen,

969 3911 1001 3964 ut
1021 3907 1108 3961 Varro
1129 3908 1300 3977 auctorest,
1322 3907 1363 3963 ita
1385 3909 1525 3981 poputum
1549 3907 1698 3963 delectavit
1721 3911 1753 3961 ut
1770 3922 1821 3962 rex

969 3998 1062 4068 fieret,
1075 3998 1140 4054 ideo
1159 3995 1288 4051 animum
1303 4004 1438 4053 nostrum
1452 3996 1501 4052 illo
1517 3996 1639 4051 artificio
1654 3995 1820 4067 augendum

967 4092 1070 4158 putare
1098 4089 1248 4144 debemus:
1269 4086 1339 4158 quia
1360 4102 1413 4140 nec
1434 4085 1557 4156 majores
1585 4099 1672 4155 quam
1698 4082 1819 4137 humani

968 4179 1044 4243 sunt,
1062 4176 1162 4231 dentes
1175 4176 1281 4231 habere
1296 4173 1445 4240 vellemus,
1460 4173 1484 4226 si
1511 4171 1698 4236 audissemus,
1715 4187 1732 4224 a
1747 4186 1818 4241 quo·

967 4262 1057 4332 piam,
1080 4265 1155 4334 quod
1175 4263 1247 4317 tales
1269 4261 1413 4327 babuerit,
1435 4275 1535 4315 morsu
1553 4258 1817 4313 hostemnecatum.

968 4351 1089 4405 Nouium
1103 4367 1170 4406 uero
1184 4350 1255 4406 iliud
1269 4354 1311 4404 est
1323 4364 1414 4419 genus
1426 4349 1542 4412 artium,
1557 4362 1615 4418 quo
1629 4345 1719 4400 animi
1740 4346 1817 4399 rale-

967 4440 1037 4496 tudo
1051 4438 1195 4494 sanciatur
1207 4456 1213 4494 :
1225 4454 1293 4494 narn
1308 4442 1337 4492 et
1350 4438 1436 4493 odore
1455 4453 1487 4490 ac
1501 4451 1601 4506 sapore
1618 4434 1689 4489 mire
1711 4432 1817 4504 dijudi-

967 4544 1031 4583 care
1045 4529 1204 4599 pulmenta,
1220 4533 1248 4584 et
1262 4544 1319 4599 quo
1334 4527 1397 4581 tacu
1412 4524 1497 4597 piscis
1511 4526 1609 4594 captim
1626 4523 1671 4588 sit,
1687 4523 1732 4577 111
1748 4539 1818 4594 quo·

967 4620 1054 4672 tenne
1067 4617 1166 4671 viuum
1182 4617 1229 4687 sit,
1240 4632 1323 4671 nosse
1331 4611 1644 4684 dicere⁴,quaedamest
1655 4610 1817 4667 miseranda

965 4705 1084 4778 peritia;
1100 4708 1129 4759 11
1140 4704 1185 4759 his
1199 4704 1308 4760 artibus
1323 4719 1388 4758 cum
1401 4700 1482 4773 quasi
1496 4699 1616 4754 crevisse
1627 4699 1723 4754 anima
1735 4699 1816 4754 ride·

966 4800 1024 4862 tur,
1041 4811 1106 4866 qum
1121 4795 1249 4866 neglecta
1260 4797 1357 4848 mente
1372 4789 1645 4858 defluxitiusensus,
1655 4789 1726 4844 nihil
1738 4788 1817 4844 atiud

966 4899 1054 4956 quam
1068 4883 1208 4937 tumuisse
1222 4881 1266 4936 111
1286 4879 1373 4936 etiam
1389 4877 1570 4933 contabuisse
1583 4876 1738 4948 judicanda
1761 4880 1813 4932 est.

1050 4988 1164 5044 carot
1178 4989 1235 5044 1111.
1254 5016 1289 5026 -
1302 4987 1408 5040 Animo
1422 4983 1557 5055 numquid
1567 4999 1601 5038 ea
1612 4998 1640 5039 sc
1652 4985 1731 5039 sciat.

1001 5095 1046 5149 31.
1062 5096 1094 5149 Ε.
1107 5092 1222 5164 Accipio
1237 5092 1290 5146 ista
1319 5095 1347 5145 11
1372 5089 1522 5160 assentior,
1546 5105 1600 5146 uec
1625 5093 1722 5144 tamen
1742 5085 1812 5142 nihil

965 5198 1057 5254 angor
1071 5199 1105 5236 ex
1120 5199 1153 5236 eo
1169 5181 1246 5252 quod
1262 5179 1396 5251 imperita
1420 5179 1549 5234 omnium
1572 5193 1670 5233 rerum
1689 5181 1716 5231 et
1731 5175 1816 5231 bruta

964 5275 1007 5325 est
1017 5270 1122 5337 anima,
1139 5285 1225 5341 quarn
1240 5269 1271 5323 in
1286 5284 1376 5340 puero
1395 5284 1494 5324 recens
1508 5271 1575 5323 nato
1591 5271 1731 5338 quantum
1747 5264 1815 5320 licet

965 5357 1142 5429 inspicimus.
1158 5358 1213 5413 Cur
1225 5357 1303 5412 euim
1319 5357 1428 5413 nullam
1444 5362 1535 5413 artem
1548 5370 1646 5411 secum
1661 5352 1767 5423 attulit,
1789 5352 1814 5409 si

1002 5465 1009 5497 ¹
1025 5467 1134 5526 Discere,
1143 5463 1220 5526 juxta
1234 5464 1292 5513 Par.
1305 5463 1339 5512 11.
