3884 6112
138 225 189 279 50³

137 359 191 415 ope
200 342 310 415 liquido
322 342 482 413 explicatas.
495 342 592 413 lt'eque
605 339 660 395 alia
672 340 707 395 de
717 356 801 394 causa
811 340 896 393 ctiam
908 338 985 393 illurn

137 432 200 486 siue
209 430 393 485 contentione
403 445 461 484 uon
471 427 704 493 semettractavit,
716 444 753 482 11
762 426 868 481 scilicet
878 426 934 480 vivi
944 440 987 479 ve·

136 519 213 591 perti
222 519 391 574 adveniente
403 518 526 574 Domino
537 516 567 573 iu
579 516 676 571 saculi
687 516 745 570 1111
755 531 787 570 ex
799 515 851 569 bac
861 513 987 569 mortali·

136 612 194 661 tate
205 607 240 661 ad
251 607 495 661 immortalitatem
507 605 567 659 sine
579 604 672 659 media
681 609 772 658 morte
779 601 987 657 transiturisint

136 695 238 764 (Epist.
252 697 313 761 193,
324 711 351 749 n.
362 697 377 748 9
388 709 475 762 segg,
489 698 514 748 et
523 693 556 747 de
568 694 648 748 Ciuit.
660 694 717 759 liei,
729 691 777 745 lib.
792 693 838 756 ao,
853 706 914 760 cap.
929 690 986 759 10).

172 787 199 837 b.
221 781 398 853 Augustinus
423 781 582 852 Hipponem
605 795 733 834 reversus
756 779 987 849 calamumque

138 869 283 925 blercatori
298 868 476 935 rescriberet,
495 867 628 939 arripuit.
644 869 714 922 Nam
729 867 815 938 hujus
827 866 905 937 apud
920 866 987 921 Car·

137 956 295 1027 thaginem,
315 956 496 1027 priusquam
513 957 670 1011 Caesaream
688 955 924 1028 proficisceretur,
939 954 986 1008 lit·

137 1048 211 1096 teras
226 1048 381 1114 acceperat,
398 1044 503 1114 quihus
524 1043 695 1115 respondere
711 1042 839 1096 nondum
853 1041 908 1112 ipsi
922 1057 987 1112 gra-

136 1130 262 1185 vioribus
271 1131 393 1202 negotiis
403 1132 622 1202 occupatissimo
637 1147 668 1184 ac
683 1130 826 1185 interdum
837 1129 988 1201 perlatoris

137 1219 283 1274 occasione
298 1219 407 1273 carenti
419 1219 549 1274 licuerat.
567 1221 721 1289 Propterea
736 1218 883 1283 Mercator,
901 1234 986 1288 quem

136 1308 198 1378 ejus
219 1307 323 1380 scripta
342 1307 504 1361 vehementi
525 1323 557 1360 ac
579 1306 750 1378 praefervida
769 1306 886 1377 ingenio
900 1305 987 1361 fuisse

137 1395 274 1464 indicant,
298 1397 431 1451 secundis
451 1397 488 1451 ad
511 1412 577 1451 eum
602 1396 675 1451 datis
695 1395 807 1462 litteris,
825 1396 902 1467 quod
915 1395 988 1451 nihil

137 1483 291 1554 accepisset
306 1483 444 1554 responsi,
460 1484 580 1554 perinde
595 1484 778 1555 querebatur,
794 1484 875 1555 quasi
890 1486 987 1555 negle-

138 1576 199 1625 ctus
215 1572 420 1643 despectusque
433 1572 553 1626 essetab
567 1571 727 1642 Augustino
740 1587 747 1625 z
758 1571 804 1626 cui
813 1571 892 1627 aliud
902 1571 987 1626 simut

138 1660 310 1729 opusculum
325 1659 460 1714 adversus
475 1676 563 1714 novos
575 1658 733 1722 haereticos,
752 1659 919 1730 Pelagianos
934 1660 987 1713 sci·

137 1747 213 1810 licet,
224 1746 260 1801 ab
274 1747 336 1817 ipso
344 1748 585 1803 considerandum
597 1748 835 1819 probandumque
845 1747 987 1802 mittebat.

139 1835 188 1889 llis
209 1835 351 1905 perlectis,
380 1839 494 1889 sanctus
518 1837 623 1890 lioctor
644 1835 732 1889 animi
754 1835 987 1901 commotionem,

138 1938 226 1993 quam
239 1922 279 1977 ibi
292 1922 427 1977 llercator
440 1940 500 1994 prae
515 1940 544 1978 se
559 1923 677 1989 ferebat,
692 1939 750 1978 nou
764 1924 849 1978 modo
865 1938 923 1978 nou
938 1939 987 1976 ac·

138 2010 215 2081 cepit
228 2009 257 2064 in
273 2011 375 2065 malam
387 2016 509 2083 partem,
519 2012 567 2067 sed
579 2016 608 2067 et
617 2012 739 2067 maxime
750 2016 861 2082 gratam
871 2011 986 2078 hahuit;

137 2102 224 2170 atque
245 2097 373 2168 ejusdem
392 2098 588 2168 querimonias
613 2098 783 2153 sinceritatis
809 2100 988 2154 charitatisve

137 2185 243 2239 indicia
265 2201 325 2238 esse
349 2185 482 2253 credidit,
507 2202 566 2240 non
589 2185 745 2242 iracundiae
760 2187 804 2241 vel
825 2187 986 2242 simultatis.

138 2273 238 2342 ltaque
261 2272 436 2327 rescribendi
462 2288 515 2344 per
540 2273 674 2328 Albinum
701 2273 829 2329 Ecclesiae
853 2276 988 2330 Romanae

140 2358 302 2428 acolythum
327 2359 506 2415 occasionem
525 2364 634 2427 nactus,
660 2361 780 2416 dilatum
807 2377 988 2432 responsum,

138 2450 227 2516 prout
240 2446 368 2502 bonitate
384 2463 436 2501 sua
446 2452 532 2519 atque
548 2448 709 2503 humilitate
724 2449 845 2520 dignum
860 2455 931 2516 crat,
947 2450 989 2505 illi

141 2533 302 2601 excusavit;
324 2550 357 2589 11
377 2534 473 2590 dubiis
488 2536 657 2607 quibusdam
668 2537 722 2591 sibi
737 2537 772 2592 ab
787 2554 821 2592 eo
834 2537 989 2609 propositis

140 2621 214 2676 circa
232 2621 260 2677 id
286 2623 363 2694 quod
385 2628 507 2678 mortem
535 2624 642 2695 peccati
662 2625 794 2680 eflectum
818 2643 851 2681 11
874 2643 988 2698 poenam

140 2726 201 2765 esse
230 2712 375 2783 negabant
399 2712 554 2783 Pelagiaui,
584 2713 728 2769 satisfecit.
757 2713 907 2769 Enimvero
937 2718 987 2772 ob·

30 2825 33 2829 >
136 2798 274 2869 jiciebant
297 2800 349 2863 illi,
372 2817 464 2872 neque
480 2801 636 2868 Enocbum,
653 2817 745 2874 neque
761 2804 850 2860 Etiam
866 2805 987 2873 obiisse;

138 2904 250 2944 necnon
268 2906 427 2945 asseverare
451 2892 571 2946 Paulum
594 2907 652 2961 eos,
668 2892 718 2962 qui
734 2892 843 2948 Christo
857 2895 989 2950 veniente

139 2977 305 3047 superstites
319 2983 414 3047 erunt,
430 2995 489 3034 nou
505 2979 668 3046 morituros,
685 2981 735 3035 sed
749 2981 775 3036 ei
786 2981 862 3037 vivos
876 2982 988 3037 obviam

138 3069 253 3135 raptam
268 3065 303 3119 iri
316 3065 347 3120 in
362 3082 429 3121 aera
440 3082 448 3121 :
461 3067 537 3121 uude
550 3067 722 3138 colligebant
735 3069 801 3140 ipsi,
812 3086 876 3126 cum
889 3087 989 3127 omnes

140 3150 271 3206 homiues
293 3158 413 3207 mortem
436 3171 495 3208 non
516 3156 648 3223 subeant,
672 3161 722 3211 eut
736 3173 785 3211 eos
798 3158 859 3213 sine
873 3165 988 3228 peccato

139 3241 231 3304 ustos,
247 3238 324 3309 quod
340 3239 478 3294 Catholici
498 3241 533 3296 de
556 3243 616 3296 solo
633 3242 743 3297 Christo
757 3261 837 3313 posse
851 3247 989 3300 affirmari

140 3326 366 3394 contendebaut;
388 3330 437 3381 aut
456 3342 571 3397 prauam
585 3329 693 3399 peccati
708 3335 830 3385 mortem
844 3348 901 3386 nou
916 3349 986 3389 esse.

141 3412 334 3481 Objectiouem
359 3413 432 3468 banc
446 3414 622 3486 Augustinus
643 3417 785 3488 explodit3
801 3434 835 3472 eo
851 3420 927 3490 quod
943 3420 989 3475 ui-

141 3499 257 3570 mirum,
270 3506 301 3555 ut
311 3502 434 3556 maxime
442 3509 552 3558 certum
564 3508 638 3558 esset
647 3521 664 3558 a
672 3505 814 3561 moriendi
822 3509 988 3564 necessitate

140 3590 279 3659 quosdam
302 3590 362 3644 fore
377 3590 530 3658 immunes,
546 3591 623 3647 hand
642 3596 739 3648 tamen
756 3595 908 3651 difficulter
921 3613 988 3652 con·

139 3677 197 3748 cipi
209 3678 308 3748 possit,
323 3679 352 3732 id
367 3679 506 3749 singulari
520 3679 617 3752 aliquo
637 3681 687 3735 usi
706 3682 857 3754 privilegio
873 3701 988 3740 conces-

140 3781 203 3818 sum
218 3764 265 3827 iri,
276 3781 344 3836 quo,
357 3766 382 3819 si
393 3768 521 3833 voluerit,
533 3769 673 3839 quosdam
683 3770 749 3825 huic
759 3787 852 3841 poenae
863 3773 988 3828 eximere

140 3855 242 3921 potest,
259 3867 317 3905 nou
332 3867 413 3905 secus
424 3869 457 3906 11
471 3855 704 3910 1111111111111111
714 3857 821 3913 eximit.
834 3859 988 3930 Epistotam

141 3953 222 3991 suam
236 3938 371 3993 terminat
383 3939 560 4010 professione
574 3941 623 3995 illa
637 3942 793 3999 humilitati
807 3947 869 4017 ejus
881 3952 939 4002 tam
951 3948 990 4002 11·

141 4025 256 4095 miliari,
285 4026 370 4080 malle
389 4043 419 4081 se
443 4043 475 4081 ex
498 4027 561 4082 aliis
578 4030 769 4100 quaestionum
791 4034 986 4090 abstrusarum

140 4114 312 4169 solutionem
324 4114 442 4182 discere,
459 4131 546 4186 quam
561 4133 594 4171 ex
606 4125 698 4173 semet
710 4135 772 4174 eam
788 4120 844 4174 iltis
858 4122 983 4180 tradere.

139 4205 203 4259 Pius
217 4219 288 4271 amo,
304 4203 353 4270 ait,
369 4203 481 4271 discere,
493 4220 576 4273 quam
588 4205 690 4261 docere.
713 4209 746 4263 ur
763 4224 826 4275 ergo
840 4209 986 4273 discamus,

139 4296 256 4349 inuitare
266 4308 317 4349 nas
328 4293 403 4348 debet
412 4296 535 4349 suauitas
546 4297 670 4351 ueritatis
676 4315 685 4362 ;
697 4303 728 4353 ut
736 4304 825 4355 autem
836 4299 986 4368 doceamus,

140 4396 231 4448 cogere
243 4384 387 4436 necessitas
401 4383 545 4438 charitatis
560 4385 659 4453 (Epist.
674 4388 734 4453 193,
749 4403 777 4443 n.
794 4389 847 4459 13).

174 4470 202 4521 7.
217 4468 336 4523 Albinus
355 4468 404 4524 ille
425 4471 571 4540 acolythus
584 4473 739 4541 superioris
754 4476 880 4546 epistolar
893 4480 988 4548 perla-

141 4558 195 4623 tor,
210 4555 279 4609 11111
292 4572 407 4628 quoque
420 4559 490 4613 duas
503 4559 615 4625 detulit,
628 4575 716 4614 uuam
731 4564 828 4633 (Epist.
847 4567 946 4631 11111.
962 4569 986 4638 1)

141 4640 175 4694 11
190 4642 373 4699 Coeleetinum
389 4646 517 4702 Ecclesiae
534 4648 671 4702 Romanae
692 4653 760 4704 tunc
773 4652 911 4722 temporis
925 4655 986 4709 dia-

140 4745 255 4796 conum,
271 4745 302 4784 ac
323 4738 423 4801 postea
438 4737 605 4806 presulem3
627 4751 714 4807 quam
728 4738 879 4808 epistolam
893 4745 988 4814 Augu·

139 4817 232 4873 stinus
254 4819 317 4888 ejus
341 4820 441 4876 litteris
466 4824 636 4896 Hipponem,
658 4841 723 4880 cum
753 4828 838 4899 louge
865 4830 986 4901 abesset,

138 4903 231 4958 allatis
244 4904 377 4975 reddidit,
394 4912 425 4961 ut
442 4908 468 4962 ei
482 4915 610 4967 mutuam
626 4913 853 4970 benevolentiam
867 4922 986 4973 testare·

139 4998 186 5048 tur
202 5009 209 5047 :
223 4993 341 5047 atteram
353 4999 451 5049 autem
464 4997 566 5068 (Epist.
587 5004 648 5068 191)
664 5002 698 5056 11
715 5004 843 5073 11111111
858 5006 985 5062 Ecclesire

137 5079 348 5151 presbyterum,
361 5097 485 5152 eumque
499 5086 603 5141 deinde
618 5089 762 5144 Caelestini
776 5090 806 5145 iu
821 5093 986 5164 episcopatu

139 5184 330 5223 successorem
340 5168 463 5238 sirium,
478 5172 623 5244 scriptam,
640 5193 696 5247 qua
711 5179 747 5245 ei,
760 5183 791 5233 ut
800 5180 861 5250 jam
873 5196 890 5233 1
903 5182 985 5236 nobis

138 5255 329 5327 observatum,
345 5257 381 5312 ob
393 5264 553 5329 susceptam
564 5265 664 5333 gratiae
679 5266 872 5323 defensionem
887 5275 986 5326 contra

138 5344 314 5415 Pelagianos,
326 5346 430 5419 quibus
439 5346 534 5418 ipsum
548 5348 642 5407 favere
651 5353 727 5408 fama
741 5361 811 5425 erat,
825 5358 984 5428 plurimum

138 5437 295 5500 gratulatus
306 5444 361 5494 est.
382 5440 437 5493 liar
452 5438 571 5510 epistola
582 5442 763 5512 prolixiorem
775 5448 860 5502 aliam
875 5466 904 5503 se
918 5449 984 5503 mis·

738 217 824 274 11111
852 216 880 273 1.
910 192 1104 274 1111111111
1132 212 1302 272 sersaoni.

1843 219 1891 275 tol

1041 352 1138 391 1111111
1155 352 1215 392 asse
1234 335 1423 409 pollicebatur
1437 320 1447 392 ε’
1460 352 1549 408 quam
1563 336 1658 409 reipsa
1670 338 1761 410 paulo
1778 340 1891 410 posted

1041 439 1107 479 eum
1117 424 1317 495 perferendam
1333 425 1412 480 dedit
1424 425 1518 480 Firmo
1528 427 1695 497 presbytero
1705 427 1811 496 (Epist.
1836 429 1890 491 lat,

1040 528 1069 567 a.
1088 513 1205 583 tjntlanc
1219 518 1332 567 sanctus
1348 514 1450 568 hoctor
1465 513 1672 584 posterioribus
1681 514 1785 585 gratim
1799 513 1892 569 inimi·

1041 600 1081 655 cis
1096 601 1250 672 aliquando
1264 601 1343 656 velut
1355 601 1391 656 ob
1404 602 1504 656 oculos
1519 618 1631 672 ponens
1647 619 1654 656 :
1669 603 1834 672 inspiciant,
1848 602 1893 672 ait,

1042 704 1125 757 quam
1149 688 1214 743 dedi
1236 689 1275 745 ad
1295 689 1405 744 Statum
1418 691 1545 744 Romane
1558 690 1684 744 Ecclesia
1697 691 1892 760 presbyteram,

1042 777 1151 846 quaudo
1184 777 1314 831 aduersus
1345 778 1505 844 Pelagianos
1533 780 1668 832 acerrima
1699 781 1894 847 conflictatione

1033 867 1204 919 ⁴certavimus
1219 864 1269 935 (tte
1283 868 1357 920 Dono
1364 867 1584 934 perseuerantia,
1594 881 1623 920 n.
1638 868 1693 934 55).
1708 865 1894 921 lllicetsulita

1042 951 1147 1022 effugia
1160 951 1325 1007 intercludit
1339 951 1543 1022 Pelagianis,et
1553 967 1654 1007 eorum
1663 957 1765 1008 111111
1773 953 1893 1024 gratiam

1043 1039 1153 1109 objecta
1167 1039 1297 1093 dissolvit
1309 1056 1315 1093 :
1328 1039 1457 1111 petitque
1468 1045 1613 1111 postremo
1621 1040 1746 1104 Sixtum,
1754 1046 1789 1096 ut
1800 1040 1892 1114 siquae

1042 1126 1098 1181 1111
1111 1126 1223 1181 noverit
1233 1142 1281 1180 eos
1292 1127 1426 1181 adversus
1441 1127 1609 1183 catholicam
1621 1129 1711 1183 tidem
1724 1129 1893 1200 excogitare,

1043 1231 1153 1269 necnon
1175 1231 1364 1286 quacumque
1381 1215 1517 1270 adversus
1540 1217 1658 1271 eosdem
1685 1233 1740 1287 pro
1764 1217 1823 1272 tide
1838 1218 1891 1290 ipse

1042 1303 1219 1370 disseruerit,
1235 1303 1397 1358 1111111111
1408 1303 1462 1357 sihi
1478 1304 1579 1374 (Epist.
1598 1307 1767 1374 11111111).

1078 1393 1107 1446 8.
1122 1391 1150 1445 Si
1165 1408 1221 1463 qua
1231 1407 1276 1446 res
1287 1392 1317 1446 id
1327 1391 1465 1463 temporis
1477 1392 1573 1447 lacurn
1582 1393 1891 1466 praeberetPelagiaue

1042 1480 1159 1534 baeresis
1174 1480 1329 1550 pernicicm
1344 1481 1598 1549 commonstrandi,
1615 1481 1799 1554 Augustinus
1809 1500 1891 1555 eaop

1043 1567 1219 1638 portunitate
1244 1568 1365 1622 solerter
1385 1569 1519 1623 utebatur
1542 1573 1570 1624 et
1593 1570 1783 1641 perlibenter.
1809 1575 1889 1644 Aptus

1043 1655 1170 1726 quidam,
1197 1656 1275 1710 idem
1294 1656 1342 1711 ille
1361 1656 1480 1712 forsitan
1502 1657 1651 1729 episcopus
1666 1674 1682 1713 e
1697 1663 1783 1731 parte
1798 1661 1888 1716 1111111

1042 1744 1243 1799 Tusurritanus
1257 1745 1370 1811 (Cottat.
1383 1746 1526 1814 Cartbag,
1537 1762 1597 1816 cap.
1611 1747 1687 1817 rao),
1697 1747 1750 1818 qui
1760 1750 1888 1805 aemulum

1043 1848 1128 1886 suum
1143 1832 1174 1886 in
1188 1833 1345 1887 Collatioue
1361 1833 1476 1904 agnovit
1490 1834 1657 1902 Asselicum,
1672 1836 1811 1891 iudaeum
1823 1854 1852 1891 se
1863 1853 1888 1892 ac

1043 1919 1200 1974 Israelitam
1222 1920 1339 1975 vocitari
1361 1904 1489 1990 volebat5
1513 1938 1624 1977 necnon
1644 1923 1802 1980 iudaizare
1821 1925 1888 1982 Chri·

1044 2007 1160 2076 stianos,
1176 2007 1204 2064 id
1227 2014 1278 2074 est,
1299 2009 1441 2065 abstinere
1456 2010 1492 2065 ab
1507 2010 1577 2064 escis
1593 2011 1666 2081 Lege
1681 2011 1851 2082 prohibitis,
1863 2031 1888 2069 ac

1043 2100 1161 2150 ceteros
1182 2098 1195 2150 J
1200 2096 1314 2152 udaicos
1328 2096 1399 2152 ritus
1414 2098 1563 2153 observare
1577 2099 1699 2154 docebat
1713 2101 1820 2171 (Epist.
1839 2105 1887 2171 lut,

1043 2200 1072 2239 n.
1102 2183 1157 2255 vo).
1173 2185 1311 2239 Asellicus
1324 2185 1432 2258 itaque,
1444 2187 1502 2241 sive
1512 2187 1664 2255 Asselicus,
1678 2188 1739 2248 ille.
1755 2189 1813 2244 nisi
1826 2189 1889 2245 felli·

1043 2287 1121 2341 mur,
1136 2273 1341 2328 Tusurritanus
1359 2274 1476 2329 antistes
1499 2275 1663 2342 catholicus,
1681 2276 1732 2348 qui
1749 2277 1889 2334 Collatioui

1043 2376 1108 2414 cum
1123 2362 1389 2432 AptoTusurritano
1404 2363 1536 2434 episcopo
1553 2364 1703 2418 bonatista
1712 2365 1887 2433 admittitis

1045 2464 1090 2503 ras
1100 2448 1135 2502 de
1145 2449 1262 2504 cavendi
1274 2452 1287 2504 J
1291 2450 1412 2505 udaismi
1431 2451 1637 2522 disceptatione
1650 2453 1687 2508 ad
1704 2454 1887 2510 Donatianuur

1046 2537 1190 2591 Bizaceuae
1213 2538 1366 2609 provincias
1385 2555 1461 2595 anuo
1484 2540 1777 2612 quadringentesimo
1790 2543 1888 2599 decimu

1044 2629 1141 2678 octavo
1152 2625 1303 2696 primatem
1315 2626 1410 2682 misit:
1427 2627 1562 2699 quasiste
1575 2629 1611 2682 11
1620 2632 1820 2701 Augustinnm
1833 2648 1887 2704 per·

1043 2714 1174 2768 ferendas
1190 2715 1307 2778 curavit,
1324 2720 1357 2769 ut
1375 2715 1416 2770 eis
1430 2717 1627 2786 responderet,
1644 2719 1835 2774 vehementer
1846 2720 1888 2774 ob·

1043 2816 1157 2855 sacrans
1182 2802 1274 2872 (lita,
1305 2820 1332 2857 u.
1359 2805 1391 2872 1).
1418 2804 1523 2859 Murem
1547 2805 1635 2875 gessit
1657 2807 1846 2878 Augustinus,
1863 2825 1889 2863 ac

1045 2889 1249 2945 demonstravit
1270 2891 1443 2947 Christianos
1467 2909 1533 2947 vere
1554 2894 1669 2948 ludaeos
1695 2900 1724 2950 et
1748 2897 1888 2961 israelitas,

1044 2978 1199 3033 Abrabami
1221 2996 1335 3051 quoque
1351 2997 1383 3035 ac
1397 2981 1473 3035 Sarae
1488 2981 1562 3036 filios
1577 2996 1635 3036 nou
1649 2999 1749 3051 carae,
1770 2986 1820 3040 sed
1837 2985 1888 3057 spi·

1045 3064 1102 3119 ritu
1118 3080 1178 3118 esse
1194 3081 1201 3119 :
1217 3081 1270 3120 nec
1282 3072 1379 3146 tamen
1393 3069 1443 3134 eis,
1459 3068 1514 3122 nisi
1529 3085 1645 3139 perraro
1656 3069 1718 3125 haec
1730 3073 1888 3143 usurpanda

1043 3152 1191 3219 vocabula,
1212 3169 1264 3207 nec
1287 3171 1320 3208 ea
1343 3155 1509 3226 quotidiano
1530 3173 1583 3210 usu
1609 3157 1835 3228 frequentanda;
1859 3177 1890 3216 m

1046 3238 1177 3296 videlicet
1192 3248 1305 3313 recepta
1322 3243 1391 3298 olim
1405 3245 1581 3299 cousuetudo
1594 3244 1733 3317 loquendi
1748 3248 1890 3318 perturbe-

1045 3332 1102 3393 tur,
1124 3332 1154 3382 et
1174 3344 1240 3383 cum
1259 3330 1364 3384 tudoeis
1387 3332 1495 3386 carnali
1517 3333 1703 3403 generatione
1724 3334 1762 3389 de
1776 3336 1888 3392 Abrabae

1045 3414 1134 3485 stirpe
1169 3416 1349 3471 venientibus
1385 3419 1596 3475 confundantur
1621 3421 1779 3478 Christiani
1803 3424 1887 3494 (1111..

1043 3518 1072 3557 n.
1089 3502 1168 3572 9-lo)
1186 3519 1193 3556 τ
1208 3518 1225 3556 a
1239 3504 1343 3574 quibus
1358 3505 1407 3559 illa
1417 3506 1534 3576 quidem
1547 3523 1634 3577 opera
1648 3509 1743 3581 Legis.
1756 3517 1889 3583 quaesunt

1043 3589 1074 3645 in
1096 3590 1238 3645 veteribus
1259 3595 1453 3664 sacramentis,
1477 3610 1553 3649 nuuc
1576 3597 1699 3651 revelato
1713 3597 1887 3655 Testamenta

1043 3695 1127 3747 novo,
1141 3694 1323 3750 nequaquam
1334 3680 1510 3736 observanda
1520 3699 1590 3738 esse.
1602 3687 1640 3739 At
1648 3683 1699 3739 illa
1707 3687 1812 3756 quaein
1823 3689 1887 3758 lage

1045 3767 1084 3820 ita
1095 3771 1238 3837 praecepta
1261 3772 1337 3837 sunt,
1361 3773 1394 3824 ut
1411 3769 1524 3824 valeant
1538 3771 1573 3825 ad
1588 3770 1790 3828 informandos
1804 3791 1887 3829 mores

1043 3854 1183 3917 fidelium,
1200 3854 1239 3909 sic
1252 3835 1417 3925 accipienda
1428 3860 1456 3911 ct
1469 3857 1644 3914 observanda
1661 3859 1757 3929 docet,
1772 3867 1805 3917 ut
1817 3861 1887 3934 quid·

1044 3942 1111 4014 quid
1128 3942 1159 3997 in
1174 3943 1214 3997 eis
1227 3943 1350 4015 quisque
1371 3945 1494 4015 proficit,
1510 3946 1646 4012 nonsibi,
1664 3948 1713 4002 sed
1729 3950 1829 4020 gratia
1840 3950 1886 4004 tri-

1043 4030 1112 4085 1111
1119 4031 1213 4098 (ibid,
1227 4048 1256 4086 n.
1276 4034 1339 4088 t·8l.
1356 4034 1425 4087 Nam
1437 4033 1468 4097 ii,
1481 4037 1529 4102 qui
1539 4050 1599 4089 cum
1607 4037 1885 4104 profiteanturseessa

1043 4121 1223 4186 Christianos,
1234 4122 1291 4189 ipsi
1301 4124 1399 4187 gratiae
1408 4122 1511 4177 Christi
1518 4125 1557 4177 sic
1566 4123 1761 4188 adversantur.
1770 4131 1802 4181 ut
1810 4142 1837 4182 se
1847 4128 1887 4182 bu·

1042 4213 1131 4263 naonis
1147 4209 1252 4264 uiribus
1265 4209 1362 4265 diuina
1375 4213 1530 4267 existiment
1546 4214 1656 4282 implere
1676 4216 1826 4282 mandatas
1842 4233 1888 4272 um

1043 4297 1160 4366 guidem,
1171 4301 1286 4365 nominc,
1313 4298 1407 4370 inquit
1420 4305 1533 4354 sanctus
1552 4301 1667 4372 hoctor,
1681 4303 1730 4358 sed
1742 4320 1832 4360 errore
1845 4309 1888 4361 tu·

1042 4386 1165 4440 riaiznnt.
1181 4387 1237 4441 Eoc
1255 4401 1338 4452 genus
1358 4388 1503 4453 tramittam,
1520 4388 1568 4451 ait,
1584 4391 1676 4458 capita
1687 4391 1745 4446 sibi
1757 4394 1891 4448 inuenerat

1042 4474 1180 4540 Pelagium
1190 4477 1215 4527 et
1228 4474 1392 4537 Calestium,
1402 4477 1551 4544 impietatis
1564 4474 1647 4544 bajus
1658 4484 1807 4535 assertores
1820 4496 1894 4535 aear-

1040 4561 1141 4614 rimos:
1157 4563 1206 4629 qui
1219 4565 1318 4615 recenti
1333 4561 1441 4631 jitdicio
1462 4565 1518 4630 liei,
1539 4578 1589 4633 per
1603 4565 1748 4633 diligentes
1766 4569 1896 4639 11111111

1040 4661 1130 4702 seruos
1145 4648 1203 4715 eius
1218 4650 1299 4702 etiam
1314 4649 1447 4704 catholica
1465 4654 1647 4705 communione
1658 4656 1769 4722 priuati
1780 4662 1855 4723 suat,
1868 4658 1904 4710 et

1038 4739 1150 4804 propter
1169 4751 1215 4789 cor
1236 4738 1412 4806 impenitens,
1428 4738 1517 4792 adtcuc
1531 4741 1561 4793 in
1574 4755 1626 4794 sua
1639 4741 1818 4800 damnatione
1828 4762 1909 4816 per*

1039 4824 1140 4876 sistunt
1151 4821 1243 4892 (luia,
1260 4839 1289 4877 n.
1306 4825 1359 4893 15).

1364 4904 1476 4960 CAPUT
1495 4907 1563 4961 liltt.

1043 4981 1148 5035 tAnao
1162 4981 1428 5052 quadringentesimo
1445 4985 1545 5039 decimo
1568 5001 1636 5041 nono
1656 4990 1797 5047 Honorius
1814 5010 1932 5049 manf

1075 5057 1169 5113 1111111111
1179 5061 1301 5128 Aurelio,
1315 5079 1415 5118 necrrou
1433 5064 1587 5131 Augustino
1601 5068 1696 5135 mittit,
1708 5086 1764 5139 quo
1777 5075 1897 5144 episcop»
1912 5078 1932 5113 ὅ

1075 5139 1504 5222 quilibetsubscviptiauescontra
1514 5147 1932 5211 111119111111111111111111141

1074 5216 1141 5270 clarc
1151 5221 1300 5273 teneantur.
1315 5223 1332 5272 2
1345 5220 1475 5288 Prodigia
1488 5225 1660 5293 ierosolymae
1673 5227 1797 5299 alibique
1809 5239 1932 5304 nuped

1073 5296 1134 5348 uisa
1143 5302 1240 5351 narem
1248 5299 1418 5365 Augustinus
1429 5303 1458 5354 in
1469 5306 1592 5357 concione
1601 5306 1678 5374 apud
1688 5307 1918 5379 Carthagines*

1075 5377 1089 5426 3
1104 5375 1281 5443 ttieroagmus
1294 5379 1444 5447 Augustini
1458 5397 1548 5436 amore
1559 5385 1682 5438 incursus
1697 5393 1853 5455 praeeram
1862 5376 1932 5444 ol

1070 5453 1226 5520 jugulatam
1241 5458 1328 5524 ipsius
1343 5473 1391 5525 ope
1406 5459 1592 5515 Calestiaaam
1608 5462 1741 5519 traeresim.
1758 5467 1777 5520 t
1795 5470 1899 5533 Aegi:
1918 5483 1932 5494 ·
