3884 6112
154 292 206 344 tea
256 310 262 321 ·

153 412 206 472 uo's
221 414 336 486 quidem
351 412 423 466 nihil
443 410 582 478 ridemus,
597 409 753 480 quominus
773 405 906 462 eumdem
922 405 1004 460 illum
1021 470 1025 477 ,

153 521 214 560 esse
241 516 410 573 persuasum
437 498 604 558 babeamus,
635 497 686 569 qui
704 494 839 567 praetorio
864 494 916 548 sub
936 491 1006 548 anni

154 587 427 666 quadringentesimi
445 586 516 641 noni
535 586 649 641 initium
668 585 817 657 praefectus
836 583 906 651 fuit,
922 587 1006 653 atque

155 682 241 738 etiam
256 696 322 734 eum
337 679 443 747 ipsum,
459 677 492 730 ad
513 691 599 746 quem
622 676 656 730 de
672 673 835 728 coercendis
851 672 880 726 in
897 671 1005 742 llippo·

155 769 237 826 ncnsi
252 772 342 823 tractu
358 764 513 820 Donatistis
530 764 642 818 circiter
658 779 767 818 annum
781 761 1005 833 quadringente·

156 859 261 914 simum
280 854 415 927 quintum
438 854 587 923 epistolam
611 852 689 907 dedit
707 850 883 922 Augustinus
903 850 1004 920 (Epist.

155 947 223 1015 Esslz
245 946 328 999 illum
348 943 425 996 enim
443 942 488 996 Vir
508 946 620 996 sanctus
639 944 764 997 veterem
785 937 909 992 amicum
926 939 1007 990 vocat

157 1035 255 1106 (Epist.
272 1037 332 1099 tal,
348 1049 376 1086 n.
396 1033 433 1100 l).

191 1126 217 1178 3.
243 1124 309 1177 Post
327 1119 486 1175 Heracliani
509 1118 618 1173 cladem
641 1117 761 1188 contigit
784 1119 815 1170 ut
839 1113 1006 1170 Caecilianus

154 1213 187 1266 in
209 1211 304 1265 Africa
327 1224 392 1262 cum
414 1208 520 1263 Marino
545 1206 647 1260 comite
667 1221 725 1260 una
743 1209 825 1271 esset,
847 1203 932 1273 longa
952 1199 1006 1254 sibi

155 1298 359 1362 familiaritate,
374 1301 405 1349 ut
420 1295 557 1357 ferebant,
574 1295 735 1364 conjuncto.
755 1294 826 1348 Cum
842 1297 938 1345 autem
952 1290 1005 1344 ali-

156 1387 272 1458 quando
291 1385 326 1440 ad
346 1401 412 1438 cum
428 1383 549 1437 venisset
569 1381 746 1448 Caecilianus,
763 1380 958 1435 ilercellinum
974 1394 1006 1432 ac

156 1476 274 1530 fratrem
291 1473 351 1542 ejus
373 1472 473 1526 Comes
493 1470 639 1524 accersivit
661 1469 790 1541 :quibus
814 1467 937 1522 dimissis
959 1483 1004 1521 re·

156 1562 271 1629 mansit,
291 1567 323 1615 ut
343 1561 495 1625 ferebatur,
522 1559 699 1626 Caecilianus,
723 1564 751 1612 et
775 1562 916 1612 secretum
939 1573 1004 1611 cum

157 1651 205 1706 illo
221 1649 394 1720 colloquium
409 1648 521 1714 babuit;
538 1647 681 1718 simulque
697 1647 787 1714 missi,
804 1647 854 1718 qui
869 1647 1004 1701 fratribus

155 1755 274 1793 manum
293 1737 452 1807 injicerent,
474 1741 502 1790 ct
518 1739 672 1806 utrumque
689 1735 719 1788 iu
741 1740 846 1788 tetrum
862 1751 1004 1789 carcerem

156 1845 187 1882 ec
218 1825 427 1881 tenebricosum
459 1824 654 1879 detruderent.
689 1823 876 1878 Nilrilosecius
907 1828 1005 1878 tamen

70 1983 73 1988 ,
154 1919 238 1975 isthic
252 1917 353 1972 letitia
367 1916 545 1970 Marcellinus
561 1915 798 1986 perfundebatur,
815 1931 927 1969 necnon
941 1931 1005 1970 ma-

150 2009 209 2080 jori
223 2006 386 2079 potiebatur
400 2004 544 2071 felicitate,
560 2021 647 2075 quam
664 2004 786 2075 ipsemet
806 2004 941 2071 Marinus,
959 2008 1004 2059 ut·

154 2101 221 2168 pote
236 2096 288 2166 qui
307 2111 360 2148 nec
381 2093 519 2163 dignitate
540 2109 591 2147 nec
605 2093 734 2163 potentia
749 2093 862 2163 assequi
879 2097 1002 2164 poteret,

155 2184 309 2254 quominus
318 2181 422 2236 furoris
436 2180 547 2252 proprii
559 2181 681 2236 stimulis
693 2181 830 2237 miserum
842 2181 872 2235 in
884 2182 1004 2237 modum

154 2271 357 2325 lancinaretur.
373 2269 502 2333 Quodam
517 2268 561 2323 dic
576 2269 664 2324 frater
683 2272 755 2341 ejus,
770 2287 835 2325 eum
846 2271 909 2341 jam
927 2270 1005 2342 pari-

153 2363 198 2414 ter
211 2359 243 2413 in
257 2356 386 2412 custodia
405 2360 581 2426 tenerentur,
604 2358 644 2412 ait
663 2358 705 2412 illi
725 2375 731 2412 :
752 2359 783 2414 Si
805 2375 867 2427 erpo
887 2361 941 2413 iaee
952 2375 1004 2429 pro

135 2434 140 2440 ’
154 2449 257 2504 curritis
268 2448 362 2517 potior
375 2451 545 2516 peccatorum
559 2463 693 2513 meorum
712 2451 750 2514 iu,
767 2449 845 2517 cnjus
859 2450 945 2503 uitem
958 2464 1003 2503 no·

154 2540 241 2593 vimus
252 2541 307 2591 tom
321 2539 420 2591 attente
432 2537 620 2604 recenterque
631 2537 821 2603 christianum,
836 2537 934 2606 quibua
948 2553 1005 2592 mo·

155 2628 189 2682 iis
207 2627 311 2680 meritis
329 2625 366 2679 od
381 2626 436 2678 isto
454 2625 600 2693 perductus
619 2627 667 2679 es?
688 2626 727 2679 At
748 2625 794 2678 ilic
813 2641 820 2678 ε
841 2627 1002 2692 Poroumne,

154 2715 253 2783 iuquit,
269 2714 338 2768 mibi
355 2715 495 2768 emistimos
510 2715 629 2780 anteferri
643 2713 775 2767 divinitus
797 2714 964 2781 beneficium,
978 2716 1004 2767 si

154 2806 243 2856 tomen
257 2801 304 2855 icc
319 2802 497 2855 testimouium
512 2805 588 2854 tuum
606 2801 639 2855 de
653 2802 712 2855 cito
725 2816 785 2855 oreo
802 2807 956 2870 veronesi,
973 2806 1003 2855 ut

153 2889 200 2943 troc
214 2888 287 2958 qued
297 2891 401 2958 potior,
416 2890 523 2942 etiamst
536 2904 620 2957 usque
634 2887 671 2942 od
685 2889 840 2957 effusionem
859 2891 1002 2956 soterinis

150 2980 255 3046 potior,
270 2978 310 3030 ibi
325 2981 437 3046 peceato
457 2993 515 3030 meo
531 2979 694 3045 partiuntur,
715 2993 760 3031 nec
782 2977 907 3032 militati
924 2980 1001 3045 iutu-

151 3081 212 3119 rum
220 3063 356 3133 iudicium
370 3069 558 3119 reserventur?
569 3066 619 3119 Hic
631 3068 702 3133 sorte
712 3067 823 3135 aliquis,
835 3067 932 3122 subdit
947 3069 1002 3121 Au·

152 3152 293 3225 gostinus,
312 3152 404 3205 credet
423 3167 482 3205 eum
502 3155 588 3217 tuisse
609 3154 662 3207 sibi
685 3156 820 3208 conscium
845 3155 1002 3221 aliquorum

151 3240 313 3295 occultorum
332 3238 511 3307 impudicitia
527 3244 709 3308 peccatorum.
731 3243 826 3296 Dicam
850 3257 913 3308 erpo
934 3243 1002 3311 quid

152 3343 193 3383 me
208 3329 336 3383 Dominus
365 3330 441 3393 Deus,
465 3326 503 3380 od
521 3341 649 3394 mopnom
672 3344 759 3382 meum
783 3331 1000 3400 consolationem,

151 3432 185 3472 ec
198 3418 255 3487 ejus
274 3432 318 3471 ore
330 3415 436 3482 audire,
449 3420 474 3470 et
492 3416 573 3485 plone
586 3419 655 3471 scire
675 3417 800 3472 uetuerit.
818 3418 885 3474 Cum
904 3418 937 3473 de
952 3420 1000 3474 trec

150 3510 217 3577 epse,
233 3509 264 3561 ut
277 3510 340 3560 suut
355 3505 483 3572 lcumena,
499 3505 631 3560 sollicitus
645 3507 718 3560 sotus
736 3522 796 3560 cum
811 3508 866 3561 solo
882 3523 998 3577 operam,

147 3594 208 3665 jum
221 3596 250 3649 in
268 3594 360 3649 eodem
381 3593 503 3648 custodio
522 3596 675 3661 constituto,
697 3610 730 3649 ne
750 3595 819 3665 qnid
838 3601 914 3665 esset,
929 3597 1001 3651 uude

150 3683 253 3752 majore
271 3688 296 3738 et
315 3682 465 3750 insipniore
477 3684 636 3751 penitentia
651 3687 733 3737 Deum
753 3684 808 3738 sibi
822 3685 934 3754 piocorc
952 3686 998 3741 de-

151 3771 222 3825 beret
228 3790 239 3836 ,·
252 3772 309 3839 itte,
324 3774 354 3824 ut
377 3775 436 3824 eret
449 3771 615 3825 uerecundia
637 3772 798 3839 stimuleris,
815 3789 875 3828 cum
898 3775 996 3843 ipsum,

151 3859 211 3914 ticet
223 3859 335 3926 sotsom,
351 3873 436 3912 meum
455 3861 633 3927 suspicionem
653 3861 826 3926 erubesceret,
842 3862 890 3916 sed
904 3863 998 3918 ocimo·

150 3949 279 4002 niticnem
292 3947 448 4015 pretiesime
459 3947 600 4015 occiperet,
613 3947 729 4002 modeste
743 3951 917 4019 prociterquc
931 3952 998 4006 sub-

149 4035 252 4099 ridens,
260 4039 286 4090 et
298 4038 414 4104 utroque
426 4050 509 4089 moun
522 4051 609 4090 meum
623 4036 763 4119 deuterum
776 4040 996 4109 oppreuecdens:

151 4123 254 4190 Testor,
279 4125 379 4193 inquit,
400 4128 570 4179 accrementa
593 4141 653 4193 qua
673 4142 722 4195 per
751 4128 820 4183 bone
849 4129 998 4198 otlermtur

148 4230 268 4281 monum,
283 4229 325 4268 me
342 4214 447 4268 cautium
460 4228 516 4269 esse
536 4220 678 4284 expertum
699 4217 879 4286 concubitum,
897 4224 998 4288 preater

147 4319 269 4373 uxorem,
282 4318 329 4358 uec
341 4307 412 4365 onte,
428 4318 474 4357 uec
487 4307 581 4371 posteo
595 4303 688 4374 (ltro,
703 4319 731 4360 n.
749 4306 788 4376 9).

182 4395 212 4449 4.
235 4393 328 4463 Atque
352 4392 413 4446 lraec
436 4391 559 4462 agebant
579 4392 766 4463 Carthagine,
790 4411 848 4466 qua
871 4395 903 4451 in
926 4397 997 4452 urbe

146 4480 246 4550 procul
261 4480 348 4535 dubio
361 4481 461 4535 beatus
475 4480 650 4550 Augustinus
659 4482 720 4552 jem
731 4487 797 4538 aute
812 4484 995 4540 versabatur:

147 4583 241 4639 neque
256 4568 332 4623 enim
346 4568 499 4623 verisimile
524 4571 576 4637 est,
598 4585 650 4640 per
664 4576 778 4641 tempus
801 4571 843 4625 illi
864 4573 995 4628 futurum

146 4654 233 4709 fuisse
252 4656 372 4710 liberum
397 4657 464 4711 illuc
487 4673 521 4711 ex
544 4658 692 4729 proposito
717 4676 778 4714 sese
803 4660 945 4718 conferre.
970 4662 995 4716 Is

145 4759 232 4814 porro
247 4743 320 4798 nibil
343 4745 458 4816 reliquit
471 4745 655 4816 intentatum,
672 4751 703 4801 ut
722 4748 847 4803 Marinus
871 4766 907 4804 ne
926 4751 995 4805 lter·

145 4831 241 4887 cellini
265 4846 331 4885 nece
355 4849 404 4886 eor
434 4834 564 4888 Ecclesia
592 4835 690 4890 dolore
718 4838 897 4907 percelleret,
923 4855 993 4895 nare

145 4937 226 4977 snam
250 4919 339 4990 ipsius
363 4920 488 4976 animam
512 4926 591 4978 tanto
616 4924 722 4980 scelere
736 4926 903 4997 perimeret.
919 4927 994 4993 Quin

145 5008 310 5067 Caecilianus
328 5008 399 5079 ipse,
415 5024 501 5080 quem
520 5013 667 5067 nonnullae
688 5014 814 5070 rationes
833 5016 993 5087 suspicione

143 5101 302 5171 procuratae
314 5097 398 5168 hujus
414 5098 583 5154 detentionis
598 5102 766 5168 onerabant,
783 5104 911 5159 Ecclesia
926 5121 992 5175 pre-

143 5188 222 5243 cibus
237 5204 301 5242 suas
315 5186 472 5257 conjunxit,
488 5203 611 5259 cumque
627 5190 767 5245 lilarinum
780 5207 855 5261 supe
865 5192 993 5246 monuis-

142 5283 193 5342 set,
211 5294 286 5349 seepe
311 5275 477 5348 suppliciter
499 5283 615 5346 orasset,
637 5295 718 5349 spem
741 5279 859 5335 laetioris
882 5296 991 5335 sueces-

142 5383 189 5422 sus
204 5366 369 5422 ostendebat
382 5381 441 5420 non
457 5366 600 5436 exiguam.
619 5367 764 5439 Episcopis
775 5368 895 5423 subinde
910 5369 991 5423 affir-

142 5450 247 5516 mabat,
265 5468 379 5509 omnem
395 5467 424 5507 se
441 5465 558 5522 operam
573 5453 658 5523 atque
674 5452 845 5508 industriam
860 5453 889 5508 in
904 5453 934 5508 id
947 5470 991 5509 ne.

141 5539 212 5610 getii
226 5543 369 5611 conferre3
385 5539 520 5613 aquibus
534 5539 619 5595 etiam
635 5541 704 5597 illud
720 5540 838 5596 omnino
859 5543 894 5598 ad
910 5558 987 5599 cmo·

743 284 822 336 VlTA
844 283 871 336 S.
898 277 1086 334 AUGUSTINl
1114 279 1287 334 arlsuort.

1867 281 1907 333 tot

1061 403 1186 459 fiendam
1201 405 1249 460 abs
1265 421 1294 460 sc
1309 403 1446 458 invidiam
1465 402 1660 458 necessarium
1679 417 1753 469 esse,
1768 400 1906 457 convince

1059 493 1153 550 batur.
1175 495 1261 549 Multa
1279 494 1473 566 preciosaque
1492 492 1680 564 promittebat
1698 490 1851 559 blarinus3
1866 493 1904 548 sed

1060 597 1093 636 eo
1108 586 1230 650 tentum,
1244 587 1276 638 ul
1290 582 1387 638 fucum
1401 582 1508 637 faceret
1517 581 1703 659 antistitibus,
1715 595 1776 634 neu
1791 578 1905 652 captiuos

1061 686 1076 724 e
1099 670 1219 726 vinculis
1234 672 1400 726 eximerent.
1428 671 1486 724 Hoc
1509 669 1617 741 quippe
1641 668 1706 724 fieri
1721 669 1760 723 ab
1784 666 1821 722 iis
1836 685 1903 741 posse

1061 743 1238 827 credebatur,
1255 759 1312 814 sire
1335 757 1539 813 intercessione
1560 762 1647 829 atque
1670 755 1840 811 interventu
1861 757 1904 812 Ec·

1060 847 1152 902 clasiae
1168 849 1244 920 apud
1268 850 1484 919 Imperatorem,
1509 847 1567 901 sive
1585 846 1673 901 etiam
1697 844 1829 901 adhibita
1848 861 1904 901 non·
1938 852 1940 857 '

1060 936 1140 990 nulle
1167 937 1312 1005 violentia,
1336 937 1413 1008 quod
1439 936 1572 991 videntur
1599 950 1633 989 ee
1660 933 1754 990 sancti
1783 934 1900 989 Praesutis

1060 1024 1146 1078 verba
1181 1026 1351 1096 siguificare,
1388 1023 1579 1081 Ecclesiastico
1615 1038 1714 1078 monus
1746 1026 1838 1092 posset
1866 1038 1899 1078 cu
1937 1006 1940 1027 ¹

1060 1115 1163 1182 eripere
1184 1114 1279 1183 (lita,
1301 1129 1329 1168 n.
1354 1116 1391 1178 5).
1415 1115 1509 1184 Atque
1534 1127 1598 1166 eam
1624 1111 1662 1166 ob
1685 1127 1762 1178 rem,
1788 1113 1820 1165 ut
1846 1112 1899 1182 epi·
1938 1118 1940 1173 ᾗ

1061 1217 1211 1272 scaporum
1240 1217 1314 1256 unus
1338 1200 1375 1255 ad
1402 1201 1618 1271 Imperatorem,
1647 1199 1776 1254 fratrum
1802 1203 1902 1256 actum

1060 1307 1185 1359 causam,
1204 1291 1375 1358 mitteretur,
1391 1305 1449 1344 nou
1470 1289 1616 1345 consensit
1633 1289 1734 1356 modo,
1758 1289 1808 1344 sed
1831 1288 1901 1345 etiam

1060 1381 1153 1452 petiit,
1169 1380 1338 1452 promittens
1356 1380 1475 1447 interea,
1491 1378 1582 1434 donec
1600 1379 1691 1434 faetus
1707 1381 1785 1434 esset
1802 1377 1901 1447 omos,

1060 1469 1130 1540 quid
1143 1469 1247 1524 missus
1259 1469 1408 1540 episcopus
1428 1467 1621 1539 impetrasset,
1643 1468 1707 1538 ejus
1727 1483 1760 1522 se
1778 1467 1901 1539 cognitio-

1060 1575 1128 1613 nem
1144 1559 1358 1630 ampliaturum.
1377 1559 1541 1612 Destinatus
1555 1573 1655 1612 revere
1666 1556 1725 1612 fuit
1739 1557 1776 1613 ad
1791 1556 1904 1613 Comita-

1059 1652 1121 1702 tum
1136 1664 1201 1703 cum
1221 1648 1339 1703 diacono
1355 1648 1474 1719 quidam
1494 1646 1662 1719 episcopus3
1676 1646 1763 1719 isque
1784 1647 1904 1704 fratribus

1061 1737 1243 1791 conveniam
1257 1736 1374 1806 quidem
1389 1735 1522 1802 obtinuit,
1539 1752 1575 1790 ne
1591 1735 1725 1792 videlicet
1740 1752 1843 1792 eorum
1853 1736 1902 1793 exi·

1061 1825 1186 1879 stimatio
1205 1825 1248 1879 vel
1266 1824 1346 1879 tenui
1366 1824 1527 1895 suspicione
1547 1824 1713 1892 laederetur,
1734 1841 1837 1881 verum
1857 1826 1902 1883 le·
1935 1868 1940 1895 ¹.

1060 1912 1123 1967 rino
1137 1913 1236 1968 comiti
1249 1913 1400 1983 imperata,
1411 1918 1443 1967 ut
1452 1912 1670 1985 quamprimum
1680 1929 1733 1969 ees
1744 1913 1902 1977 &mitteret
1938 1900 1940 1917 '

1060 2017 1154 2072 neque
1168 2003 1227 2056 ulle
1241 2018 1326 2073 poena
1339 2002 1384 2056 vel
1398 2001 1506 2072 injuria
1521 2002 1655 2057 afficeret.
1670 2001 1729 2058 Sed
1742 2017 1904 2074 responsum
1938 1998 1940 2003 ’

1060 2089 1242 2160 Imperatoris
1255 2091 1400 2161 praevertit
1411 2090 1521 2145 Comes.

1097 2182 1122 2234 5.
1137 2179 1231 2233 Tertio
1251 2179 1296 2233 die
1316 2183 1381 2234 ante
1400 2181 1524 2234 natalem
1543 2179 1677 2251 martyris
1699 2179 1849 2252 Cypriani,
1862 2182 1904 2238 boc
1938 2206 1940 2215 ·

1060 2271 1114 2335 est,
1129 2267 1221 2338 pridie
1237 2267 1301 2322 idus
1315 2268 1494 2339 septembris,
1513 2268 1609 2323 inrisit
1631 2268 1807 2325 Caecilianus
1821 2274 1904 2341 Augu·

1060 2355 1178 2422 stinum,
1197 2356 1280 2428 eique
1295 2373 1385 2428 spem,
1401 2374 1489 2429 quam
1503 2373 1633 2428 unquam
1652 2362 1751 2427 antea,
1767 2359 1903 2416 meliorem

1060 2444 1162 2500 dedit:
1185 2446 1307 2500 Romam
1326 2446 1404 2500 enim
1428 2446 1626 2516 profecturum
1646 2463 1709 2501 sese
1733 2448 1902 2520 propediem,

1060 2549 1231 2605 sperareque
1245 2534 1314 2589 adeo
1330 2534 1393 2602 sibi,
1409 2534 1577 2606 priusquam
1589 2535 1762 2603 discederet,
1779 2535 1852 2592 illud
1863 2536 1903 2591 be·

1059 2622 1154 2676 nelicii
1179 2623 1319 2677 Comitem
1344 2639 1405 2678 esse
1434 2639 1645 2679 concessurum.
1674 2625 1764 2680 Beato
1789 2624 1904 2681 Antistiti

1059 2716 1208 2781 persancte
1223 2710 1386 2779 affirmavit,
1404 2728 1434 2766 sc
1454 2713 1561 2767 Marino
1577 2728 1643 2767 cum
1664 2712 1701 2767 ad
1722 2712 1811 2769 illum
1824 2712 1903 2769 vena-

1059 2802 1112 2867 set,
1127 2803 1224 2868 aperte
1243 2799 1410 2865 declarasse,
1427 2793 1651 2855 familiaritatem
1669 2799 1764 2870 illam,
1781 2815 1838 2873 qua
1853 2813 1903 2854 sese

1058 2891 1118 2941 tam
1140 2887 1338 2959 frequentibus
1361 2889 1510 2960 colloquiis
1535 2888 1721 2960 dignabatur,
1744 2889 1772 2944 si
1798 2887 1902 2960 quidem
1938 2954 1940 2961 Ι

1057 2974 1142 3029 hosce
1160 2976 1261 3031 fratres
1276 2978 1464 3032 damnaturus
1483 2981 1565 3046 esset,
1580 2978 1634 3032 sibi
1649 2993 1709 3032 non
1727 2977 1845 3045 honori,
1859 2975 1902 3031 sed

1058 3064 1163 3118 damno
1174 3064 1300 3119 interram
1314 3067 1398 3135 longe
1411 3066 1535 3122 marimo
1551 3083 1558 3120 ι
1575 3067 1684 3121 etenim
1699 3082 1768 3121 cum
1782 3067 1900 3122 obscure
1937 3128 1940 3135 ,

1058 3157 1151 3207 essent
1163 3153 1282 3218 nemini,
1299 3170 1364 3226 quae
1378 3154 1432 3209 sibi
1447 3170 1512 3209 cum
1530 3155 1586 3209 illis
1600 3155 1830 3224 intercedebant,
1844 3155 1902 3210 elie
1938 3198 1940 3219 ,

1056 3241 1182 3295 nationis
1202 3258 1305 3312 musae,
1330 3259 1430 3298 omnes
1452 3243 1534 3298 facile
1555 3244 1726 3311 credituros,
1746 3261 1778 3300 se
1797 3259 1848 3300 nec
1863 3243 1900 3300 in·

1057 3328 1184 3385 consulto
1200 3347 1252 3385 nee
1267 3331 1451 3388 dissentiente
1467 3336 1582 3404 captum
1596 3333 1749 3405 utriusque
1764 3334 1801 3389 de
1815 3332 1899 3389 medic
1937 3360 1940 3367 ·

1056 3417 1175 3473 tollendi
1192 3419 1354 3474 consilium.
1370 3421 1497 3493 Denique
1513 3438 1600 3478 manu
1618 3422 1653 3477 ed
1671 3423 1765 3479 altare
1779 3425 1898 3495 porrecto
1937 3406 1940 3481 ζ

1056 3507 1202 3578 dejeravit,
1211 3525 1277 3564 vere
1291 3526 1320 3564 se
1336 3510 1443 3566 Marino
1457 3511 1560 3566 dixisse
1570 3529 1604 3567 ea
1618 3512 1727 3579 omnia,
1739 3513 1845 3584 quibus
1857 3512 1899 3568 lttc
1936 3516 1940 3569 .'

1056 3595 1128 3650 adeo
1150 3602 1299 3668 permotus
1323 3599 1379 3653 sibi
1402 3600 1478 3654 visus
1502 3600 1548 3668 sit,
1564 3605 1596 3656 ut
1618 3600 1741 3656 minime
1755 3602 1896 3668 dubitaret,

1056 3684 1127 3755 quin
1141 3687 1292 3741 amborum
1312 3688 1396 3742 venia
1415 3704 1465 3759 pro
1486 3689 1597 3757 viatico,
1623 3689 1653 3743 id
1678 3695 1731 3758 est,
1757 3704 1896 3746 munerum

1055 3773 1171 3827 illorum
1186 3775 1259 3844 loco,
1276 3776 1380 3847 quibus
1400 3776 1501 3832 donari
1515 3778 1645 3833 solebant
1664 3778 1752 3835 amici
1766 3779 1895 3836 muten-

1054 3865 1109 3930 tes,
1130 3863 1184 3917 sibi
1200 3865 1235 3918 ab
1255 3880 1288 3918 co
1308 3867 1521 3921 concederetur.
1542 3866 1650 3932 Quibus
1673 3867 1792 3937 auditis,
1806 3869 1894 3924 fatetur
1935 3857 1942 3910 Ι

1054 3951 1230 4022 Augustinus
1245 3952 1298 4007 sibi
1311 3959 1372 4008 tam
1387 3958 1464 4009 certo
1479 3970 1648 4026 persuasum
1662 3956 1764 4026 fuisse,
1785 3956 1892 4013 cocilin·
1912 4018 1916 4025 ,
1931 3945 1942 3999 Ι

1054 4055 1126 4094 num
1136 4039 1291 4096 liberandis
1305 4041 1341 4095 iis
1353 4042 1481 4097 sedulam
1496 4060 1615 4115 operam
1630 4060 1663 4099 ac
1678 4045 1821 4103 sincerem
1832 4061 1890 4118 prc-
1929 4034 1942 4102 Ι

1055 4133 1140 4197 stare,
1165 4134 1196 4183 ut
1218 4146 1281 4185 eam
1302 4131 1471 4202 opinionem
1495 4133 1581 4188 etiam
1600 4134 1661 4189 viso
1681 4138 1744 4190 mm
1765 4135 1888 4192 contnuo
1928 4121 1942 4178 Ι

1054 4219 1130 4274 exitu
1144 4235 1204 4275 non
1222 4222 1342 4277 exuerit.
1358 4220 1519 4294 Enimvero,
1533 4240 1600 4279 eum
1614 4226 1757 4296 postridie
1772 4228 1831 4300 ejus
1842 4223 1887 4282 dici
1926 4209 1942 4279 Ι

1054 4308 1216 4380 accepisset,
1235 4314 1391 4382 utrumqne
1410 4329 1521 4368 earcere
1544 4313 1692 4382 eductum,
1708 4315 1748 4372 ad
1767 4315 1887 4374 Comitem
1926 4300 1942 4352 Ι

1053 4397 1200 4452 sententiaa
1215 4400 1437 4469 pronuntiandae
1456 4418 1540 4457 carisa
1555 4402 1730 4474 perductum
1747 4421 1824 4477 esse3
1836 4418 1888 4475 per·
1925 4387 1942 4440 Ι

1052 4486 1147 4539 eulsus
1168 4485 1286 4556 quidem
1310 4487 1365 4542 fuit
1388 4505 1447 4544 non
1471 4491 1652 4546 mediocriter
1676 4510 1683 4547 τ
1707 4499 1887 4550 verumtamen
1925 4475 1942 4527 Ι

1052 4571 1098 4641 iis,
1114 4588 1178 4643 qum
1198 4574 1327 4628 audierat
1350 4592 1384 4630 ex
1408 4578 1571 4646 Caeciliano,
1587 4579 1789 4652 confirmatus,
1811 4582 1886 4652 deqw
1924 4564 1942 4614 Ι

1052 4675 1151 4714 eorum
1171 4661 1338 4717 liberatione
1357 4668 1469 4722 tautum
1488 4684 1547 4722 non
1566 4672 1670 4736 certus,
1686 4671 1827 4727 Comitem
1841 4669 1885 4725 exi·
1923 4651 1942 4702 Ι

1052 4749 1178 4804 stimavit
1196 4751 1330 4822 Cypriani
1349 4756 1482 4826 martyris
1498 4756 1680 4828 pervigilium
1699 4775 1735 4815 eo
1756 4757 1884 4831 delegisse,
1928 4738 1942 4790 Ι

1052 4840 1083 4891 ut
1096 4837 1183 4892 tidem
1198 4855 1280 4894 suam
1293 4842 1442 4898 Caeciliano
1458 4845 1603 4916 liberaret,
1617 4851 1704 4919 etque
1719 4848 1762 4903 ita
1772 4846 1885 4905 fluctuo
1929 4827 1942 4902 ἦ

1050 4924 1103 4979 hoc
1133 4925 1280 4998 inopinato
1308 4936 1412 4986 eventu
1436 4934 1601 4990 exhilaretis
1628 4935 1667 4991 ad
1691 4937 1788 4993 locum
1812 4930 1885 4992 mact'
1933 4907 1942 4963 ¹

1051 5013 1180 5085 blartyris
1196 5016 1372 5086 ascenderet,
1387 5023 1525 5090 parcendi
1541 5023 1731 5096 benignitate,
1754 5040 1838 5099 quam
1850 5036 1884 5078 ee·
1934 5001 1942 5052 Ι

1050 5104 1163 5160 cidendi
1184 5111 1326 5178 potestate
1349 5110 1511 5166 sublimior.
1534 5112 1589 5168 Sed
1612 5114 1721 5170 Marino
1740 5114 1824 5187 longe
1843 5110 1884 5169 dit
1934 5089 1942 5160 i

1049 5209 1130 5248 mens
1144 5200 1220 5264 erat;
1235 5198 1357 5252 necdum
1371 5199 1448 5254 enim
1467 5201 1587 5256 licuerat
1605 5203 1779 5275 Augustino,
1793 5199 1884 5276 quein
1932 5180 1942 5228 ³

1049 5299 1083 5337 ea
1095 5284 1253 5354 quaestione
1273 5293 1452 5358 gererentur,
1473 5290 1618 5359 sciscitari,
1636 5307 1703 5347 eum
1723 5308 1788 5349 eece
1803 5291 1844 5348 illi
1855 5285 1884 5344 ef·
1933 5267 1942 5406 ἶ

1047 5372 1139 5427 fertur
1151 5374 1186 5428 de
1205 5373 1325 5430 fratrum
1341 5378 1483 5449 supplicio
1498 5379 1589 5435 tristis
1608 5380 1741 5437 nunnus.
1755 5379 1884 5454 Siquidem

1048 5475 1112 5515 cum
1132 5461 1204 5517 nihil
1224 5480 1307 5536 aeque
1326 5472 1473 5523 vereretur
1489 5469 1600 5537 Comes,
1616 5485 1759 5541 quemne
1771 5466 1884 5526 acoleo
1930 5443 1942 5498 ¹

1047 5545 1210 5605 interventu
1238 5567 1297 5607 suec
1323 5553 1485 5610 crudelitati
1512 5555 1704 5626 eriperentur,
1735 5561 1896 5629 utmmquc.
