3884 6112
136 270 188 323 9³5
681 260 821 317 CONTRA
841 256 1078 350 lcanuutctls',
1099 256 1128 313 S.
1148 256 1342 314 AUGUSTINI
1850 260 1897 312 936

137 400 251 455 semper
268 381 567 449 suitsententiamea,
590 378 711 449 sapienti
723 378 784 449 jam
806 375 918 431 homini
939 374 982 429 ni·
1040 389 1100 428 non
1124 375 1199 445 quod
1222 373 1391 445 sapientiam
1419 374 1562 438 desidero,
1589 374 1659 429 volo
1693 373 1798 428 ritem.
1823 371 1898 426 Unde

137 474 178 528 hil
190 488 261 545 opus
277 486 355 537 csse;
371 474 403 524 ut
425 473 521 524 autem
543 467 656 537 sapiens
671 465 731 531 liat,
755 464 913 535 plurimum
937 479 986 518 ne-
1039 461 1156 517 fortuna
1169 462 1273 517 simihi
1289 462 1437 518 abstulerit
1450 464 1550 533 vitam,
1565 463 1815 518 auferetcausam
1828 476 1898 533 que

138 560 289 617 cessariam
305 575 365 614 esse
377 559 521 613 fortunam
537 556 605 624 (hil.
625 558 636 608 1
650 554 771 608 Retract.
789 568 848 622 cop.
872 557 896 616 l,
908 569 935 605 ιι.
953 551 983 618 ll:
1040 551 1138 606 rende
1152 551 1309 621 sapientie.
1327 551 1403 606 Nihil
1422 552 1512 623 igitur
1526 553 1633 619 habeo,
1649 567 1706 607 cur
1720 555 1754 605 ut
1772 549 1843 604 llam
1858 566 1897 603 sa·

138 650 193 705 nisi
208 649 276 721 quid
294 647 369 702 aliud
384 646 496 699 ridetur
523 643 634 714 Alypio.
658 643 729 695 Tum
753 641 801 695 ille
819 658 825 695 :
841 641 985 705 Querulum
1040 640 1132 712 piens,
1151 645 1201 695 eut
1214 642 1339 696 favorem
1355 645 1451 712 optem
1467 642 1604 709 fortune,
1620 647 1676 696 aut
1691 639 1897 710 impedimenta

135 738 219 810 juris,
240 736 343 807 inquit,
367 735 489 788 fortunas
512 731 631 797 tribuas,
657 730 783 784 nondum
813 729 886 784 hene
908 727 982 782 novi.
1040 729 1203 796 formidem,
1231 730 1287 784 nisi
1314 730 1370 784 alia
1392 730 1511 785 fortasse
1537 730 1712 803 protuleris.
1733 730 1810 783 Tum
1834 743 1895 797 ego:

139 828 209 882 Nam
239 825 261 878 si
288 823 321 878 ad
345 821 585 877 contemnendam
606 820 763 886 fortunam,
786 819 900 874 fortuna
923 817 985 889 ipsa
1040 818 1101 872 Non
1120 817 1210 889 igitur
1223 834 1322 873 censes
1348 819 1496 890 sapientie
1510 819 1676 875 studiosum
1695 833 1787 888 posse
1810 816 1897 871 afor-

139 929 212 983 opus
226 927 286 966 esse
307 910 465 977 arbitraris,
491 925 537 963 me
560 924 675 980 quoque
700 906 835 962 comitem
861 906 890 960 in
911 906 984 959 hanc
1040 910 1117 972 tuna,
1144 923 1180 961 ne
1195 907 1232 962 ad
1245 906 1413 978 sapientiam
1428 907 1587 979 perveniat,
1611 906 1768 978 impediri,
1789 904 1896 960 etiamsi

138 1001 308 1056 sententiam
325 999 362 1054 do
374 998 436 1053 tibi.
453 999 503 1054 Sin
516 999 639 1052 lortune
656 997 727 1050 nihil
743 994 821 1050 eliud
842 994 982 1060 concedis,

138 1104 226 1160 quam
241 1104 275 1142 ea
288 1104 353 1158 que
368 1086 495 1157 corporis
517 1084 679 1140 necessitati
702 1100 759 1139 non
783 1086 913 1153 possunt,
929 1081 985 1134 nisi

139 1176 201 1247 ipsa
222 1176 343 1241 volente,
365 1177 515 1245 suppetere
533 1188 612 1240 ,non
640 1172 680 1226 ita
702 1171 804 1226 sentio.
830 1175 887 1226 Aut
907 1169 984 1224 enim

138 1264 205 1318 licet
227 1263 327 1317 eadem
350 1265 528 1332 repugnante
554 1266 640 1332 atque
664 1259 762 1325 invita,
786 1259 916 1314 nondum
940 1274 984 1311 sa—

139 1352 241 1425 pienti,
256 1351 358 1421 cupido
374 1355 472 1404 tamen
486 1348 645 1420 sapientie,
662 1364 695 1402 ea
709 1363 821 1402 sumere
836 1363 900 1417 que
921 1346 986 1401 vite

139 1439 299 1495 necessaria
315 1438 502 1505 confitemur;
528 1442 577 1491 aut
604 1437 818 1492 concedendum
843 1434 986 1490 estctiam

139 1527 264 1583 inomni
279 1526 414 1598 sapientis
429 1526 485 1580 vita
499 1542 561 1580 eam
574 1525 727 1592 dominari,
743 1541 808 1580 cum
824 1529 852 1578 et
865 1523 925 1594 ipse
944 1538 987 1577 sa·

140 1615 222 1687 piens
237 1615 272 1668 iis
287 1630 351 1684 que
367 1613 481 1684 corpori
496 1613 654 1668 necessaria
677 1616 753 1679 sunt,
778 1627 837 1666 non
857 1610 987 1681 indigere

139 1720 198 1758 non
213 1703 311 1774 possit.

176 1795 201 1846 3.
219 1790 293 1845 Dicis
308 1805 387 1861 ergo,
401 1790 532 1861 inquam,
547 1789 692 1844 fortunam
713 1804 774 1842 esse
797 1785 985 1842 necessariam

139 1879 266 1934 studioso
282 1877 466 1948 sapientiee,
483 1877 605 1948 sapienti
625 1893 692 1931 vero
706 1892 807 1947 negas.
829 1877 891 1930 Non
905 1874 940 1929 al)
956 1890 986 1929 re

140 1972 182 2023 est
197 1968 295 2022 eadem
310 1971 448 2038 repetere,
463 1966 566 2038 inquit.
583 1968 682 2037 ltaque
702 1964 878 2021 nuncetiam
895 1963 944 2018 abs
958 1967 986 2018 tc

139 2072 246 2128 quem,
263 2059 360 2111 utrum
383 2055 527 2110 fortunam
549 2055 586 2109 ad
604 2054 726 2125 seipsam
748 2052 985 2108 contemnendam

137 2143 246 2215 aliquid
263 2144 360 2214 juvare
378 2143 510 2198 estimes.
536 2142 616 2206 Quod
639 2141 663 2195 si
682 2139 839 2207 arbitraris,
858 2139 920 2195 dico
939 2157 986 2194 sa·

139 2231 256 2303 pientie
269 2230 404 2302 cupidum
419 2245 595 2301 magnopere
610 2230 742 2300 indigere
762 2228 887 2285 fortuna.
902 2228 985 2282 Arhi-

139 2324 209 2386 tror,
227 2318 356 2389 inquam,
372 2317 514 2390 siquidem
537 2333 589 2387 per
613 2317 691 2371 illam
714 2316 769 2371 erit
793 2316 866 2384 talis,
894 2316 986 2388 qualis

139 2421 202 2462 eam
218 2406 308 2477 possit
322 2410 515 2460 contemnere.
530 2403 586 2459 Nec
605 2405 760 2459 absurdum
781 2409 824 2459 est
839 2422 846 2458 :
861 2421 928 2459 nam
946 2404 986 2458 sic

140 2495 226 2549 etiam
255 2493 350 2563 parvis
378 2493 460 2548 nohis
483 2493 573 2548 ubera
593 2493 753 2548 necessaria
778 2497 856 2559 sunt,
883 2493 987 2564 quihus

139 2581 271 2647 efficitur,
288 2586 319 2635 ut
334 2580 395 2634 sine
410 2580 562 2652 hispostea
574 2580 677 2647 rivere,
687 2597 718 2634 ac
730 2581 823 2634 valere
832 2580 984 2652 possimus.

1040 995 1066 1049 ei
1079 1011 1136 1050 non
1151 996 1261 1050 auferat
1278 996 1387 1052 vitum?
1399 998 1462 1052 Non
1475 997 1612 1063 arbitror,
1627 995 1740 1067 inquit.

1040 1084 1153 1139 CAPUT
1171 1083 1220 1137 lll.
1235 1113 1270 1125 -
1287 1084 1422 1152 Dlffesuat
1435 1088 1544 1155 sapiens
1569 1089 1596 1140 et
1609 1083 1771 1139 studiosus.
1787 1081 1893 1152 sopite

1107 1175 1159 1225 tem
1171 1167 1297 1226 ιιοιιιιιιιι
1308 1174 1386 1238 scire,
1402 1174 1468 1240 quio
1477 1173 1574 1227 saltem
1583 1174 1635 1227 scit
1646 1172 1835 1240 septentiam.

1076 1262 1103 1314 ὅ.
1130 1259 1210 1326 Volo,
1235 1259 1366 1330 iuquam,
1398 1260 1470 1315 mihi
1492 1260 1647 1331 paululum
1672 1257 1806 1330 aperias,
1834 1257 1895 1329 quid

1039 1346 1093 1401 tibi
1121 1346 1197 1402 inter
1223 1347 1383 1417 sapientem
1410 1353 1438 1402 et
1478 1348 1691 1419 philosophum
1719 1346 1835 1402 distare
1859 1347 1895 1400 vi·

1042 1433 1161 1489 deaturl
1174 1434 1340 1506 Sapientem
1359 1436 1526 1502 astudioso,
1550 1436 1599 1500 ait,
1624 1435 1713 1491 nulla
1737 1451 1773 1489 re
1788 1434 1895 1490 differre

1041 1522 1179 1592 arbitror;
1194 1522 1249 1577 nisi
1273 1524 1352 1595 quod
1367 1541 1488 1596 quarum
1514 1540 1612 1580 rerum
1636 1524 1670 1578 in
1685 1524 1825 1595 sapiente
1838 1523 1895 1595 qui·

1042 1610 1107 1666 dam
1122 1610 1236 1666 habitus
1263 1611 1347 1679 inest,
1373 1627 1472 1665 aarum
1496 1615 1539 1666 est
1565 1610 1597 1665 in
1612 1610 1752 1666 studioso
1768 1611 1832 1666 sola
1846 1610 1896 1665 lla-

1041 1698 1161 1769 grantia.
1179 1699 1249 1763 Que
1276 1703 1344 1754 sunt
1357 1700 1472 1755 tandem
1496 1699 1558 1754 iste
1584 1715 1643 1767 res,
1663 1699 1818 1771 inquam?
1833 1701 1894 1754 llam

1042 1787 1113 1842 mihi
1129 1786 1200 1841 nihil
1224 1787 1302 1842 aliud
1326 1787 1439 1843 ridetur
1466 1788 1612 1855 interesse,
1630 1787 1691 1842 nisi
1718 1787 1804 1859 qnod
1831 1788 1896 1842 alter

1042 1876 1094 1929 scit
1108 1875 1288 1946 sapientiam,
1316 1876 1388 1930 alter
1413 1876 1482 1930 scire
1506 1875 1661 1930 desiderat.
1677 1874 1709 1930 Si
1739 1876 1893 1941 scientiam,

1041 1963 1146 2034 inquit,
1167 1965 1295 2019 modesto
1310 1963 1367 2018 line
1392 1963 1575 2031 determinas,
1590 1964 1688 2034 ipsam
1703 1981 1773 2019 rem
1789 1966 1894 2036 planius

1041 2051 1169 2107 elocutus
1184 2068 1223 2108 es.
1252 2055 1371 2124 Quoquo
1397 2052 1493 2119 modo,
1519 2052 1651 2125 inquam,
1676 2068 1748 2108 eam
1764 2053 1893 2109 determi-

1042 2157 1120 2209 nem,
1134 2141 1205 2196 illud
1219 2141 1353 2195 omnibus
1379 2141 1497 2212 placuit,
1513 2141 1665 2197 scientiam
1689 2141 1839 2198 falsarum
1853 2158 1893 2198 rc·

1041 2243 1106 2282 raim
1121 2243 1182 2283 esse
1198 2244 1255 2282 non
1278 2243 1370 2299 posse.
1387 2227 1420 2282 ln
1447 2228 1502 2283 hoc
1517 2228 1599 2296 mihi,
1629 2228 1734 2301 inquit
1762 2230 1824 2300 ille,
1843 2231 1892 2285 risa

1042 2316 1095 2371 luit
1108 2315 1268 2387 objicienda
1282 2314 1468 2386 prescriptio,
1493 2332 1530 2371 ne
1543 2316 1768 2372 inconsiderata
1782 2334 1891 2373 consen·

1042 2405 1122 2459 sione
1137 2420 1201 2459 mea
1215 2404 1296 2459 facile
1308 2404 1339 2458 in
1353 2403 1518 2475 principalis
1533 2404 1611 2460 illius
1628 2406 1812 2476 questionis
1824 2422 1891 2461 cam·

1041 2492 1086 2564 pis
1100 2497 1149 2547 tue
1170 2493 1313 2564 equitaret
1327 2492 1427 2548 oratio.
1449 2493 1548 2561 Plane,
1569 2493 1705 2564 inquam,
1735 2495 1811 2550 mihi
1831 2495 1889 2550 nihil

1042 2581 1091 2637 ubl
1109 2581 1237 2652 equitare
1250 2596 1364 2652 possem
1379 2581 1531 2653 reliquisti.
1548 2582 1619 2636 Nam
1635 2581 1696 2636 nisi
1712 2582 1813 2647 fallor,
1827 2583 1891 2655 quod

138 2668 309 2736 Sententiae,
324 2668 373 2735 ait,
390 2672 501 2722 nostras
515 2668 539 2721 si
564 2667 653 2722 animi
676 2668 824 2739 conceptio
846 2683 904 2722 non
927 2668 985 2722 dis·
1038 2670 1209 2741 jamdudum
1230 2669 1342 2738 molior,
1369 2670 1403 2725 nd
1425 2669 1522 2740 ipsum
1537 2670 1627 2725 finem
1654 2671 1889 2741 pervenimussl

138 2763 229 2825 sonat,
242 2757 415 2811 concordare
430 2756 503 2811 mihi
518 2757 608 2827 liquet
624 2773 631 2810 :
648 2755 703 2810 nisi
723 2756 793 2811 sorte
819 2756 985 2811 discerncn·
1042 2758 1131 2827 enim,
1146 2763 1177 2812 ut
1190 2757 1332 2813 subtiliter
1341 2773 1464 2830 vereque
1479 2757 1586 2826 dixisti,
1597 2758 1674 2813 nihil
1690 2760 1776 2816 inter
1790 2761 1888 2832 sapien·

137 2846 206 2901 dum
220 2845 354 2916 cuiquam
373 2844 573 2916 videturquod
587 2845 630 2898 vel
645 2843 768 2898 lortune
782 2844 835 2913 ,vel
854 2843 986 2910 uberum,
1042 2845 1090 2899 tie
1102 2844 1262 2900 studiosum
1290 2850 1319 2900 et
1333 2846 1490 2918 sapientem
1505 2846 1636 2914 interest,
1665 2847 1729 2903 nisi
1754 2850 1829 2921 quod
1846 2849 1888 2902 iste

137 2951 197 2990 non
211 2934 273 3005 ipsa
283 2933 372 2988 ubera
387 2947 438 2987 seu
457 2932 583 3003 forlrma,
598 2933 647 2987 sed
663 2931 718 2987 alia
729 2948 773 2986 res
788 2933 920 3003 quedam
935 2948 986 2985 nos
1041 2937 1128 3002 amnt,
1146 2933 1194 2989 ille
1209 2938 1304 2988 autem
1320 2934 1406 2989 habet
1420 2933 1568 3005 sapientie
1591 2934 1802 3008 disciplinam,
1825 2936 1888 2991 unde

137 3023 224 3077 saciat
236 3025 455 3091 contemptores.
473 3020 549 3076 Nihil
564 3036 702 3093 magnum
718 3025 770 3087 cst,
784 3021 914 3092 inquam,
930 3020 985 3074 alio
1041 3021 1127 3076 etiam
1143 3038 1248 3077 nomen
1262 3023 1371 3094 ipsum,
1387 3022 1416 3077 id
1429 3028 1481 3089 est,
1496 3023 1627 3078 habitum
1658 3025 1822 3096 quemdam
1849 3040 1888 3078 er·

137 3109 224 3164 simili
236 3109 286 3163 uti.
305 3110 376 3163 llam
396 3112 428 3163 ut
441 3107 503 3162 sine
527 3109 601 3177 nari,
627 3109 671 3162 rel
695 3108 823 3179 quolibet
843 3107 984 3174 vehiculo,
1040 3109 1165 3181 primere
1179 3127 1238 3165 non
1253 3115 1401 3165 cunctatus
1412 3127 1456 3176 es,
1472 3127 1556 3166 nemo
1569 3116 1669 3167 autem
1681 3114 1796 3169 habere
1815 3113 1888 3169 disci-

137 3197 326 3259 automnino,
351 3212 387 3251 ne
409 3197 453 3251 vel
474 3196 570 3267 ipsum
595 3197 741 3251 Daedalum
764 3196 893 3264 timeam,
918 3197 979 3252 siue
1039 3199 1150 3271 plinam
1165 3202 1259 3270 potest
1272 3199 1301 3253 in
1328 3199 1436 3269 animo,
1452 3199 1502 3271 qui
1528 3199 1599 3254 nihil
1615 3200 1739 3269 didicit3
1755 3201 1828 3256 nihil
1845 3217 1888 3256 eu·

137 3286 202 3341 ullis
216 3285 253 3340 nd
280 3284 353 3339 hene
377 3299 440 3340 rem
462 3285 683 3339 accommodatis
708 3286 917 3350 instrumentis,
935 3290 984 3340 aut
1040 3291 1098 3342 tem
1115 3287 1225 3356 didicit,
1241 3287 1291 3359 qui
1310 3286 1383 3343 nihil
1406 3288 1499 3355 novit,
1527 3292 1555 3343 et
1568 3304 1654 3344 nosse
1682 3291 1796 3346 falsum
1810 3305 1887 3345 nemo

135 3374 233 3446 aliqua
246 3373 400 3429 occultiore
414 3371 553 3444 potantia,
564 3374 684 3444 AEgeum
705 3388 881 3428 marenemo
895 3378 985 3427 trans·
1040 3379 1148 3448 potest:
1165 3376 1245 3431 novit
1259 3375 1349 3448 igitur
1368 3376 1482 3446 sapiens
1509 3377 1671 3445 veritatem,
1700 3394 1794 3450 quem
1814 3378 1888 3434 disci·

135 3462 242 3530 mittit,
257 3461 388 3533 quamvis
412 3461 484 3516 nihil
514 3460 601 3527 eliud,
631 3477 720 3533 quum
743 3461 892 3532 pervenire
913 3478 984 3534 pro·
1039 3461 1149 3532 plinam
1165 3461 1311 3534 sapientie
1327 3463 1431 3519 habere
1459 3464 1489 3518 in
1513 3464 1620 3520 animo.
1648 3465 1680 3521 id
1709 3472 1755 3522 est
1768 3467 1888 3523 habiturn

134 3557 240 3625 ponat;
256 3552 411 3624 quodcum
429 3551 455 3606 ei
470 3550 608 3619 evenerit,
623 3550 672 3605 illa
687 3551 784 3605 omnia
807 3550 911 3622 quihus
932 3551 984 3606 ad·
1036 3549 1098 3620 jam
1124 3549 1187 3620 ipse
1201 3551 1345 3606 confessus
1367 3568 1407 3608 es.
1422 3552 1532 3620 Nescio,
1559 3553 1666 3625 inquit,
1689 3557 1777 3627 qu'us
1803 3540 1888 3626 impu·

134 3646 230 3697 rectus
247 3645 299 3709 est,
316 3645 432 3713 paratus
455 3640 491 3694 sit
512 3639 634 3710 abjicere
663 3642 748 3711 alque
776 3643 982 3694 contemnere:
1039 3639 1144 3693 dentie
1159 3637 1225 3709 sim,
1251 3639 1275 3693 si
1289 3639 1420 3695 habitum
1439 3638 1635 3712 inquisitionis
1650 3641 1822 3698 divinarum
1844 3642 1888 3696 hn-

134 3729 174 3784 ita
189 3729 320 3801 quisquis
335 3729 369 3784 ad
388 3728 537 3800 sapientie
557 3732 684 3801 portum,
701 3732 740 3787 et,
753 3728 833 3799 quasi
854 3727 984 3782 firmissi-

134 3821 250 3871 mumet
262 3816 471 3889 quietissimum
483 3818 576 3871 solum
591 3815 740 3887 pervenire
754 3815 891 3883 voluerit3
911 3832 983 3887 quo-

134 3904 224 3970 niam,
239 3904 343 3959 utalia
359 3903 499 3972 omittam,
516 3903 539 3958 si
550 3919 641 3959 cecus
655 3918 687 3956 ec
702 3902 804 3957 surdus
814 3903 909 3971 luerit,
926 3920 984 3958 non

132 3996 236 4063 potest,
254 3991 331 4063 quod
345 3992 475 4063 positum
500 3995 542 4046 est
560 3992 591 4045 in
614 3994 753 4061 potestate
775 3990 908 4058 fortune,
933 4007 982 4047 ne·

133 4082 284 4136 cessariam
302 4079 373 4135 mihi
389 4079 501 4135 videtur
514 4078 550 4134 ad
563 4079 604 4146 id,
631 4079 708 4149 quod
730 4079 902 4148 concupivit,
930 4080 981 4134 ha-

133 4170 202 4227 here
216 4171 370 4226 fortunam.
389 4166 712 4233 Quodcumohtinuerit,
722 4167 852 4239 quamvis
866 4171 984 4238 putetur

133 4257 263 4330 indigere
278 4257 450 4328 quibusdam
472 4255 608 4310 rebusad
636 4256 763 4327 corporis
790 4255 984 4311 valetudinem

132 4345 360 4418 pertinentibus;
385 4344 456 4399 illud
483 4348 579 4398 tamen
607 4347 727 4410 constat,
753 4359 812 4399 non
841 4343 887 4399 his
911 4361 983 4416 opus

132 4449 194 4488 csse
209 4437 242 4488 ιιι
257 4432 370 4504 sapiens
386 4430 432 4497 sit,
447 4430 495 4485 scd
510 4434 543 4485 ut
557 4430 631 4485 inter
645 4429 777 4485 homines
801 4431 884 4487 vivat.
910 4433 982 4501 lmo,

129 4522 169 4577 ait
183 4521 242 4585 ille,
262 4520 285 4575 si
299 4535 390 4575 cecus
414 4534 446 4573 ac
462 4519 564 4573 surdus
586 4518 642 4584 sit;
667 4524 696 4573 et
723 4518 891 4589 sapientiem
922 4520 982 4575 adi·

129 4608 306 4680 piscendam,
322 4611 350 4662 et
363 4607 466 4678 {ipsam
487 4607 573 4663 vitam
596 4611 821 4678 propterquam
842 4609 983 4680 sapientia

132 4695 283 4768 queritur,
296 4711 360 4750 mea
375 4695 527 4763 sententia,
540 4696 604 4767 jure
620 4699 785 4750 contemnet
799 4697 818 4750 ¹.

165 4786 193 4838 4.
210 4785 326 4852 Tamen,
343 4783 472 4855 inquam,
489 4801 554 4839 cum
570 4783 633 4855 ipsa
648 4782 705 4838 rita
733 4786 840 4850 nostra,
866 4800 923 4855 qua
937 4784 983 4838 hic

128 4871 260 4941 vivimus,
282 4873 318 4927 sit
339 4873 371 4927 in
392 4877 533 4944 potestate
556 4872 699 4940 fortune;
726 4887 777 4927 nec
803 4872 859 4926 nisi
884 4873 983 4927 virens

128 4960 252 5033 quisque
266 4960 379 5032 sapiens
392 4961 455 5016 lieri
469 4960 679 5033 possittnonne
694 4960 843 5016 latendum
858 4964 899 5015 est
911 4978 983 5032 opus

128 5066 189 5105 esse
208 5050 270 5121 ejus
293 5049 397 5116 favore,
423 5065 481 5121 quo
510 5051 546 5104 ad
567 5049 738 5120 sapientiam
768 5050 982 5121 pervehamur?

127 5138 182 5193 Sed
198 5154 263 5193 cum
288 5136 437 5210 sapientia,
463 5137 568 5209 inquit,
594 5153 653 5193 non
678 5135 736 5192 nisi
764 5136 923 5192 viventibus
948 5137 984 5192 sil

128 5226 296 5295 necessaria,
318 5230 487 5298 remotaque
510 5226 568 5281 vita
591 5226 671 5280 nulla
694 5226 731 5280 sit
755 5225 913 5296 indigentia
939 5242 982 5280 sa-

126 5315 255 5386 pientie,
270 5315 343 5372 nihil
356 5315 386 5370 in
401 5313 590 5387 propaganda
615 5314 673 5369 vita
701 5313 871 5385 pertimesco
897 5313 984 5368 iortu.

127 5419 205 5459 narn.
221 5405 334 5461 Etenim
355 5404 423 5476 quia
440 5403 515 5471 rivo,
540 5407 692 5476 propterea
715 5403 780 5458 volo
800 5401 981 5473 sapientiam,

159 5502 167 5535 ¹
179 5500 237 5552 Per.
247 5502 289 5552 ιιι.
301 5503 368 5556 Veri.
380 5502 531 5555 contenente.
544 5501 578 5552 ll.

1041 3741 1250 3797 munerumque
1265 3743 1361 3782 rerum
1376 3743 1437 3783 esse
1465 3728 1496 3783 in
1523 3728 1651 3799 sapiente
1665 3730 1837 3786 confossum
1850 3745 1888 3784 me

1039 3831 1146 3885 negare
1172 3816 1300 3870 voluero.
1328 3816 1382 3871 Sed
1408 3815 1458 3887 qui
1482 3816 1534 3871 tihi
1553 3816 1687 3873 videatur
1713 3819 1886 3874 inventorum

1039 3903 1232 3974 probabilium
1256 3903 1371 3959 habitus
1397 3920 1457 3959 nou
1471 3920 1542 3975 esse,
1557 3920 1617 3960 non
1632 3905 1735 3963 video.
1760 3907 1888 3963 Concmis

1038 3991 1122 4062 mihi,
1133 3992 1263 4063 inquam,
1278 3992 1348 4047 falsa
1362 3991 1507 4048 neminem
1522 3992 1614 4048 scire‘l
1642 3995 1743 4051 Facile
1771 3995 1804 4051 id
1830 3995 1888 4068 qui·

1039 4080 1116 4150 dem,
1131 4080 1235 4152 inquit.
1262 4080 1313 4135 llic
1333 4081 1393 4152 jam
1416 4081 1439 4136 si
1462 4085 1553 4152 potes,
1578 4081 1715 4154 inquam,
1736 4085 1889 4155 sapientem

1040 4168 1148 4223 nescire
1162 4168 1340 4239 sapientiam.
1366 4169 1438 4233 Quid
1462 4169 1550 4233 euim,
1580 4169 1629 4237 ait,
1650 4171 1710 4226 hoc
1723 4172 1820 4227 limite
1833 4171 1888 4228 uni·

1038 4272 1119 4311 versa
1131 4256 1288 4324 concludis,
1312 4261 1344 4313 ut
1369 4256 1459 4312 videri
1482 4257 1536 4313 sibi
1558 4274 1617 4313 uon
1641 4259 1747 4330 possit,
1767 4276 1890 4331 compre

1039 4344 1171 4400 hendisse
1188 4361 1217 4400 se
1233 4344 1422 4417 sapientiam?
1433 4347 1483 4411 lla,
1499 4346 1629 4418 inquam,
1646 4347 1812 4404 dexteram.
1826 4350 1889 4404 Nam

1039 4432 1062 4487 si
1075 4432 1239 4499 meministi,
1256 4434 1308 4488 lroc
1328 4435 1465 4506 estquod
1489 4434 1553 4489 heri
1567 4451 1615 4489 me
1629 4435 1691 4490 dixi
1712 4437 1889 4502 effecturum,

1038 4522 1114 4592 quod
1130 4537 1207 4575 nunc
1221 4536 1279 4575 uon
1294 4539 1309 4576 a
1325 4537 1371 4576 mc
1387 4523 1562 4590 conclusum,
1578 4524 1627 4578 sed
1650 4540 1669 4577 a
1685 4528 1714 4579 te
1730 4525 1809 4580 ultro
1826 4524 1890 4580 milii

1039 4609 1165 4664 oblatum
1182 4625 1242 4664 esse
1262 4610 1382 4680 gaudeo.
1399 4612 1469 4666 Nam
1485 4627 1550 4665 cum
1564 4610 1704 4684 interme
1733 4616 1764 4668 et
1788 4613 1890 4669 Acade-

1039 4697 1126 4752 micos
1137 4698 1189 4754 hoc
1203 4697 1340 4752 interesse
1356 4698 1500 4765 dixissem,
1517 4699 1593 4770 quod
1612 4699 1671 4754 illis
1686 4701 1842 4772 probabile
1854 4701 1890 4756 ri-

1038 4802 1101 4840 sum
1118 4790 1161 4841 est
1173 4785 1319 4841 veritatem
1336 4803 1394 4841 non
1407 4804 1490 4859 posse
1505 4788 1729 4858 comprehendi;
1753 4791 1830 4845 mihi
1849 4805 1892 4844 au-

1038 4879 1096 4929 tom
1112 4874 1241 4929 nondum
1256 4875 1373 4945 quidem
1388 4893 1404 4930 a
1417 4892 1462 4930 me
1480 4875 1637 4942 inventam,
1653 4876 1784 4933 inveniri
1800 4883 1891 4934 tamen

1038 4963 1453 5036 posseasapienterideatur:
1482 4981 1558 5020 nunc
1586 4969 1618 5020 tu
1638 4981 1708 5021 cum
1724 4984 1793 5023 mea
1806 4967 1890 5023 inter·

1040 5051 1188 5123 rogatione
1213 5052 1368 5123 urgereris,
1396 5058 1494 5109 utrum
1518 5053 1761 5125 sapiensnesciat
1781 5055 1890 5128 sapien·

1039 5139 1120 5206 tiam,
1135 5140 1255 5195 Videtur
1276 5140 1330 5195 sibi
1353 5140 1435 5205 scire,
1466 5141 1571 5196 dixisti.
1598 5140 1673 5207 Quid
1701 5148 1767 5199 tum
1783 5148 1889 5216 postea,

1038 5226 1153 5298 inquit?
1178 5227 1250 5291 Quia
1279 5228 1303 5281 si
1320 5227 1434 5283 ridetur
1448 5228 1511 5292 sibi,
1530 5229 1661 5300 inquam,
1678 5231 1753 5287 scire
1782 5232 1891 5305 sapien·

1039 5314 1119 5381 tiam,
1142 5329 1201 5369 nou
1225 5314 1252 5368 ei
1274 5313 1387 5369 ridetur
1410 5314 1483 5370 nihil
1506 5315 1577 5370 scire
1603 5332 1689 5386 posse
1715 5319 1887 5390 sapientem.

1038 5404 1094 5457 Aut
1110 5401 1133 5455 si
1145 5401 1285 5474 sapientia
1304 5402 1374 5458 nihil
1389 5407 1440 5471 est,
1454 5404 1520 5459 volo
1530 5402 1667 5460 affirmes.

1074 5493 1101 5546 u.
1130 5491 1279 5546 Crederem
1308 5506 1384 5559 rere,
1401 5491 1505 5564 inquit,
1525 5491 1687 5550 adcalcem
1712 5510 1769 5552 nos
1794 5496 1891 5552 haem-
