3884 6112
89 227 140 278 tos

88 354 201 403 coactns
226 353 268 403 est
297 349 430 421 (Prosper,
457 353 485 404 in
510 349 662 417 Chronico),
691 346 936 419 quemadmodum

89 437 175 491 etiam
190 436 299 508 liquido
315 438 401 493 tradit
412 437 564 499 Possidins,
578 437 626 491 ubi
647 434 821 489 mentionem
837 435 871 489 de
888 434 937 489 illo

89 525 156 580 facit
171 525 200 578 in
216 525 277 578 bac
290 527 376 580 verba
392 543 398 579 :
415 528 515 583 Gorttru
538 525 682 580 secundnm
702 525 808 578 iuliani
826 539 938 593 respon-

89 617 201 682 sionem,
229 616 414 684 impersectum
446 616 519 684 Opus
553 613 714 682 (Poseidtus,
748 615 778 666 in
805 612 936 678 1111110010,

87 704 200 772 copi).

125 797 154 846 ²2.
177 790 306 846 Diximus
329 808 416 862 snpra
428 792 511 863 jussu
536 790 687 862 segisvulti
716 789 877 861 Hipponem
892 805 938 844 ve-

91 880 165 934 nisse
199 879 384 934 Maximinum
415 880 525 949 18111111,
555 896 614 949 cop.
648 881 675 945 8,
699 894 726 932 n.
751 878 790 949 1).
819 879 940 932 Venerat

91 973 197 1033 antem,
213 973 245 1022 ut
259 968 321 1039 ipse
333 969 490 1039 jactitabat,
499 970 721 1037 contemplatione
735 969 810 1036 pacis
825 967 936 1034 (Coltot.

90 1072 150 1111 cum
165 1058 325 1122 Maximino,
342 1073 369 1111 n.
389 1058 411 1126 1)
427 1073 433 1110 z
449 1057 525 1127 quod
539 1057 656 1127 quidem
669 1055 837 1109 clarinsnon
849 1054 938 1125 expli-

91 1149 146 1199 cat.
168 1145 246 1199 idem
262 1150 382 1199 testatur
396 1145 481 1212 infra,
503 1162 532 1199 se
545 1146 696 1199 adductum
718 1143 754 1197 ad
768 1144 939 1215 responden·

91 1234 160 1289 dum
179 1234 281 1288 timore
298 1233 348 1287 1101
363 1237 392 1288 01
405 1233 499 1287 studio
515 1233 667 1306 colligendi
681 1233 783 1287 fratres
797 1248 845 1286 sea
861 1231 940 1287 disci-

74 1324 176 1393 »pnlos
200 1339 274 1387 snos,
305 1337 376 1393 quos
403 1321 580 1392 Augustinus
607 1337 665 1375 non
693 1320 940 1375 exhortationibus

16 1470 20 1487 .
91 1408 336 1479 tantumprivatis
365 1407 465 1477 sedet
488 1407 603 1478 publico
628 1411 760 1474 tractatu,
787 1406 818 1460 in
833 1423 890 1479 quo
905 1407 940 1461 de

91 1495 284 1549 invisibilitate
301 1494 350 1549 Dei
365 1494 567 1565 disputaverat,
583 1495 638 1549 sibi
663 1495 772 1565 eripere
797 1494 939 1550 Ecclesia·

91 1601 147 1656 qne
163 1583 346 1638 reconciliare
365 1588 482 1638 conatus
497 1589 557 1638 erat
572 1584 770 1654 (ibid.,disput.
783 1586 938 1652 1101111111,

92 1686 120 1724 n.
133 1672 187 1740 26).
202 1670 343 1724 iunuebat
357 1670 478 1726 forsitan
495 1672 634 1742 quosdam
654 1673 806 1743 segisvulti
821 1673 939 1739 Gothos,

94 1757 144 1830 qui
157 1775 192 1812 ue
210 1759 421 1813 Catholicornm
435 1765 531 1829 partes
551 1760 681 1831 Hippone
697 1762 821 1832 potiores
834 1764 939 1829 essent,

93 1847 261 1917 neutiquam
278 1847 390 1901 efficere
406 1847 553 1903 volebant:
571 1848 941 1920 quondoquideinMaximi-

94 1952 147 1988 nos
161 1935 239 2005 leges
251 1935 402 1988 verebatur
412 1935 575 2006 imperiales
584 1937 690 2005 (Cottut.
704 1952 763 1991 cum
779 1939 937 2003 Maximino,

94 2040 119 2076 n.
138 2023 176 2093 4),
193 2023 367 2095 Augustinus
383 2039 449 2078 vero
468 2030 605 2096 tanquam
629 2025 792 2095 principum
819 2023 940 2078 auctori·

95 2116 151 2165 tate
164 2111 290 2165 munitus
303 2112 474 2182 loquebatur
487 2114 689 2183 (ibid.,disput.
699 2114 853 2180 Maximini,
865 2128 892 2165 11.
903 2112 938 2181 t).

95 2199 144 2253 Ille
159 2199 286 2270 primum
303 2200 428 2254 amicum
442 2217 507 2254 cnm
523 2200 652 2255 Heraclio
668 2201 835 2271 presbytero
852 2201 939 2254 collo-

94 2286 195 2359 quium
209 2287 275 2341 iniit
288 2288 323 2341 ab
339 2288 414 2358 ipso,
431 2293 463 2343 ut
472 2288 629 2359 inquiebat,
644 2295 814 2359 provocatus
830 2289 939 2359 (Collot.

93 2391 153 2430 cum
181 2377 343 2443 Maximino,
370 2393 398 2431 n.
426 2378 516 2446 t):at
538 2376 680 2431 Meractius
706 2381 805 2448 postea
832 2377 942 2431 vocavit

94 2463 298 2534 Augustiuum.
318 2465 367 2518 Mic
381 2466 550 2535 rogantibus
564 2465 696 2537 plurimis
715 2466 745 2519 in
764 2466 941 2536 colloquium

95 2555 191 2608 venire
211 2555 374 2608 consensit:
392 2555 469 2626 quod
492 2555 587 2625 ipsum
614 2570 745 2609 recusare
761 2553 939 2621 Maximinus,

93 2657 128 2695 ne
143 2658 159 2696 a
175 2642 233 2696 suis
247 2643 359 2698 asseclis
374 2643 562 2709 desereretur,
586 2659 670 2697 ausus
694 2658 753 2697 non
776 2647 816 2696 est
841 2643 942 2712 (Possi-

94 2728 166 2792 dius,
183 2732 212 2783 in
235 2732 515 2799 inmensitate.
534 2730 586 2801 11).
604 2731 767 2785 Convenere
789 2729 878 2801 igitur
891 2746 939 2783 co·

94 2833 155 2872 ram
170 2833 274 2891 magna
288 2820 450 2891 frequentia
462 2820 614 2874 hominnm
627 2819 769 2874 nobilium
782 2820 940 2873 aliorumve

94 2910 151 2960 tam
166 2908 335 2962 clericorum
351 2925 437 2979 quam
453 2908 610 2977 laieorum3
637 2924 749 2963 necnon
764 2906 940 2977 0111010110-

93 2992 167 3058 rum,
185 2997 235 3068 qni
250 2998 395 3070 utrimque
410 2999 486 3054 dicta
497 3000 669 3069 exciperent.
681 2998 850 3053 Maximinus
859 2997 940 3068 priu-

93 3083 167 3154 cipio
183 3084 290 3138 adscita
305 3085 427 3156 quadam
438 3087 584 3141 modestiae
603 3088 696 3157 specie
710 3088 804 3158 palam
815 3085 939 3157 agnovit,

92 3172 285 3240 Augustinum
302 3172 416 3226 sibimet
429 3174 626 3247 ipsiinjuriam
636 3175 680 3228 vel
696 3192 728 3228 eo
743 3175 852 3241 fecisse,
864 3175 940 3245 quod

92 3275 189 3313 secum
203 3259 234 3314 in
248 3260 423 3332 colloquium
437 3263 533 3317 venire
544 3263 676 3332 dignatus
691 3263 728 3317 sit
741 3264 823 3317 Tum.
838 3262 941 3317 Arimi-

93 3364 212 3402 nensem
226 3348 312 3403 iidem
328 3355 425 3404 tenere
445 3366 474 3404 se
497 3351 640 3422 professus
659 3356 718 3419 esl3
742 3353 823 3423 cujus
838 3351 940 3407 debinc

91 3435 202 3490 diversa
216 3436 310 3507 capita
324 3438 495 3493 declaravit:
512 3456 576 3511 qnae
591 3443 704 3493 sanctus
719 3441 832 3506 tinctor,
849 3456 939 3511 quan·

92 3529 154 3579 tum
181 3525 237 3595 ipsi
256 3525 338 3580 licuit
358 3541 410 3597 per
438 3533 561 3599 tempus,
586 3527 733 3599 redarguit
752 3529 856 3599 (Callet.
880 3546 940 3584 eum

90 3615 252 3680 Maximino,
280 3631 308 3670 n.
334 3620 370 3683 1).
398 3617 478 3671 Unde
509 3634 543 3671 ex
562 3633 595 3671 ea
618 3617 810 3672 controversia
832 3617 939 3673 discere

91 3708 143 3769 est,
160 3719 225 3774 qum
239 3708 312 3758 esset
327 3705 413 3775 hujus
424 3707 564 3761 haereseos
579 3707 717 3774 doctrina,
734 3707 873 3778 quibusve
886 3708 939 3761 fat-

92 3788 170 3841 laeiis
182 3790 306 3844 haeretici
320 3790 495 3847 debilitatem
515 3796 575 3862 ejus
593 3794 705 3863 operire
720 3798 749 3846 et
762 3793 939 3863 simpliciori-

92 3876 144 3934 bus
159 3876 308 3947 imponere
322 3879 499 3947 niterentur;
516 3897 549 3935 ac
564 3882 679 3936 demum
694 3897 779 3953 qnam
796 3882 830 3935 de
843 3883 939 3937 divina

91 3962 230 4020 Trinitate
249 3965 337 4020 fidem
365 3968 504 4023 catholica
529 3974 695 4040 sequeretur
725 3970 853 4024 Ecclesia.
880 3971 939 4025 litic

91 4052 271 4120 Maximinus,
287 4070 352 4125 qnae
377 4057 499 4127 cogitat,
522 4073 580 4111 non
596 4058 808 4128 expeditissime
825 4064 937 4114 tantum

90 4141 182 4212 effert,
198 4143 349 4199 sedetiam
370 4145 494 4200 suaviter
512 4151 598 4215 atque
613 4151 733 4214 ornate,
754 4146 821 4202 licet
841 4163 870 4200 se
885 4164 938 4202 nec

89 4233 239 4288 rhetoricae
253 4235 319 4304 arti,
329 4248 381 4290 uec
392 4235 610 4304 humanioribus
625 4235 726 4290 litteris
741 4240 935 4307 unquamsln·

90 4320 183 4377 (luisse
198 4323 380 4395 praedicaret.
400 4323 481 4379 Certe
496 4323 612 4396 quidem
634 4325 710 4380 felici
724 4325 863 4380 memoria
878 4328 938 4379 erat

89 4411 236 4480 praeditus,
246 4428 357 4469 necnon
365 4412 394 4467 in
405 4421 555 4469 numerato
567 4415 691 4470 babebat
703 4415 856 4486 Scripturas
864 4414 937 4470 testi·

89 4498 277 4573 monialonge
292 4501 425 4573 plurima,
443 4518 507 4573 quae
521 4518 625 4574 magna
641 4502 747 4574 liuguae
760 4502 936 4558 volubilitate

89 4586 241 4644 efferebat:
258 4595 343 4663 atque
368 4592 438 4646 adeo
453 4593 553 4658 multa,
569 4607 659 4664 eaquc
678 4592 871 4662 pulcherrima
897 4593 934 4648 di·

89 4675 181 4745 cebat,
196 4679 243 4733 sed
258 4680 371 4735 adrem
385 4680 506 4736 minime
530 4681 712 4752 pertinentia.
744 4680 822 4736 Unde
838 4682 934 4748 tiebat,

88 4768 130 4831 ut,
146 4782 211 4820 cum
226 4770 350 4822 mullum
374 4770 593 4836 declamitasset,
618 4785 677 4823 non
700 4768 824 4824 effecisse
851 4769 936 4841 quid-

88 4871 186 4927 quam,
202 4871 295 4927 neque
311 4857 345 4912 ad
366 4857 541 4932 interrogata
554 4859 734 4930 respondisse
749 4857 930 4932 reperiretur.

89 4944 145 4999 Meo
160 4944 233 5000 sede
244 4944 385 5000 industria
397 4948 489 5004 facere
504 4953 648 5019 postrema
662 4965 713 5002 sua
728 4947 933 5020 disputatione,

86 5032 223 5104 quemad
238 5032 324 5087 tinem
341 5050 431 5105 usque
442 5035 498 5090 dici
509 5036 654 5106 produxit,
671 5035 782 5091 abunde
798 5035 933 5090 ostendit:

86 5138 146 5178 non
161 5122 237 5177 enim
252 5137 304 5192 per
316 5126 428 5193 tempus
442 5123 522 5179 licuit
537 5141 600 5179 eam
616 5126 753 5196 relegere,
778 5130 809 5179 ut
823 5125 859 5179 ab
873 5128 933 5179 An·

84 5213 199 5282 guetino
215 5212 445 5282 redargueretur.
459 5213 513 5268 Sed
524 5229 574 5268 nec
588 5214 772 5268 Maximinum
791 5213 935 5281 inducere,

86 5306 117 5355 ut
130 5301 308 5374 colloquium
336 5301 381 5356 die
404 5302 534 5372 sequenti
560 5301 749 5372 continuaret,
770 5301 883 5368 licebat,
900 5318 934 5357 eo

84 5391 162 5460 quod
188 5408 217 5447 se
246 5390 448 5463 Carthaginem
478 5391 591 5461 urgenti
611 5391 778 5446 necessitate
808 5390 934 5444 revocari

85 5477 260 5537 obtenderet.
278 5480 456 5551 proindeque
485 5479 613 5551 oportuit
640 5496 697 5535 uno
718 5480 804 5533 verbo
823 5477 866 5531 illi
888 5494 931 5531 re·

691 226 774 281 viva
803 226 830 281 S.
862 222 1054 280 Atuustvn‘t
1084 220 1253 278 EPlSCOPl.
1617 234 1625 241 ·
1796 221 1840 274 eut

992 346 1131 417 spondere
1146 325 1339 417 Augustinum
1356 359 1362 397 :
1380 358 1477 397 verum
1498 342 1604 414 recepit
1618 342 1696 398 idem
1714 342 1763 398 hic
1781 360 1840 398 san-

991 440 1062 503 ctus,
1079 451 1108 488 se
1123 431 1357 503 disceptationem
1373 429 1486 500 scriptis
1501 430 1685 499 treduinum,
1699 448 1736 486 ac
1760 431 1840 486 Maxi·

994 525 1081 585 mino,
1099 539 1186 595 qnam
1200 522 1270 575 falsa
1280 520 1414 591 dogmata
1426 523 1554 574 tueretur
1566 519 1840 575 demonstraturum:

992 611 1068 682 quod
1085 609 1257 681 promissum
1272 607 1477 679 subscriptione
1490 623 1542 661 sua
1556 607 1690 662 munivit
1709 607 1840 663 Maximi-

993 716 1046 754 nos
1061 714 1174 771 qnoque
1190 697 1305 769 propria
1321 712 1408 750 manu
1431 695 1544 766 scripsit
1571 696 1706 767 inculpa
1729 696 1794 751 fore
1807 712 1843 765 se,

993 787 1171 859 nisiaccepto
1187 787 1264 841 illius
1280 787 1352 840 tibio
1368 785 1488 856 singulis
1498 783 1642 856 capitibus
1659 784 1843 840 satisfaceret.

992 877 1168 949 Augustinus
1180 875 1266 930 iidem
1279 875 1409 928 liberavit
1434 889 1526 940 suam,
1550 889 1645 945 eoque
1660 873 1800 945 magis.id
1813 875 1842 929 il·

992 966 1053 1020 lum
1065 968 1200 1035 praestare
1216 978 1363 1017 necessum
1374 961 1438 1030 fuit,
1455 962 1534 1034 quod
1547 977 1680 1016 reversus
1696 962 1841 1033 Cartbagi-

994 1071 1060 1109 ncm
1076 1053 1252 1116 Maximinus,
1269 1051 1448 1106 ecotlatione
1469 1051 1608 1104 victorem
1636 1066 1666 1105 se
1686 1050 1843 1105 discessisse

993 1141 1189 1213 gloriabatur,
1222 1139 1290 1212 quia
1323 1138 1456 1194 videlicet
1488 1137 1546 1193 illic
1585 1154 1616 1192 se
1651 1138 1840 1194 verbosiorem

994 1230 1161 1285 exhibuerat
1191 1229 1352 1298 (Possidius,
1381 1231 1411 1283 in
1448 1229 1513 1283 vito
1538 1216 1706 1296 Augustini,
1743 1245 1766 1282 e.
1793 1232 1838 1296 11).

994 1318 1128 1383 Quamvis
1141 1323 1237 1373 autern
1250 1317 1326 1371 illius
1342 1316 1459 1370 victoria
1471 1321 1669 1370 commentum
1687 1321 1775 1383 esset,
1790 1333 1838 1371 nou

994 1413 1055 1462 erat
1068 1413 1165 1462 11111011
1191 1406 1353 1477 expeditum
1376 1404 1547 1459 tardioribus
1573 1421 1606 1458 ac
1627 1404 1728 1458 minus
1741 1404 1771 1458 in
1784 1405 1839 1474 ,tide

994 1493 1112 1548 eruditis
1132 1494 1167 1548 de
1182 1494 1243 1564 ipsa
1251 1493 1390 1563 judicare.
1413 1492 1530 1564 Scripsit
1544 1492 1643 1564 itaque
1659 1493 1712 1547 Vir
1737 1499 1839 1547 sanctus

995 1583 1066 1637 duos
1080 1581 1167 1637 libros
1181 1583 1334 1636 admodum
1349 1582 1615 1652 prolixos-,quorum
1628 1581 1730 1653 priore
1739 1581 1772 1635 iis
1784 1598 1837 1654 qua

993 1671 1114 1744 ipsemet
1127 1676 1324 1743 proposuerat,
1337 1670 1520 1725 Maximinum
1533 1669 1655 1724 minime
1667 1671 1838 1742 respondisse

993 1761 1114 1832 planum
1128 1759 1195 1815 fecit
1210 1777 1216 1814 :
1234 1760 1262 1815 iu
1278 1760 1435 1829 posteriorc
1450 1765 1558 1824 autem,
1575 1759 1710 1830 ejusdem
1724 1759 1837 1814 haeretici

994 1849 1216 1920 disputationem
1230 1848 1427 1919 prolixiorem,
1443 1848 1489 1902 cui
1510 1847 1542 1900 in
1566 1846 1716 1918 colloquio
1732 1863 1837 1918 respon·

994 1939 1060 1994 dere
1075 1936 1213 2008 temporis
1228 1936 1361 2007 angustia
1371 1936 1464 1991 fuerat
1477 1935 1649 2007 prohibitus,
1660 1940 1755 1990 totam
1769 1936 1835 1990 refo-

995 2027 1073 2081 lavit.
1091 2028 1146 2080 ilos
1160 2027 1249 2080 libros
1264 2030 1377 2079 sanctus
1396 2025 1504 2079 Praesul
1526 2040 1561 2078 eo
1585 2024 1689 2079 reticet
1702 2023 1733 2078 in
1749 2025 1837 2080 Retra-

994 2115 1176 2183 ctationibus,
1200 2114 1277 2186 quod
1304 2113 1348 2168 bis
1374 2114 1435 2185 jam
1462 2116 1529 2167 ante
1555 2127 1703 2166 summam
1731 2128 1837 2167 manum

994 2209 1175 2274 apposuerat.
1192 2203 1247 2258 Sed
1261 2201 1378 2256 illorum
1392 2201 1422 2255 in
1437 2201 1568 2272 ejusdem
1593 2201 1668 2268 Vita,
1692 2216 1801 2256 necnon
1813 2202 1838 2256 iu

995 2292 1090 2346 Indice
1105 2291 1282 2346 mentionem
1292 2290 1357 2344 facit
1368 2288 1512 2343 Possidius
1526 2289 1621 2359 (toto,
1635 2294 1662 2343 et
1672 2290 1837 2352 irrlndirulo.

994 2396 1054 2450 cop.
1071 2385 1107 2443 5).
1133 2380 1213 2434 Dicta
1225 2379 1352 2450 ejusdem
1368 2377 1511 2432 Maximini
1539 2378 1673 2449 quaedam
1696 2379 1836 2450 redarguit

994 2474 1107 2522 sanctus
1122 2468 1245 2522 Antiates
1260 2467 1290 2520 in
1300 2482 1431 2520 sermone
1447 2465 1482 2520 ad
1495 2467 1621 2536 plebem,
1632 2466 1685 2538 qui
1699 2467 1754 2522 hoc
1764 2467 1838 2522 titulo

994 2561 1171 2627 praenotatur
1184 2573 1191 2611 :
1204 2558 1303 2613 contro
1327 2554 1463 2624 quoddam
1478 2553 1580 2608 dictum
1592 2557 1745 2610 Morimini
1754 2557 1838 2626 ,Ariu-

992 2661 1088 2700 norum
1103 2648 1228 2715 episcopi,
1249 2647 1298 2714 qut
1315 2659 1374 2698 eum
1398 2644 1548 2711 Sepisuutto
1570 2645 1667 2698 comite
1686 2647 1838 2699 constitutos

994 2737 1024 2789 in
1040 2736 1148 2802 Africo,
1164 2733 1367 2803 blasphemabat
1377 2733 1474 2803 (Sem.
1488 2733 1567 2802 tto):
1581 2732 1630 2786 sed
1646 2748 1684 2786 an
1698 2734 1838 2787 sermoitte

995 2823 1171 2894 colloquium
1185 2821 1317 2892 superius
1336 2831 1526 2875 memoratum
1545 2821 1735 2892 praecesserit,
1751 2837 1787 2876 an
1800 2839 1837 2876 se-

995 2927 1054 2979 cus,
1071 2911 1204 2982 ignotum
1220 2915 1270 2965 est.

1031 3003 1055 3054 3.
1085 3001 1150 3054 Maec
1169 2998 1258 3053 sancti
1271 2997 1412 3053 Antistitis
1435 3013 1499 3052 cum
1520 2996 1675 3052 Maximino
1691 2997 1837 3072 disputatio

995 3095 1103 3154 monet,
1124 3093 1156 3141 ut
1170 3088 1225 3142 alia
1240 3092 1340 3142 contra
1353 3087 1485 3143 haeresim
1499 3086 1633 3140 Arianam
1651 3087 1800 3158 opuscula,
1811 3102 1837 3140 ea

995 3176 1153 3248 prasertim
1169 3192 1292 3247 qnorum
1303 3181 1416 3246 tempus
1430 3176 1577 3246 explorare
1585 3174 1672 3229 nobis
1684 3191 1746 3231 non
1757 3173 1836 3240 licuit,

994 3267 1047 3320 boc
1066 3265 1215 3319 locovelnt
1236 3265 1266 3318 in
1287 3265 1391 3319 fascem
1414 3264 1591 3335 colligamus.
1619 3264 1687 3318 Erat
1709 3263 1837 3319 Maximus

994 3354 1122 3425 quidam,
1137 3354 1228 3409 dictus
1241 3353 1271 3407 in
1283 3352 1410 3424 antiquis
1424 3352 1568 3407 codicibus
1588 3352 1721 3406 medicus
1740 3349 1836 3406 Theai·

996 3449 1079 3498 tanna
1096 3441 1318 3506 Eunomianista,
1336 3441 1386 3513 qui
1401 3441 1511 3513 pridem
1526 3441 1657 3495 irretitus
1672 3440 1788 3505 Arianis
1795 3440 1836 3495 do·

994 3532 1146 3603 gmatibus,
1162 3531 1249 3586 eliam
1263 3546 1401 3600 persuasu
1416 3545 1467 3583 suo
1483 3530 1613 3584 eamdem
1628 3534 1744 3600 pestem
1760 3529 1835 3585 aliive

992 3620 1101 3675 familia
1116 3635 1166 3674 sua
1181 3619 1325 3673 afflaverat
1339 3621 1437 3688 (Epist.
1456 3619 1516 3684 iro,
1540 3633 1565 3672 n.
1595 3620 1648 3686 10).
1665 3622 1800 3673 Attamen
1817 3617 1835 3670 is

990 3709 1050 3779 jam
1065 3708 1158 3778 gravis
1171 3712 1263 3774 aetate,
1280 3706 1376 3760 divino
1386 3705 1523 3759 beneficio
1533 3705 1600 3759 inde
1614 3705 1747 3776 emersit,
1757 3719 1833 3777 seque

993 3797 1140 3851 catholicae
1156 3794 1285 3850 Ecclesiae
1300 3794 1479 3860 consociavit,
1495 3792 1659 3865 Augustino
1674 3798 1765 3866 atque
1778 3793 1834 3863 Aly-

992 3885 1252 3956 piopraesentibus3
1269 3900 1341 3955 quos
1355 3883 1389 3938 a'd
1398 3883 1450 3937 hoc
1463 3898 1580 3954 operam
1596 3898 1681 3936 suam
1690 3881 1834 3938 contulisse

993 3973 1063 4028 nulli
1083 3973 1258 4027 dubitemus.
1277 3973 1479 4025 Verumtamen
1494 3976 1625 4041 apparet,
1650 3971 1735 4027 iilum
1752 3971 1787 4027 ad
1800 3985 1835 4024 re·

992 4062 1148 4128 ducendos,
1164 4076 1271 4131 quosa
1294 4059 1410 4113 veritate
1429 4062 1582 4127 averterat,
1612 4063 1701 4129 atque
1731 4058 1801 4113 elios
1822 4073 1834 4109 e

991 4150 1060 4217 suis,
1076 4149 1320 4221 quosspesfuerat
1333 4147 1423 4218 ipsius
1435 4147 1560 4200 reditum
1571 4152 1734 4214 secuturos,
1750 4146 1834 4202 minus

990 4241 1146 4296 ferventem
1161 4255 1189 4292 se
1204 4235 1371 4309 praebuisse.
1384 4238 1476 4307 Atque
1495 4235 1550 4289 hoc
1570 4241 1686 4290 sanctos
1698 4235 1833 4290 antistites

990 4328 1107 4399 impulit
1125 4326 1160 4381 ad
1179 4324 1362 4380 scribendum
1377 4324 1470 4379 eidem
1481 4324 1619 4390 Maxim03
1636 4340 1728 4396 quem
1746 4324 1835 4379 cohor·

989 4421 1097 4483 tantur,
1114 4420 1145 4470 ut
1160 4414 1224 4469 illos
1238 4418 1349 4485 urgeat,
1363 4430 1415 4484 pro
1431 4413 1488 4468 iltis
1501 4418 1572 4481 oret,
1589 4412 1653 4467 iilos
1675 4413 1794 4468 demum
1806 4409 1835 4465 ad

990 4503 1142 4558 Ecclesiam
1157 4503 1287 4558 adducat.
1299 4503 1450 4576 Reliquam
1461 4503 1612 4575 epistolam
1622 4502 1655 4557 in
1674 4500 1834 4575 explicando

989 4591 1092 4646 divinae
1102 4590 1246 4646 Trinitatis
1261 4592 1407 4663 mysterio,
1422 4597 1452 4646 ut
1464 4592 1616 4646 Maximum
1639 4592 1670 4646 in
1680 4591 1739 4646 tide
1754 4588 1835 4661 magis

989 4696 1020 4734 ac
1036 4679 1125 4751 magis
1140 4681 1352 4747 confirmarent,
1369 4695 1500 4751 posuere.
1518 4679 1710 4750 Peregrinum
1728 4693 1835 4753 quoqne

989 4768 1164 4839 episcopum,
1179 4768 1294 4822 fortasse
1308 4768 1511 4832 Theotimum,
1528 4768 1601 4822 datis
1614 4767 1702 4822 simul
1727 4769 1764 4824 ad
1777 4779 1835 4823 enm

987 4856 1091 4911 litteris
1106 4858 1207 4926 (Epist.
1224 4855 1284 4928 111)
1300 4856 1419 4927 petiere,
1443 4862 1473 4910 ut
1495 4857 1591 4927 prima
1604 4862 1671 4911 nata
1693 4857 1835 4912 occasione

988 4945 1123 5000 certiores
1159 4944 1237 5016 ipsos
1270 4945 1386 5013 laceret,
1422 4961 1491 4999 num
1522 4943 1676 5015 epistolam
1704 4944 1836 5000 Maximus

988 5039 1068 5105 grato
1106 5034 1258 5104 accepisset
1289 5033 1394 5101 animo,
1425 5033 1540 5105 suisque
1568 5033 1698 5106 ipsorum
1726 5031 1835 5089 1110111111

988 5125 1224 5197 obtemperasset.
1242 5124 1284 5179 Ad
1301 5124 1363 5179 baec
1385 5123 1522 5179 eumdem
1548 5123 1741 5195 Peregrinum
1764 5124 1835 5179 obse·

987 5218 1078 5283 crant,
1093 5213 1133 5267 uti
1148 5212 1206 5266 suis
1221 5213 1349 5285 ipsorum
1376 5209 1469 5268 verbis
1494 5213 1537 5268 illi
1558 5212 1702 5284 significet
1715 5211 1835 5286 prolixas

987 5301 1121 5372 epistolas
1135 5301 1171 5356 ad
1184 5301 1421 5356 familiarissimos
1433 5318 1508 5366 suos,
1524 5302 1658 5358 etiamad
1679 5301 1833 5374 episcopos.

987 5409 1031 5458 ea,
1047 5408 1104 5464 qua
1123 5392 1170 5447 ille
1195 5392 1301 5464 scripta
1315 5396 1386 5453 erat,
1402 5391 1494 5446 forma
1509 5392 1634 5446 scribere
1649 5407 1678 5446 se
1693 5392 1795 5458 solere,
1808 5390 1834 5441 nt

989 5485 1017 5533 et
1044 5479 1101 5533 cito
1129 5480 1300 5543 scribantur,
1329 5485 1357 5535 et
1386 5479 1482 5533 charta
1510 5484 1642 5535 teneatur
1663 5477 1834 5535 commodius
