3884 6112
151 298 203 351 463
253 316 260 326 ·

151 416 204 477 no's
218 419 335 492 quidem
349 416 421 470 nihil
441 415 580 481 videmus,
595 412 750 483 quominus
771 407 903 465 eumdem
918 407 1001 463 illum
1018 473 1021 480 1

151 526 212 565 esse
240 521 408 579 persuasum
435 502 602 561 habeamus,
633 500 682 572 qni
701 496 836 570 praetorio
861 496 913 551 sub
933 494 1002 550 anni

152 592 424 671 quadringentesimi
444 591 513 645 noni
533 589 646 643 initium
665 587 814 659 praefectus
833 585 902 652 fuit;
919 589 1003 656 atque

154 687 239 743 etiam
254 701 320 739 eum
335 684 440 751 ipsum,
457 680 489 733 ad
510 695 596 750 quem
619 679 653 732 de
669 674 832 730 coercendis
847 675 877 728 in
893 673 1002 744 Hippo-

153 774 235 831 ucnsi
250 776 339 827 tractu
356 768 511 823 Donatistis
527 767 639 821 circiter
654 781 763 820 annum
778 763 1002 835 quadringente·

153 864 258 918 simum
278 859 412 930 quintum
435 856 584 926 epistolam
608 854 687 909 dedit
704 853 880 925 Augustinus
900 851 1001 922 (Epist.

152 952 195 1018 86)
213 966 219 1002 :
242 949 325 1002 illum
345 946 422 999 enim
440 945 484 999 Vir
505 948 617 999 sanctus
636 947 761 999 veterem
783 940 906 995 amicum
923 941 1004 991 vocat

154 1037 251 1109 (Epist.
269 1039 329 1102 lei,
344 1051 373 1088 n.
392 1035 430 1102 l).

188 1129 214 1180 3.
239 1126 305 1179 Post
324 1122 483 1178 Heracliani
507 1121 616 1175 cladem
638 1119 758 1190 contigit
781 1122 812 1173 ut
835 1115 1003 1172 Caecilianus

151 1217 183 1269 in
205 1213 301 1268 Africa
323 1227 389 1265 curu
411 1211 517 1267 Marino
542 1210 645 1264 comite
665 1225 723 1264 nna
741 1212 822 1274 esset,
843 1206 929 1276 longa
949 1202 1003 1256 sibi

152 1301 356 1367 familiaritate,
371 1304 403 1353 ut
417 1298 555 1360 ferebant,
572 1299 732 1368 conjuncto.
753 1297 823 1351 Cum
839 1298 934 1348 autem
949 1293 1002 1347 ali·

153 1390 269 1462 qnando
289 1389 324 1442 ad
343 1404 409 1441 eum
424 1387 547 1441 venisset
566 1385 743 1452 Caecilianus,
760 1383 956 1438 Marcellinum
971 1397 1003 1435 ac

153 1480 271 1534 fratrem
288 1477 348 1546 ejus
371 1477 471 1531 Comes
491 1474 636 1528 accersivit
659 1473 788 1545 :quibus
812 1470 935 1526 dimissis
956 1486 1002 1524 re-

153 1567 268 1633 mansit,
288 1571 321 1619 nt
341 1564 493 1630 ferebatur,
520 1563 697 1628 Caecilianus,
721 1567 749 1616 et
773 1565 913 1616 secretum
936 1576 1001 1614 cnm

154 1657 203 1710 illo
218 1653 392 1723 colloquium
407 1652 519 1717 hahuit;
536 1651 679 1722 simulque
695 1650 784 1717 missi,
801 1649 851 1721 qni
866 1650 1002 1704 fratribus

153 1759 272 1797 manum
290 1741 449 1811 injicerent,
471 1744 499 1793 ct
515 1744 669 1809 utrumque
687 1739 717 1791 in
738 1743 844 1792 tetrum
859 1753 1002 1791 carcerem

154 1848 185 1886 ac
215 1829 424 1885 tenebricosum
456 1827 652 1882 detruderent.
686 1826 873 1881 Nihilosecius
905 1830 1002 1881 tamen

68 1986 70 1991 ,
151 1921 236 1977 isthic
251 1919 350 1975 laetitia
365 1919 543 1973 Marcellinus
559 1918 796 1989 perfundebatur,
812 1934 925 1972 necnon
939 1934 1003 1972 ma-

148 2011 206 2083 jori
221 2009 384 2081 potiebatur
398 2007 542 2072 felicitate,
557 2024 644 2078 quam
662 2007 784 2078 ipsemet
804 2007 939 2074 Marinus,
956 2011 1002 2061 ut·

151 2103 219 2171 pote
234 2098 285 2169 qui
305 2113 357 2151 nec
379 2096 517 2167 dignitate
537 2113 588 2150 nec
605 2096 732 2167 potentia
747 2096 860 2166 assequi
877 2099 1000 2166 poterat,

152 2187 306 2258 quominus
316 2184 420 2240 furoris
434 2184 544 2255 proprii
556 2184 679 2238 stimulis
690 2185 828 2239 miserum
840 2184 870 2238 in
883 2184 1002 2239 modum

152 2274 354 2330 lancinaretur.
371 2272 500 2335 Quodam
515 2272 559 2326 die
574 2273 662 2327 frater
681 2275 752 2345 ejus,
768 2289 833 2327 cum
844 2273 907 2344 jam
925 2272 1002 2344 pari·

151 2368 195 2418 ter
208 2363 240 2417 in
254 2360 383 2416 custodia
402 2364 579 2429 tenerentur,
602 2361 642 2415 ait
661 2361 703 2415 illi
723 2378 729 2415 :
750 2361 781 2416 Si
803 2377 865 2429 erpo
885 2362 939 2416 baec
950 2377 1002 2431 pro

134 2438 137 2445 ’
152 2454 254 2508 curritis
266 2452 359 2520 potior
373 2454 543 2519 pcccatorum
557 2466 691 2513 meorum;
710 2454 749 2517 tu,
765 2451 843 2519 cujus
857 2453 943 2505 uitam
956 2466 1000 2505 no-

151 2545 238 2598 vimus
249 2546 304 2595 tum
318 2543 418 2594 attente
430 2541 618 2607 ferventerque
630 2540 819 2605 christianum,
834 2540 932 2608 quibus
946 2555 1003 2594 rno-

153 2632 187 2686 iis
205 2631 308 2685 meritis
327 2629 434 2682 edisio
452 2628 599 2696 perductus
617 2629 666 2682 es?
687 2629 726 2682 At
746 2629 792 2681 itte
812 2643 818 2681 :
840 2629 1000 2692 Percumne,

152 2719 251 2787 iuquit,
267 2718 336 2772 mihi
353 2719 493 2771 existimes
508 2718 627 2783 conferri
641 2716 773 2770 diuinitus
795 2716 962 2783 beneficium,
976 2718 1002 2769 si

152 2810 241 2859 tomen
255 2805 302 2858 hoc
317 2805 496 2859 testimonium
511 2809 586 2858 tuum
604 2804 638 2858 de
651 2806 710 2858 utto
723 2819 783 2857 meo
801 2819 893 2858 oerum
907 2808 955 2871 est,
971 2808 1001 2857 ut

151 2893 198 2947 boc
213 2891 285 2962 quod
296 2894 399 2961 potior,
414 2893 522 2945 etiamsi
535 2907 618 2960 usque
632 2890 670 2944 od
683 2891 839 2959 effictionem
857 2893 1000 2958 suetudinis

148 2984 254 3050 potior,
269 2980 309 3034 ibt
324 2985 436 3049 peccota
456 2996 514 3034 meu
529 2982 693 3048 puniuntur,
713 2995 759 3034 nec
780 2981 850 3034 milri
868 2980 905 3034 od
923 2982 1000 3048 sutu-

150 3084 211 3122 rum
220 3066 355 3137 judicium
368 3072 557 3122 reserrentur?
568 3069 618 3122 Hic
630 3070 700 3135 forte
710 3069 822 3136 uliquis,
834 3069 931 3123 subdit
946 3070 1001 3123 Au-

151 3155 291 3229 gustinus,
311 3155 402 3208 credet
422 3170 481 3208 eum
500 3157 587 3220 fuisse
608 3157 660 3210 sibi
683 3158 819 3210 conscium
844 3157 1000 3223 aliquorum

150 3244 312 3298 occultorum
331 3241 510 3310 impudicitiae
525 3247 708 3310 peccatorum.
729 3246 824 3298 Dicum
849 3259 912 3309 erqo
932 3245 1000 3312 quid

150 3348 191 3387 me
207 3332 335 3386 Dominus
364 3333 440 3396 Deus,
464 3329 502 3383 od
520 3344 647 3396 magnum
671 3346 756 3385 meam
782 3333 999 3402 consolationem,

39 3456 42 3462 -
149 3436 184 3476 ee
197 3422 254 3491 ejus
272 3435 317 3474 ore
329 3419 435 3485 audire,
448 3423 473 3472 et
491 3418 572 3487 plone
585 3421 653 3473 scire
674 3419 799 3474 uoluerit.
817 3421 883 3476 Cum
903 3420 936 3474 de
951 3421 999 3476 hec

148 3515 216 3581 ipso,
232 3512 263 3564 nt
276 3513 339 3563 sunt
354 3508 482 3574 lcumena,
498 3507 630 3562 sellicitus
645 3509 717 3563 sotus
735 3524 795 3563 cum
810 3510 866 3563 solo
880 3525 997 3576 operam,

146 3600 206 3669 jum
220 3600 249 3652 iu
267 3597 359 3652 eadem
379 3595 502 3651 custodio
521 3598 674 3663 constituto,
696 3612 729 3650 ne
749 3597 817 3667 quid
837 3603 913 3666 esset,
928 3598 999 3652 aride

148 3687 252 3755 majore
270 3691 295 3740 et
314 3685 464 3753 insigniore
476 3686 634 3753 penitentie
650 3689 732 3739 Deum
752 3686 807 3740 sibi
821 3687 933 3756 placore
951 3688 997 3742 de-

150 3774 237 3839 beret,·
251 3775 308 3842 itte,
323 3777 353 3827 ut
376 3778 435 3827 erut
448 3773 614 3827 uerecundiae
636 3774 797 3840 singularis,
814 3791 874 3830 cum
898 3777 995 3845 ipsum,

150 3863 211 3917 ticet
223 3862 334 3927 salsum,
350 3875 435 3914 meum
454 3863 632 3929 suspicionem
652 3863 825 3929 erubesceret,
841 3864 889 3917 sed
903 3865 997 3919 admo·

148 3952 278 4004 tuitionem
291 3950 447 4017 gratissime
458 3949 600 4017 occiperet,
613 3949 728 4004 modeste
742 3953 916 4020 graviterque
930 3953 997 4007 sub-

148 4039 250 4102 ridens,
260 4042 285 4092 et
298 4041 413 4107 utreque
425 4052 508 4091 manu
522 4053 608 4092 mcum
622 4037 762 4093 deuterum
775 4041 995 4110 apprehendens:

150 4126 254 4193 Testor,
278 4128 378 4195 inquit,
400 4130 569 4181 sacramenta
592 4143 652 4195 quas
671 4143 722 4197 per
750 4129 819 4183 harre
847 4130 997 4199 atterentur

147 4232 324 4285 morumne
342 4217 514 4271 crottumesse
535 4222 677 4286 expertum
699 4218 878 4287 concubitum,
896 4225 997 4288 preter

146 4323 268 4376 ueorem,
282 4320 329 4361 nec
341 4309 412 4366 orate,
427 4320 474 4359 nec
486 4310 580 4374 posteo
594 4305 687 4376 (ibid,
702 4321 731 4361 n.
748 4307 787 4378 e).

91 4429 95 4437 ‚
181 4399 211 4452 4.
235 4398 327 4466 Atque
351 4394 412 4448 haec
435 4393 558 4464 agebant
578 4394 765 4464 Carthagine;
789 4412 848 4467 qna
871 4395 902 4451 in
925 4397 996 4453 urbe

146 4484 244 4554 procul
260 4483 347 4538 dnbio
361 4484 461 4538 beatus
475 4483 650 4552 Augustinus
659 4483 719 4553 jam
731 4487 797 4538 anta
813 4486 994 4542 versabatur:

146 4587 240 4642 neque
256 4572 332 4627 enim
346 4570 499 4626 verisimile
523 4572 575 4640 est,
597 4587 650 4642 per
664 4576 777 4642 tempus
800 4572 842 4627 illi
864 4574 995 4629 futurum

146 4657 232 4712 fuisse
250 4659 371 4713 liberum
396 4660 463 4714 illuc
486 4676 521 4714 ex
543 4659 691 4730 proposito
717 4677 777 4716 sese
802 4662 944 4719 conferre.
969 4664 995 4717 h

144 4762 232 4817 porro
247 4747 320 4802 nihil
342 4748 458 4819 reliquit
471 4747 655 4817 intentatum,
671 4753 703 4803 ut
721 4751 847 4805 Marinus
871 4768 906 4805 ne
926 4753 994 4806 Mar·

145 4834 241 4890 cellini
265 4849 330 4888 nece
355 4852 404 4889 cor
433 4836 563 4891 Ecclesiae
591 4838 689 4892 dolore
717 4840 897 4909 percelleret,
922 4857 993 4896 neve

145 4939 226 4979 suam
250 4922 340 4992 ipsius
362 4923 489 4979 animam
511 4930 591 4981 tanto
616 4927 721 4983 scelere
736 4928 903 4999 perimeret.
919 4928 994 4994 Quin

145 5010 310 5069 Caecilianus
328 5010 398 5081 ipse,
414 5028 501 5083 quern
520 5015 667 5069 nonnullus
688 5017 813 5072 rationes
833 5018 992 5089 suspicione

143 5103 302 5173 procuratae
315 5099 398 5170 hujus
413 5101 582 5156 detentionis
598 5105 766 5171 onerabant,
783 5105 911 5161 Ecclesiae
926 5123 991 5177 pre-

143 5191 222 5246 cibus
237 5205 301 5244 suas
315 5188 472 5259 conjunxit,
488 5206 611 5260 cumque
627 5192 767 5247 Marinum
779 5209 855 5262 saepe
865 5193 993 5248 monuis-

142 5284 194 5344 set,
211 5296 286 5351 saepe
312 5277 477 5350 suppliciter
498 5284 615 5347 orasset,
637 5297 716 5351 spem
741 5281 859 5337 latioris
882 5298 990 5337 sncces-

143 5384 189 5424 sus
204 5367 369 5424 ostendebat
383 5383 441 5422 non
457 5368 600 5439 exiguam.
619 5369 764 5440 Episcopis
774 5371 895 5426 subinde
910 5371 990 5425 afllr-

142 5452 247 5518 mabat,
265 5469 380 5510 omnem
395 5469 425 5509 se
441 5468 558 5525 operam
572 5456 658 5525 atque
674 5454 845 5510 industriam
859 5455 889 5510 in
903 5455 991 5510 idne.

141 5542 212 5611 getii
226 5544 370 5613 conlerrc;
385 5560 402 5597 a
415 5541 519 5615 quibua
534 5542 619 5598 etiam
635 5543 704 5599 illud
720 5543 838 5598 omnino
859 5545 893 5600 ad
909 5560 986 5601 amo-

740 286 820 339 VlTA
841 285 868 338 S.
895 279 1083 337 AUGUSTINl
1111 281 1284 337 nrlsuoel.

1859 282 1896 334 tol

1058 406 1183 461 liendam
1198 407 1246 462 abs
1262 423 1291 461 se
1306 405 1442 460 invidiam
1462 404 1656 459 necessarium
1676 418 1749 470 csse,
1764 401 1897 457 convince·

1056 495 1150 551 batur.
1172 497 1258 551 Multa
1276 496 1470 568 praeclaraque
1489 493 1676 565 promittebat
1695 490 1844 560 Marinus;
1859 493 1896 547 sed

1057 599 1090 639 eo
1105 588 1227 652 tautum,
1242 589 1273 640 nl
1287 584 1384 639 lucum
1398 584 1504 638 faceret
1513 580 1699 661 antistitibus,
1711 595 1771 634 nen
1786 579 1898 651 captivos

1058 688 1073 726 e
1096 672 1216 727 vinculis
1232 673 1397 728 eximerent.
1424 672 1483 725 Hoc
1506 669 1614 742 quippe
1638 669 1703 725 fieri
1717 668 1755 723 ab
1779 667 1815 722 iis
1829 685 1898 740 poue
1936 694 1938 715 ι

1058 744 1235 829 credebatur,
1252 761 1309 816 sive
1334 759 1536 815 intercessione
1557 763 1644 830 atque
1665 756 1834 813 interventu
1855 757 1898 811 lic·
1936 790 1938 795 -

1057 849 1149 904 clasiae
1165 851 1241 921 apud
1265 852 1481 922 Imperatorem,
1506 848 1563 902 sive
1582 847 1669 902 etiam
1693 844 1823 901 adhibita
1842 861 1898 900 non·

1058 938 1137 992 nulla
1165 939 1309 1006 violentia,
1333 938 1410 1009 quod
1436 938 1568 993 videntur
1595 951 1630 990 ea
1657 934 1750 990 sancti
1778 933 1895 989 Praesulis

1057 1026 1143 1080 verba
1178 1027 1348 1099 significare,
1386 1024 1576 1082 Ecclesiastico
1612 1039 1710 1078 monus
1742 1026 1833 1092 posset
1861 1037 1894 1077 eu

1057 1116 1160 1184 eripere
1181 1116 1275 1185 (ibid,
1298 1131 1326 1170 u.
1352 1118 1388 1180 5).
1412 1117 1506 1185 Atque
1531 1128 1595 1168 eam
1621 1113 1658 1167 ob
1681 1126 1757 1178 rem,
1783 1113 1815 1165 ut
1842 1111 1895 1182 epi·
1928 1176 1931 1181 Ι

1058 1219 1208 1274 scoparum
1237 1219 1311 1258 unus
1335 1202 1372 1257 ad
1399 1203 1615 1272 Imperatorem,
1644 1200 1770 1255 fratrum
1797 1202 1897 1255 aean

1057 1309 1183 1360 causam,
1201 1293 1372 1359 mitteretur,
1388 1308 1446 1346 non
1467 1289 1613 1346 consensit
1630 1290 1730 1356 modo,
1753 1289 1804 1344 sed
1827 1288 1897 1345 etim

1057 1383 1150 1454 petiit,
1166 1382 1335 1453 promittens
1354 1382 1472 1447 interea,
1489 1380 1579 1435 donec
1597 1379 1688 1435 factus
1703 1383 1780 1435 esset
1798 1378 1897 1446 certior,

1058 1471 1126 1543 qnid
1141 1471 1244 1526 missus
1256 1471 1405 1542 episcopus
1425 1469 1617 1540 impetrasset,
1640 1469 1703 1538 ejus
1723 1483 1755 1522 se
1774 1466 1898 1538 cognitio

1057 1577 1125 1616 nem
1141 1561 1355 1632 ampliaturum.
1374 1560 1538 1613 Destinatus
1551 1573 1652 1613 revera
1663 1557 1721 1612 fuit
1735 1557 1772 1612 ad
1788 1556 1900 1613 Comita·

1056 1655 1119 1705 tum
1134 1666 1199 1705 cum
1219 1650 1337 1705 diacono
1352 1649 1472 1720 quidam
1491 1647 1659 1719 episcopus3
1673 1646 1759 1719 isque
1780 1647 1901 1702 fratribus
1933 1678 1938 1701 l

1058 1739 1240 1792 conveniam
1254 1737 1371 1809 quidem
1386 1735 1519 1803 obtinuit,
1536 1753 1572 1790 nc
1588 1735 1722 1791 videlicet
1736 1751 1840 1792 eornm
1850 1736 1900 1792 exi·

1058 1826 1184 1881 stimatio
1203 1827 1245 1881 vel
1264 1826 1343 1880 tenni
1364 1825 1525 1897 suspicione
1545 1824 1710 1892 laederetur,
1730 1840 1834 1881 verum
1853 1825 1899 1882 ΙΙ·
1932 1836 1938 1891 '3

1057 1915 1120 1970 rino
1135 1914 1233 1970 comiti
1247 1915 1440 1986 imperata,ut
1449 1913 1666 1986 quamprimum
1677 1929 1730 1968 eos
1739 1913 1899 1986 dimitteret,
1936 1902 1938 1933 ³

1059 2019 1151 2074 neque
1165 2004 1224 2057 ulla
1239 2019 1323 2074 poena
1336 2003 1381 2057 vel
1396 2002 1503 2073 injuria
1518 2002 1652 2057 afficeret.
1667 2001 1724 2058 Sed
1738 2017 1902 2074 responsum·

1058 2091 1240 2162 Imperatoris
1252 2091 1398 2162 praevertit
1408 2091 1518 2145 Comes.

1094 2184 1120 2236 5.
1135 2180 1229 2235 Tertio
1248 2180 1294 2235 die
1314 2185 1379 2235 aute
1398 2181 1522 2235 natalem
1540 2178 1675 2251 martyris
1696 2179 1846 2252 Cypriani,
1860 2181 1903 2237 bor

1058 2273 1111 2336 est,
1126 2269 1219 2340 pridie
1234 2268 1298 2323 idus
1312 2269 1491 2340 septembris,
1510 2268 1607 2323 invisit
1629 2268 1803 2324 Caecilianus
1818 2273 1903 2341 Augu-

1058 2357 1176 2423 stinum,
1195 2358 1278 2429 eique
1293 2374 1382 2429 spem,
1399 2374 1486 2430 quam
1501 2374 1630 2429 unquam
1649 2362 1747 2426 antea,
1764 2359 1902 2415 meliorem

1059 2445 1160 2501 dedit:
1183 2448 1304 2502 Romam
1324 2447 1402 2500 enim
1425 2447 1623 2517 profecturum
1643 2462 1706 2501 sese
1730 2447 1901 2519 propediem,

1058 2551 1229 2606 sperareque
1242 2536 1312 2590 adeo
1328 2535 1391 2601 sibi,
1406 2534 1574 2606 prinsquam
1587 2534 1759 2602 discederet,
1777 2535 1849 2590 iilud
1860 2535 1902 2591 be·

1057 2623 1153 2678 neficii
1177 2624 1317 2678 Comitem
1342 2639 1402 2678 esse
1431 2639 1643 2679 concessurum.
1671 2625 1762 2679 Beato
1786 2623 1904 2680 Antistiti

1058 2717 1206 2781 persancte
1220 2711 1384 2780 afllrmavit,
1402 2727 1431 2766 se
1451 2712 1559 2767 Marino
1574 2728 1641 2767 cnm
1661 2712 1699 2767 ad
1720 2711 1808 2767 illum
1821 2712 1903 2768 venis·

1058 2803 1110 2869 set,
1125 2804 1222 2870 aperte
1241 2799 1408 2866 declarasse,
1425 2793 1648 2855 familiaritatem
1667 2799 1762 2869 illam,
1779 2815 1836 2872 qua
1851 2813 1902 2853 sese
1936 2786 1938 2791 ¹

1056 2891 1116 2942 tam
1139 2888 1336 2960 frequentibus
1359 2889 1508 2960 colloquiis
1533 2888 1719 2960 dignabatur,
1742 2887 1770 2943 si
1796 2886 1902 2960 quidem

1055 2976 1141 3030 hosce
1159 2977 1259 3031 fratres
1274 2979 1462 3032 damnaturus
1481 2981 1563 3046 esset,
1578 2978 1632 3033 sibi
1647 2992 1706 3032 non
1725 2976 1843 3043 honori,
1858 2974 1900 3030 sed

1056 3065 1161 3120 damno
1173 3065 1298 3120 futuram
1311 3067 1397 3137 longe
1409 3066 1533 3121 marimo
1549 3083 1556 3120 :
1573 3066 1682 3121 etenim
1697 3081 1767 3120 cnm
1781 3066 1898 3121 obscure
1936 3110 1938 3115 .

1056 3159 1149 3209 essent
1162 3154 1281 3217 nemini,
1297 3171 1362 3226 quie
1377 3154 1430 3209 sibi
1445 3170 1510 3210 cum
1528 3155 1584 3209 illis
1597 3154 1828 3223 intercedebant,
1842 3154 1900 3209 Alie

1055 3242 1180 3296 nationis
1200 3259 1304 3312 causae,
1328 3259 1428 3298 omnes
1451 3243 1532 3298 facile
1553 3244 1725 3310 credituros,
1745 3260 1776 3299 se
1795 3259 1846 3299 nee
1861 3242 1897 3299 in·

1055 3331 1183 3385 consulto
1198 3348 1251 3386 nec
1265 3332 1449 3387 dissentiente
1466 3336 1580 3404 captum
1594 3333 1748 3404 utriusque
1763 3331 1895 3389 demedio

1054 3419 1174 3474 tollendi
1191 3419 1353 3475 consilium.
1369 3422 1495 3494 Denique
1511 3438 1598 3477 manu
1616 3422 1652 3477 ad
1670 3422 1763 3478 altare
1778 3424 1894 3494 porrecta

1055 3508 1200 3579 dejeravit,
1209 3526 1276 3565 vere
1289 3527 1319 3566 se
1334 3511 1441 3566 Marino
1456 3512 1558 3566 dixisse
1569 3529 1602 3567 ea
1616 3511 1726 3579 omnia,
1738 3512 1843 3584 quibus
1853 3510 1895 3566 ille

1055 3595 1127 3650 adeo
1148 3603 1298 3668 permotus
1322 3599 1377 3654 sibi
1400 3601 1477 3654 visus
1501 3600 1547 3667 sit,
1562 3605 1595 3656 nt
1617 3600 1740 3656 minime
1754 3601 1893 3666 dubitaret,

1055 3684 1125 3756 quin
1140 3687 1291 3742 amborum
1311 3689 1394 3743 venia
1413 3704 1464 3759 pro
1485 3688 1596 3757 viatico,
1621 3688 1652 3743 id
1676 3695 1731 3757 est,
1756 3703 1892 3745 munerun

1053 3773 1170 3828 illorum
1184 3776 1258 3843 loco,
1275 3777 1378 3847 quibus
1398 3776 1500 3832 donari
1514 3779 1644 3833 solebant
1663 3778 1751 3834 amici
1764 3778 1891 3835 disceden·

1053 3865 1107 3931 tes,
1129 3864 1183 3918 sibi
1199 3865 1234 3919 ab
1253 3881 1287 3918 eo
1307 3867 1520 3921 concederetur.
1540 3867 1649 3932 Quibus
1672 3867 1790 3935 auditis,
1804 3868 1892 3923 fatetur

1053 3952 1229 4022 Augustinus
1244 3953 1297 4008 sibi
1312 3959 1372 4008 tam
1386 3958 1463 4009 certo
1478 3970 1648 4025 persuasum
1662 3955 1763 4025 fuisse,
1784 3955 1890 4012 ciecim·
1912 4014 1915 4023 ,

1053 4055 1125 4094 num
1134 4040 1290 4096 liberandis
1304 4042 1340 4096 iis
1352 4042 1480 4097 sedulam
1495 4059 1614 4114 operam
1630 4060 1663 4099 ac
1677 4045 1819 4102 sinceram
1831 4060 1890 4117 pre·

1054 4135 1139 4198 stare,
1163 4134 1195 4184 ut
1217 4147 1281 4185 eam
1301 4132 1470 4202 opinionem
1494 4133 1580 4187 etiam
1599 4133 1660 4188 viso
1680 4137 1743 4189 tam
1763 4133 1888 4191 contram

1054 4220 1131 4274 exitu
1143 4236 1202 4276 non
1221 4222 1340 4277 exuerit.
1357 4219 1518 4293 Enimvero,
1532 4239 1598 4279 cum
1613 4224 1755 4296 postridie
1770 4227 1831 4299 ejm
1843 4223 1888 4280 dici

1054 4309 1216 4380 accepisset,
1234 4315 1389 4382 utrumqne
1409 4328 1521 4368 carcere
1543 4312 1691 4381 eductum,
1708 4314 1747 4370 ad
1765 4315 1889 4373 Comitem

1053 4398 1200 4452 sententiae
1215 4400 1436 4469 pronuntianda
1455 4418 1540 4457 causa
1554 4402 1728 4473 perductum
1747 4420 1824 4475 csse3
1837 4418 1890 4476 per·

1052 4485 1146 4539 celsus
1168 4485 1285 4556 quidem
1309 4487 1364 4542 fuit
1388 4505 1446 4544 non
1470 4490 1652 4546 mediocriter
1675 4509 1682 4546 :
1706 4499 1891 4549 verumtamen

1052 4572 1098 4641 iis,
1113 4589 1178 4644 quae
1197 4574 1327 4628 audierat
1350 4591 1383 4629 ex
1408 4577 1570 4645 Caeciliano,
1586 4578 1788 4652 confirmatus,
1812 4582 1889 4653 aequ

1052 4676 1150 4715 eorum
1170 4661 1337 4717 liberatione
1356 4668 1468 4721 tantum
1488 4682 1546 4721 non
1565 4672 1670 4735 certus,
1685 4669 1828 4726 Comitem
1844 4668 1889 4724 exi·

1052 4749 1177 4804 stimavit
1196 4751 1330 4821 Cypriani
1348 4755 1482 4825 martyris
1497 4756 1679 4827 pervigilium
1698 4774 1735 4814 eo
1755 4758 1888 4831 delapsu,

1051 4841 1082 4891 nt
1096 4837 1182 4892 tidem
1198 4855 1279 4894 suam
1293 4842 1442 4897 Caeciliano
1458 4844 1602 4915 liberaret,
1616 4851 1704 4918 atque
1719 4847 1761 4903 ita
1772 4847 1890 4904 fidelibus

1050 4925 1103 4980 hoc
1132 4925 1280 4998 inopinato
1308 4936 1412 4986 eventu
1436 4933 1601 4989 exhilaratis
1628 4936 1666 4990 ad
1690 4936 1788 4992 locum
1814 4930 1890 4992 saneti

1050 5014 1179 5086 Martyris
1196 5017 1372 5087 ascenderet,
1387 5022 1524 5090 parcendi
1540 5023 1730 5095 benignitate,
1753 5041 1841 5098 quam
1853 5037 1890 5079 oc·

1049 5105 1163 5161 ridendi
1184 5113 1326 5177 potestate
1349 5110 1509 5166 sublimior.
1533 5111 1588 5166 Sed
1611 5113 1720 5168 Marino
1739 5113 1826 5186 longe
1846 5111 1890 5171 alia

1048 5209 1130 5249 mens
1144 5201 1220 5264 erat3
1234 5198 1356 5252 necdum
1370 5198 1448 5254 enim
1467 5200 1587 5255 licuerat
1605 5202 1779 5273 Augustino,
1794 5200 1890 5275 quein

1048 5299 1082 5338 ea
1095 5285 1253 5355 quaestione
1273 5293 1451 5358 gererentur,
1473 5289 1618 5357 sciscitari,
1635 5307 1703 5345 cum
1723 5308 1788 5348 ecce
1805 5291 1846 5347 illi
1858 5287 1890 5344 af·

1047 5372 1139 5428 fertur
1150 5375 1185 5429 de
1205 5374 1324 5430 fratrum
1341 5377 1483 5449 supplicio
1499 5378 1588 5434 tristis
1608 5379 1740 5436 nuntius.
1755 5379 1890 5454 Siquidem

1047 5477 1113 5517 cum
1131 5462 1205 5518 nihil
1224 5480 1306 5536 reque
1326 5472 1474 5523 vereretur
1489 5467 1600 5536 Comes,
1616 5484 1759 5540 quam-ne
1772 5467 1891 5527 sectata

1047 5546 1210 5605 interventu
1238 5566 1297 5606 suae
1323 5553 1485 5609 crudelitati
1512 5554 1704 5626 eriperentur,
1735 5559 1903 5629 utrumqne„
