3884 6112
134 211 182 265 ill
740 204 824 259 l'lTA
837 230 840 235 ·
851 202 879 258 S.
900 202 1093 263 Auuusuuu
1123 205 1291 263 Episcopi.
1839 216 1887 266 :tlt

134 333 307 404 spectarent,
322 330 354 386 in
373 345 431 402 qua
448 328 569 385 fortasse
588 325 758 384 Profuturus
773 326 910 399 jamtum
924 325 985 398 epi-

133 435 246 492 scopus,
257 417 412 490 Augustini
427 416 472 473 sui
482 415 552 472 olim
561 416 796 488 magistripartes
805 415 985 488 suscepisset.

133 510 204 564 Cum
216 507 257 580 (in
283 505 498 562 Donatistarum
513 521 616 561 manus
635 504 755 576 epistola
768 503 881 576 llegalii
894 502 988 558 reuis-

140 601 192 667 set,
209 613 273 652 eam
287 596 322 652 ad
341 595 469 651 infamias
482 595 577 650 labem
600 594 759 665 Augustino
780 592 987 664 aspergendam

135 681 987 753 adhiberetentaruntllerumhauddifficileAngnstinoinit,

136 793 185 832 cos
196 775 372 832 'accusatoris
389 775 433 828 sui
449 771 649 829 retractatione
664 771 841 827 convincere.
858 773 890 826 ln
901 771 987 826 eolla-

135 866 213 921 tione
229 863 445 935 Carthaginensi
456 862 621 928 Donatista,
637 860 686 933 qui
697 877 810 933 semper
821 860 852 916 in
862 860 987 932 aliquam

137 953 324 1028 perturbandi
339 952 516 1008 occasionem
540 950 742 1018 imminebant,
759 949 935 1022 quaesierunt
953 950 987 1004 ab

63 1064 66 1072 ’
134 1042 303 1115 Augustino,
320 1041 384 1114 quis
408 1057 474 1096 eum
490 1039 668 1096 ordinasset:
689 1056 749 1113 quo
764 1039 902 1095 nimirum
920 1038 988 1094 inde

133 1131 264 1205 litigandi
274 1147 374 1185 ansam
384 1129 553 1202 arriperent.
564 1131 744 1201 Quapropter
758 1128 936 1200 Augustinus
955 1143 989 1182 ea

134 1222 168 1276 de
184 1238 225 1289 re,
241 1236 307 1292 quae
328 1219 364 1274 ad
378 1219 556 1291 propositam
577 1218 765 1290 quaestionem
779 1235 838 1273 non
860 1217 987 1288 pertine·

133 1315 187 1376 ret,
214 1309 271 1365 illis
288 1308 455 1381 aliquandiu
478 1308 652 1380 respondere
675 1307 795 1363 distulit.
817 1310 853 1363 At
875 1323 939 1362 cum
955 1323 988 1361 er

135 1416 186 1455 suo
201 1399 291 1472 ipsius
309 1397 424 1453 silentio
441 1414 489 1452 eos
505 1396 642 1469 prolicere
658 1396 827 1466 adverteret,
842 1396 899 1451 illis
920 1413 987 1451 con-

136 1487 258 1543 fidenter
272 1485 429 1558 respondit,
447 1500 507 1539 sea
531 1483 649 1555 diognito
673 1483 872 1555 cpiscoporum
894 1484 987 1538 Eccle-

138 1576 187 1632 siae
203 1575 349 1632 catholicae
368 1573 399 1630 in
421 1573 556 1629 Numidia
576 1573 709 1644 primate,
725 1589 760 1628 eo
778 1576 909 1645 tempore
931 1589 988 1644 quo

136 1665 185 1721 ille
200 1663 333 1722 ordinare
347 1667 469 1734 poteret,
483 1661 570 1717 luisse
585 1661 765 1730 ordinatum;
781 1677 865 1733 possa
880 1677 929 1717 cos
941 1678 987 1716 su-

135 1771 187 1826 per
201 1755 254 1810 hac
268 1769 309 1821 re,
327 1752 467 1825 quidquid
481 1751 593 1822 liberet,
608 1767 787 1823 expromere,
809 1766 930 1823 suasque
946 1766 989 1804 ca·

139 1843 264 1901 lumnias
276 1858 341 1897 cnm
356 1841 474 1896 veritate
495 1843 674 1895 connectere.
702 1841 781 1895 Tunc
795 1839 848 1906 illi,
863 1855 929 1895 cum
944 1855 987 1893 re·

134 1932 287 2006 spondere,
304 1932 352 1986 ant
369 1928 487 1984 omnino
509 1928 618 1984 hiscere
632 1943 691 1984 non
713 1928 861 1999 auderent,
877 1928 912 1984 ad
933 1927 989 1982 alia

134 2020 242 2092 delapsi
258 2023 325 2075 snut
338 2018 636 2090 (Cottutionecortbug.
652 2021 678 2085 3,
694 2033 755 2088 cop.
772 2018 863 2089 347).4

170 2114 196 2167 3.
214 2111 249 2166 Ut
260 2108 453 2180 Augustinum
465 2107 639 2178 inaugurare
654 2106 802 2178 Megalius,
814 2105 854 2161 sic
864 2103 988 2162 vicissim

134 2197 303 2271 inaugurari
321 2196 499 2269 Augustinus
520 2195 668 2252 recusabat
694 2195 853 2266 (Possidtus,
870 2197 900 2249 in
925 2195 989 2250 Vita

136 2285 296 2358 Augustini,
307 2302 331 2342 c.
347 2285 385 2359 8).
403 2287 458 2341 Nee
470 2284 548 2340 enim
562 2284 658 2339 minor
670 2287 731 2340 erat
744 2283 831 2355 huJus
845 2282 989 2338 modestia

137 2382 165 2433 et
178 2376 290 2449 religio,
305 2391 393 2447 quem
402 2380 446 2430 tot
455 2373 610 2429 illustrium
619 2372 757 2441 virorum,
770 2373 820 2444 qni
831 2376 916 2427 aetate
927 2371 987 2438 illa,

138 2471 169 2521 ut
184 2465 380 2537 episcopatum
394 2462 580 2534 susciperent,
596 2461 677 2517 sicuti
693 2461 802 2529 scribit,
816 2462 989 2517 tenebantur

137 2553 230 2619 inviti,
245 2553 482 2626 perducebantur,
498 2551 729 2618 includebantur,
744 2550 987 2618 custodiebantur,

138 2642 322 2716 patiebantur
335 2645 415 2698 tanta
428 2656 493 2713 quae
508 2640 642 2696 uolebant
657 2641 747 2696 donec
765 2638 805 2695 eis
818 2639 928 2695 adesset
939 2655 988 2694 ro-

138 2734 232 2789 luntas
242 2731 413 2805 suscipiendi
426 2730 522 2802 operis
536 2729 603 2784 boui
616 2732 717 2799 (Epist.
735 2733 795 2793 173,
813 2746 841 2784 n.
858 2730 895 2798 t).
919 2729 989 2783 Nasu

138 2912 232 2975 dabat,
248 2911 303 2983 ipsi
317 2909 449 2966 veniebat
467 2909 498 2964 in
513 2912 650 2976 mentem,
667 2908 701 2963 ab
722 2906 851 2963 Ecclesia
867 2923 989 2963 consue-

138 3001 238 3056 tudine
253 3000 416 3068 abborrere‚
437 3002 469 3053 ut
482 2997 595 3053 virente
610 2996 702 3052 adhuc
716 2996 850 3069 episcopo
864 2996 937 3051 alius
952 2995 991 3051 ei-

140 3090 205 3144 dem
223 3087 353 3144 Ecclesia
368 3086 572 3159 praeficeretur.
592 3085 701 3141 Certior
713 3090 811 3141 tamen
835 3085 924 3140 iactus
949 3088 991 3140 est

139 3177 168 3232 id
185 3191 292 3232 norum
307 3175 471 3230 etiusolens
485 3189 543 3229 non
558 3189 629 3239 esse,
642 3173 761 3244 prolatis
775 3173 832 3244 ipsi
845 3173 990 3245 plurimis,

141 3280 199 3319 non
214 3263 353 3320 Africanis
363 3261 459 3324 modo,
473 3261 522 3316 sed
533 3260 734 3317 transmarinis
744 3260 832 3316 etiam
842 3262 989 3333 exemplis,

141 3352 246 3425 quibus
260 3350 353 3407 omnis
377 3349 522 3407 excusatio
541 3349 567 3404 ei
580 3349 720 3421 praeclusa
734 3353 777 3405 est
789 3350 951 3420 (presidius,
962 3353 992 3406 tn

142 3445 209 3500 Vita
222 3442 383 3510 Augustini,
399 3456 423 3496 c.
444 3441 471 3507 8,
492 3443 518 3495 et
532 3440 716 3507 Augustinus,
731 3440 823 3510 Epist.
843 3443 888 3507 31,
904 3457 931 3495 n.
953 3440 990 3508 4).

143 3534 213 3589 Cum
226 3531 316 3604 igitur
336 3529 433 3586 divino
448 3527 566 3584 consilio
584 3528 770 3583 vehementer
789 3527 903 3583 timeret
917 3527 992 3583 obsi-

141 3626 225 3691 stere,
241 3621 265 3676 si
276 3621 352 3694 quod
362 3623 440 3675 tanta
453 3617 584 3691 praesulis
594 3616 639 3672 sui
649 3616 786 3672 charitate
794 3621 932 3690 tantoque
940 3634 992 3689 po·

141 3711 202 3783 puli
215 3710 309 3766 studio
325 3708 379 3764 sibi
397 3707 586 3775 deferebatur,
602 3706 710 3762 diutius
723 3711 881 3775 recusaret,
897 3706 992 3780 publi·

1040 327 1161 383 rationis
1172 327 1342 402 permiserat
1353 344 1360 385 ι
1372 344 1470 386 rernm
1484 331 1687 402 praterhujus
1704 331 1819 402 generis
1830 348 1889 404 per.

1040 430 1119 470 raros
1133 431 1224 483 casus,
1240 416 1269 470 in
1284 415 1389 488 quibus
1402 416 1511 472 intlicta
1525 416 1723 473 ecclesiasticae
1735 417 1890 490 discipliuae

1040 505 1125 577 plaga
1139 505 1240 577 majori
1255 505 1494 561 reconciliationis
1508 506 1583 561 bono
1598 506 1712 562 abunde
1726 523 1889 580 compensa-

1040 597 1129 661 retur,
1141 610 1198 649 non
1207 594 1369 667 patiebatur
1382 594 1411 650 id
1425 595 1460 650 ab
1470 589 1534 650 aliis
1547 593 1623 663 lieri,
1636 597 1719 666 cutus
1729 595 1826 667 ipsum
1835 613 1891 668 piu·

1041 681 1160 739 nitebat.
1175 683 1368 749 Quamobrem
1389 699 1455 739 cum
1470 683 1660 739 arbitraretur
1678 686 1890 756 procurandam

1041 769 1095 825 sibi
1109 786 1169 825 esse
1189 769 1310 826 Heraclii
1326 770 1485 843 presbyteri
1500 771 1683 840 electionem,
1698 771 1750 844 qui
1762 770 1819 828 sibi
1834 789 1893 828 suc·

1041 858 1170 941 cederet;
1187 875 1254 915 eum
1273 863 1371 915 tamen
1389 860 1590 932 presbyterum
1604 859 1735 934 reliquit,
1750 876 1805 917 nec
1818 861 1893 918 illins

1042 947 1256 1003 ordinationem
1277 948 1421 1020 promovit
1454 949 1549 1022 (thid,
1573 965 1620 1005 nn.
1656 951 1684 1017 d,
1710 953 1747 1019 5).
1774 950 1843 1007 ltine
1865 957 1893 1007 et

1041 1035 1114 1091 illud
1123 1040 1259 1103 statutum
1275 1036 1305 1091 in
1319 1036 1449 1092 conciliis
1464 1036 1651 1093 senciendum
1662 1037 1783 1106 curavit,
1797 1041 1829 1095 nt
1840 1055 1890 1093 or·

1040 1124 1172 1181 dinandis
1184 1125 1316 1182 omniurn
1331 1125 1444 1183 decreta
1459 1128 1576 1182 Petrum
1587 1127 1623 1182 ab
1638 1126 1804 1183 ordinatore
1814 1127 1892 1199 lege-

1040 1218 1141 1270 rentur
1160 1216 1318 1287 (Possidr'us,
1334 1218 1363 1271 in
1379 1218 1444 1273 Vite
1462 1216 1624 1286 Augustini,
1638 1233 1661 1273 c.
1675 1217 1714 1288 8).
1736 1217 1832 1272 Exstat
1845 1216 1893 1272 de·

1041 1308 1151 1360 cretum
1170 1305 1242 1361 illud
1265 1304 1295 1360 in
1318 1304 1439 1360 concilio
1459 1305 1678 1376 Carthaginensi
1698 1305 1797 1374 tertio,
1814 1307 1894 1377 cujus

1042 1393 1143 1449 tertius
1156 1410 1247 1449 canon
1260 1395 1290 1449 in
1306 1394 1449 1450 decimum
1468 1398 1600 1451 octavum
1615 1394 1727 1452 Codicis
1746 1394 1892 1452 Africano-

1042 1500 1106 1539 rum
1121 1499 1263 1539 canouum
1278 1483 1401 1540 insertus
1415 1484 1476 1540 hac
1487 1483 1575 1540 habet
1589 1501 1596 1540 :
1611 1486 1718 1541 Placuit
1732 1489 1764 1541 ut
1779 1485 1894 1541 ordino-

1043 1576 1077 1629 tis
1086 1575 1216 1644 episcopis
1224 1574 1266 1629 oct
1275 1573 1379 1628 anneis
1387 1575 1467 1644 prius
1475 1573 1510 1629 ab
1518 1574 1722 1631 ordinatoribus
1729 1576 1788 1630 suis
1792 1575 1894 1645 placitu

1042 1664 1213 1719 corintiorum
1235 1663 1348 1718 curibus
1370 1679 1461 1719 eorum
1483 1664 1714 1731 lanceamque
1735 1679 1765 1719 ss
1786 1662 1894 1734 aliquid

1042 1756 1135 1806 conbu
1149 1755 1253 1807 statuta
1266 1753 1373 1807 conditi
1384 1753 1482 1820 secuse
1493 1753 1625 1823 peniteat
1639 1753 1749 1820 (labbe,
1765 1750 1893 1810 Corrdtio

1042 1857 1103 1896 rum
1120 1841 1275 1898 Cottectione
1296 1843 1429 1910 macinae,
1446 1846 1515 1897 tomo
1531 1844 1560 1911 a,
1581 1857 1648 1912 pop.
1668 1841 1763 1912 totth
1782 1840 1850 1906 sire,
1865 1844 1895 1896 nt

1042 1928 1149 2000 legitur
1163 1929 1193 1984 in
1206 1929 1326 1984 concilio
1341 1928 1558 2001 Carthaginensi
1573 1929 1668 1994 tertio,
1685 1931 1779 2002 capite
1793 1930 1892 1987 tertio:

1042 2020 1154 2074 Placuit
1175 2025 1206 2074 ut
1222 2020 1418 2076 ordinandis...
1445 2021 1553 2077 dareta
1570 2021 1779 2077 cmcitiorum...
1802 2020 1894 2086 (misse

1042 2113 1166 2164 usserunt
1177 2108 1271 2179 (ibid,
1285 2125 1352 2180 pop.
1367 2112 1455 2180 tior(

1078 2199 1104 2252 t.
1113 2196 1537 2271 llaecnimirumtnitAugustiui
1545 2196 1892 2270 promotio,cujusilleme·

1044 2286 1165 2341 moriam
1176 2286 1329 2358 quotannis
1338 2288 1502 2343 renovabat.
1512 2287 1762 2354 Quemadmodum
1770 2287 1888 2343 illistam

1042 2374 1257 2447 poribuslacere
1263 2382 1467 2433 consueverant
1475 2377 1555 2432 Urbis
1563 2375 1892 2449 quoqueautistites,qui

1043 2462 1182 2535 plurimos
1191 2464 1226 2519 ad
1240 2464 1312 2520 hanc
1326 2464 1519 2520 celebritatem
1528 2465 1677 2538 episcopos
1689 2464 1891 2520 convocabant.

1044 2551 1176 2624 legimus
1185 2552 1740 2626 etiamepiscoposllonatistasadOptati
1750 2553 1795 2610 sni
1804 2553 1894 2610 Gildo·

1043 2640 1123 2696 niani
1133 2640 1436 2714 natalitiairequentes
1447 2643 1598 2698 conuenire
1611 2642 1711 2698 solitos
1721 2643 1825 2714 (Epist.
1838 2644 1892 2708 108,

1042 2746 1071 2784 n.
1088 2734 1123 2796 ὃς
1137 2733 1237 2788 Contra
1251 2733 1368 2788 Litteras
1383 2733 1522 2792 Petiliani,
1534 2733 1582 2787 tib.
1601 2736 1628 2800 2,
1643 2749 1670 2787 n.
1686 2733 1742 2803 53).
1758 2730 1893 2792 Anniver·

1044 2819 1135 2873 sarius
1162 2818 1216 2874 iste
1240 2819 1300 2874 dies
1327 2820 1549 2875 consecrationis
1574 2819 1729 2891 Augustini
1753 2818 1892 2876 universa

1043 2908 1161 2978 quidem
1176 2907 1277 2963 Airicae
1288 2908 1514 2979 jucundissimus
1527 2914 1597 2976 erat,
1612 2909 1694 2980 cnjus
1712 2908 1833 2980 publica
1848 2910 1891 2964 le·

1044 2997 1107 3052 titia
1121 3015 1138 3052 a
1161 2996 1281 3052 Paulino
1297 3014 1429 3069 expressa
1442 2998 1530 3053 inisse
1544 2997 1658 3053 ridetur
1675 2996 1707 3052 iu
1726 3013 1761 3053 ea
1775 2999 1893 3070 gratula-

1043 3085 1133 3156 tione,
1149 3102 1235 3159 quam
1251 3091 1366 3158 accepto
1380 3087 1467 3158 hujus
1481 3085 1668 3144 ordinationis
1684 3086 1790 3143 nunno
1804 3086 1893 3143 statim

1044 3175 1132 3230 edidit
1145 3174 1204 3231 suis
1222 3175 1258 3231 ad
1282 3175 1475 3247 Augustinum
1492 3176 1605 3246 litteris,
1619 3176 1649 3231 in
1673 3176 1781 3248 quibus
1796 3176 1848 3232 has
1866 3175 1894 3231 in
1921 3176 1924 3181 ’

1044 3280 1125 3319 voces
1136 3265 1332 3337 gratabundus
1347 3265 1490 3336 erumpit:
1504 3267 1678 3322 Easuttemus
1692 3271 1720 3321 ct
1734 3267 1855 3343 tartesus
1868 3267 1895 3320 ia

1045 3369 1073 3409 co
1086 3356 1135 3423 qui
1147 3355 1217 3422 (ecit
1232 3354 1373 3410 mirabilia
1384 3356 1467 3422 solus,
1482 3359 1507 3410 et
1519 3357 1568 3425 qui
1578 3357 1649 3422 fucit
1662 3357 1805 3413 muninus
1820 3354 1893 3411 baii-

1046 3447 1104 3497 ture
1114 3445 1143 3498 in
1152 3443 1240 3512 domo,
1252 3446 1380 3513 quoniam
1385 3446 1443 3514 ipse
1448 3443 1569 3515 respecti
1577 3445 1758 3500 bumilitatem
1764 3449 1892 3504 neum.

1045 3537 1070 3587 ct
1084 3533 1210 3588 ohitcoit
1223 3535 1254 3587 s'n
1269 3533 1334 3588 bono
1346 3534 1450 3603 piebem
1459 3547 1551 3588 suom:
1569 3535 1618 3604 qui
1626 3535 1714 3589 erasit
1723 3531 1893 3590 cornuiudo

1046 3636 1088 3676 mo
1103 3621 1193 3677 Dauid
1210 3624 1292 3692 pueri
1313 3623 1367 3687 sui,
1382 3627 1408 3678 et
1430 3637 1501 3677 nunc
1519 3622 1652 3678 excitauit
1671 3637 1755 3678 donus
1774 3622 1893 3679 Ecdesia

1046 3727 1101 3766 sisa
1113 3713 1143 3765 in
1156 3713 1243 3768 electis
1257 3714 1324 3780 suis,
1339 3716 1369 3767 ut
1384 3727 1485 3767 comus
1496 3716 1677 3782 peccatoram,
1692 3714 1765 3768 sicut
1776 3728 1828 3783 per
1836 3726 1892 3782 pro

141 3800 182 3856 cis
197 3814 298 3854 corum
313 3797 387 3852 votis
400 3813 432 3851 ac
446 3795 595 3851 desideriis
610 3795 737 3850 divinam
750 3795 804 3851 sibi
817 3797 993 3852 uoluntatem
1043 3801 1154 3871 piretrum
1174 3800 1296 3871 spondet,
1313 3787 1360 3856 boc
1374 3806 1423 3868 est,
1442 3804 1657 3868 Donatistarum,
1671 3801 1891 3858 Hunhbaeorun-

142 3884 304 3943 denuntiari
313 3883 443 3940 credidit.
454 3883 642 3954 Dedititaque
651 3899 764 3953 manus,
776 3888 906 3939 etcurem
915 3885 994 3941 acdi·
1047 3906 1098 3960 que
1109 3890 1266 3958 confringat
1276 3889 1508 3961 (Apodemius,
1519 3892 1607 3961 Epist.
1620 3893 1663 3959 32,
1674 3906 1706 3946 n.
1718 3893 1761 3961 i).
1773 3891 1838 3947 llaec
1846 3904 1890 3944 au·

142 3975 258 4049 guitatis
280 3971 448 4045 episcopalis
468 3970 594 4044 insignia
613 3972 738 4043 suscepit
757 3973 872 4029 inritus.
890 3974 993 4031 Scribit
1046 3977 1414 4049 temfestiritasAugustino
1426 3977 1891 4050 moerorispotiusettristitiredics

143 4065 278 4122 Paulinus
293 4062 387 4119 abhac
397 4060 533 4117 inusitata
545 4060 724 4117 ordinatione
733 4078 838 4117 novum
847 4063 923 4120 illius
934 4064 995 4136 epi·
1046 4072 1117 4133 erat,
1134 4083 1200 4123 cum
1218 4066 1313 4122 oneris
1327 4065 1418 4138 ipsius
1432 4067 1560 4122 humeris
1579 4067 1719 4140 immsiti,
1735 4067 1890 4125 strationis

143 4153 272 4229 scopatui
291 4152 472 4224 splendorem
497 4166 530 4206 ac
553 4151 638 4205 decus
658 4151 824 4219 accessisse3
850 4169 901 4208 nec
914 4154 994 4226 prius
1048 4159 1105 4212 lieo
1116 4156 1267 4212 reddendas
1277 4156 1444 4211 memoriam
1455 4156 1516 4228 ejus
1533 4157 1629 4212 animo
1637 4156 1841 4229 permolestum
1855 4173 1890 4211 ra·

142 4246 196 4301 boc
211 4241 289 4300 credi
309 4240 448 4314 potuisse,
465 4255 552 4312 qnam
574 4238 657 4295 tieret
683 4239 777 4310 (Apud
799 4242 992 4310 Augustinum,
1046 4244 1170 4299 tricaret.
1196 4244 1229 4299 Et
1242 4260 1299 4316 quo
1319 4243 1405 4299 tiebat
1419 4248 1502 4300 aetate
1519 4243 1690 4316 provectior,
1714 4260 1751 4306 co
1770 4248 1890 4301 mentem

142 4337 231 4405 Epist.
249 4336 293 4400 32,
307 4348 336 4386 n.
352 4334 389 4397 t).
412 4330 444 4385 ld
459 4344 527 4384 sane
541 4334 708 4399 conceptam
724 4329 760 4385 de
774 4330 926 4402 Augustini
940 4331 993 4386 do·
1046 4332 1138 4388 aerius
1156 4333 1304 4405 pungebat
1324 4332 1373 4386 illa
1394 4331 1537 4403 cogitatio.
1562 4333 1657 4388 Exstat
1680 4333 1757 4389 hane
1781 4333 1813 4389 in
1835 4348 1890 4389 rem

142 4421 234 4478 ctrina
261 4426 290 4476 et
314 4420 422 4493 pietate
449 4416 691 4474 existimationem
713 4419 926 4489 comprobabat.
958 4419 994 4474 Ea
1047 4419 1180 4493 egregius
1192 4437 1251 4492 pree
1263 4419 1374 4475 catoris
1389 4435 1483 4476 sermo
1499 4419 1593 4491 (Sena.
1610 4423 1670 4484 339,
1691 4436 1720 4476 n.
1736 4422 1762 4490 t)
1780 4420 1817 4477 ad
1832 4422 1889 4493 ple·

143 4515 240 4567 nmen
260 4509 402 4565 ordinatio
424 4508 599 4581 reprehensa
613 4512 665 4575 est,
690 4512 718 4563 et
737 4507 798 4580 ipsc
816 4508 994 4579 Augustinus
1046 4508 1113 4563 bem
1128 4508 1189 4579 ipso
1207 4507 1252 4561 die
1269 4506 1437 4578 episcopalis
1451 4505 1641 4562 ordinationis
1654 4506 1715 4578 ejus
1728 4505 1889 4574 babilonia

142 4603 205 4656 tum
218 4598 314 4667 verbo,
325 4602 387 4653 tum
396 4598 502 4670 scripto
513 4597 658 4653 confessus
667 4601 719 4664 est,
735 4596 764 4652 id
774 4600 872 4651 octavo
880 4597 994 4654 concilii
1047 4613 1104 4670 quo
1117 4597 1241 4652 natalem
1252 4595 1366 4651 Domini
1373 4595 1525 4651 imminere
1534 4594 1604 4651 dicit
1616 4594 1712 4666 (ibid,
1723 4611 1753 4652 n.
1770 4594 1807 4667 3).
1820 4593 1891 4651 Facit

133 4687 252 4746 'Nicaeni
263 4703 371 4743 canone
383 4687 469 4742 tuisse
480 4685 659 4758 prohibitum
675 4687 773 4757 (Epist.
790 4688 853 4751 tlt,
868 4703 894 4742 n.
910 4687 949 4758 t),
965 4687 995 4742 in
1047 4687 1108 4742 hac
1122 4684 1292 4752 observatio,
1309 4687 1339 4739 ut
1352 4683 1594 4740 consecrationem
1608 4684 1682 4755 ejus,
1697 4699 1787 4756 qnam
1801 4682 1832 4739 in
1844 4683 1890 4738 hu·

144 4795 201 4851 qno
210 4781 307 4833 sancta
314 4776 496 4849 illasynodus
503 4775 572 4831 satis
580 4777 678 4849 aperte
686 4775 820 4839 declarat,
828 4775 994 4847 primariam
1044 4776 1093 4847 jus
1106 4773 1174 4830 anui
1188 4773 1381 4830 trecentesimi
1389 4774 1568 4846 nonagesimi
1579 4771 1675 4845 quinti
1688 4775 1779 4830 tinem
1790 4774 1890 4830 selene

145 4882 226 4921 suum
242 4864 431 4921 intentionem
446 4880 510 4920 cam
524 4880 594 4933 essa,
609 4867 643 4920 ut
661 4862 763 4919 unicus
776 4864 893 4921 cuilibet
907 4867 994 4922 eccle·
1048 4865 1140 4919 visum
1152 4869 1204 4933 est,
1226 4879 1312 4920 nomo
1327 4861 1470 4935 putauerit
1491 4862 1679 4935 rejiciendam
1696 4862 1774 4918 ultra
1788 4877 1889 4919 annum

128 4955 192 5011 'siae
206 4952 304 5027 pressit
317 4951 476 5025 episcopus,
492 4953 558 5010 licet
572 4953 727 5026 aliquando
740 4953 915 5010 eontrarium
929 4955 991 5012 lieri
1047 4952 1280 5009 trecentesimum
1306 4952 1527 5024 nonagesimum
1556 4957 1680 5020 mutum,
1702 4951 1813 5024 qnippe
1833 4965 1891 5007 cum

127 5043 302 5117 'permittat
329 5042 433 5098 Verum
457 5058 510 5097 nec
530 5044 700 5115 Augustino,
722 5059 775 5098 nac
793 5043 904 5100 Valerio
926 5049 994 5102 tunc
1048 5059 1124 5099 anno
1137 5041 1338 5097 trecentesimo
1353 5040 1540 5112 nonagesimo
1560 5039 1683 5113 septimo
1703 5040 1892 5097 sanctionibus

142 5131 282 5205 temporis
301 5133 402 5186 notum
426 5133 487 5184 erat
509 5128 581 5185 illud
604 5129 716 5185 concilii
736 5130 892 5200 decretum,
917 5132 993 5202 quod
1047 5131 1160 5186 concilii
1178 5130 1409 5203 Carthaginensis
1429 5129 1517 5200 tertii,
1533 5129 1579 5186 die
1600 5129 1773 5201 septembris
1792 5129 1891 5203 prima.

127 5221 193 5277 'ubi
207 5221 298 5288 scirit,
312 5218 426 5275 concilii
439 5217 614 5274 sanctionem
629 5224 759 5276 accurate
774 5219 906 5275 serravit.
922 5221 992 5274 Nam
1047 5219 1092 5274 rel
1105 5219 1219 5291 augusti
1234 5219 1372 5290 sigesima
1386 5224 1484 5275 octava
1494 5218 1848 5293 celebrati-subscripserit
1857 5217 1894 5274 in·

143 5307 992 5384 auctorquidemfuit.utstatueretur,episeoposDonatistes,
1048 5314 1091 5364 ter
1110 5309 1260 5382 episcopos
1278 5309 1472 5381 Augustinus:
1493 5309 1651 5381 quostiam
1672 5308 1844 5382 impulsore,
1866 5309 1896 5361 ut

143 5401 193 5471 qui
208 5401 242 5456 ad
256 5398 385 5457 Ecclesia
400 5397 633 5454 communionem
646 5397 782 5466 redirent,
799 5398 896 5454 sedere
910 5414 993 5470 posse
1047 5388 1181 5466 diximus,
1194 5399 1249 5454 tuit
1262 5398 1292 5455 in
1307 5416 1340 5454 ea
1352 5400 1461 5470 synodo
1475 5399 1675 5469 constitutum,
1684 5402 1716 5455 ut
1730 5396 1894 5457 ordinandis

144 5504 209 5544 cum
223 5490 355 5564 episcopo
364 5488 513 5555 catholico,
530 5486 602 5542 sicut
615 5485 766 5542 concilium
780 5488 925 5544 Nicaenum
941 5489 993 5544 No·
1047 5488 1188 5561 episcopis
1202 5488 1245 5544 rel
1259 5487 1368 5545 clericis
1380 5488 1493 5545 decreta
1507 5488 1692 5545 conciliorum
1707 5489 1894 5562 preelegeren-
