<?xml version="1.0" encoding="UTF-8"?>
<!DOCTYPE html PUBLIC "-//W3C//DTD XHTML 1.0 Transitional//EN"
    "http://www.w3.org/TR/xhtml1/DTD/xhtml1-transitional.dtd">
<html xmlns="http://www.w3.org/1999/xhtml" xml:lang="en" lang="en">
 <head>
  <title>
</title>
<meta http-equiv="Content-Type" content="text/html;charset=utf-8" />
  <meta name='ocr-system' content='tesseract 3.04.00' />
  <meta name='ocr-capabilities' content='ocr_page ocr_carea ocr_par ocr_line ocrx_word'/>
</head>
<body>
  <div class='ocr_page' id='page_1' title='image "./patrologiaecurs02migngoog/patrologiaecurs02migngoog_0292.png"; bbox 0 0 3884 6112; ppageno 0'>
   <div class='ocr_carea' id='block_1_1' title="bbox 85 237 1844 301">
    <p class='ocr_par' dir='ltr' id='par_1_1' title="bbox 85 237 1844 301">
     <span class='ocr_line' id='line_1_1' title="bbox 85 237 1844 301; baseline -0.002 -1"><span class='ocrx_word' id='word_1_1' title='bbox 85 248 136 301; x_wconf 81' lang='lat'><strong>538</strong></span> <span class='ocrx_word' id='word_1_2' title='bbox 692 240 775 294; x_wconf 78' lang='lat' dir='ltr'><strong>uun</strong></span> <span class='ocrx_word' id='word_1_3' title='bbox 794 240 821 295; x_wconf 90' lang='lat' dir='ltr'><strong>S.</strong></span> <span class='ocrx_word' id='word_1_4' title='bbox 842 239 1030 296; x_wconf 88' lang='lat' dir='ltr'><strong>AUGUSTlNl</strong></span> <span class='ocrx_word' id='word_1_5' title='bbox 1052 237 1219 295; x_wconf 72' lang='lat' dir='ltr'><strong>uniscunt.</strong></span> <span class='ocrx_word' id='word_1_6' title='bbox 1797 240 1844 296; x_wconf 79' lang='lat' dir='ltr'><strong>tto</strong></span> 
     </span>
    </p>
   </div>
   <div class='ocr_carea' id='block_1_2' title="bbox 83 360 1848 5595">
    <p class='ocr_par' dir='ltr' id='par_1_2' title="bbox 83 360 1848 5595">
     <span class='ocr_line' id='line_1_2' title="bbox 86 360 1846 437; baseline -0.002 -14"><span class='ocrx_word' id='word_1_7' title='bbox 86 367 241 435; x_wconf 85' lang='lat' dir='ltr'><strong>incolumis,</strong></span> <span class='ocrx_word' id='word_1_8' title='bbox 262 365 301 421; x_wconf 91' lang='lat' dir='ltr'><strong>ait</strong></span> <span class='ocrx_word' id='word_1_9' title='bbox 314 365 504 437; x_wconf 74' lang='lat' dir='ltr'><strong>Augustinus,</strong></span> <span class='ocrx_word' id='word_1_10' title='bbox 518 366 624 420; x_wconf 86' lang='lat' dir='ltr'><strong>intuens</strong></span> <span class='ocrx_word' id='word_1_11' title='bbox 639 365 780 419; x_wconf 89' lang='lat' dir='ltr'><strong>intuentes.</strong></span> <span class='ocrx_word' id='word_1_12' title='bbox 796 364 864 430; x_wconf 86' lang='lat' dir='ltr'><strong>Quis</strong></span> <span class='ocrx_word' id='word_1_13' title='bbox 878 380 940 433; x_wconf 87' lang='lat' dir='ltr'><strong>erqo</strong></span> <span class='ocrx_word' id='word_1_14' title='bbox 995 364 1097 436; x_wconf 85' lang='lat' dir='ltr'><strong>(ibid.)</strong></span> <span class='ocrx_word' id='word_1_15' title='bbox 1115 362 1195 418; x_wconf 88' lang='lat' dir='ltr'><strong>Pauli</strong></span> <span class='ocrx_word' id='word_1_16' title='bbox 1221 360 1325 419; x_wconf 89' lang='lat' dir='ltr'><strong>deinde</strong></span> <span class='ocrx_word' id='word_1_17' title='bbox 1343 360 1477 418; x_wconf 86' lang='lat' dir='ltr'><strong>recitatus</strong></span> <span class='ocrx_word' id='word_1_18' title='bbox 1496 365 1540 417; x_wconf 90' lang='lat' dir='ltr'><strong>est</strong></span> <span class='ocrx_word' id='word_1_19' title='bbox 1556 360 1682 434; x_wconf 87' lang='lat' dir='ltr'><strong>libellus,</strong></span> <span class='ocrx_word' id='word_1_20' title='bbox 1698 377 1789 435; x_wconf 88' lang='lat' dir='ltr'><strong>quem</strong></span> <span class='ocrx_word' id='word_1_21' title='bbox 1803 363 1846 420; x_wconf 88' lang='lat' dir='ltr'><strong>ille</strong></span> 
     </span>
     <span class='ocr_line' id='line_1_3' title="bbox 87 450 1846 525; baseline -0.003 -13"><span class='ocrx_word' id='word_1_22' title='bbox 87 472 114 512; x_wconf 89' lang='lat' dir='ltr'><strong>se</strong></span> <span class='ocrx_word' id='word_1_23' title='bbox 129 458 215 512; x_wconf 86' lang='lat' dir='ltr'><strong>tenuit</strong></span> <span class='ocrx_word' id='word_1_24' title='bbox 227 471 244 510; x_wconf 91' lang='lat' dir='ltr'><strong>a</strong></span> <span class='ocrx_word' id='word_1_25' title='bbox 258 455 384 511; x_wconf 80' lang='lat' dir='ltr'><strong>laudibus</strong></span> <span class='ocrx_word' id='word_1_26' title='bbox 400 454 469 510; x_wconf 83' lang='lat' dir='ltr'><strong>batt</strong></span> <span class='ocrx_word' id='word_1_27' title='bbox 485 455 670 510; x_wconf 72' lang='lat' dir='ltr'><strong><em>clamantium</em></strong></span> <span class='ocrx_word' id='word_1_28' title='bbox 689 454 941 522; x_wconf 88' lang='lat' dir='ltr'><strong>qratulantiumqua</strong></span> <span class='ocrx_word' id='word_1_29' title='bbox 995 452 1113 509; x_wconf 86' lang='lat' dir='ltr'><strong>liniebat</strong></span> <span class='ocrx_word' id='word_1_30' title='bbox 1128 451 1247 523; x_wconf 92' lang='lat' dir='ltr'><strong>orando,</strong></span> <span class='ocrx_word' id='word_1_31' title='bbox 1261 455 1293 508; x_wconf 89' lang='lat' dir='ltr'><strong>ut</strong></span> <span class='ocrx_word' id='word_1_32' title='bbox 1306 468 1358 523; x_wconf 91' lang='lat' dir='ltr'><strong>pro</strong></span> <span class='ocrx_word' id='word_1_33' title='bbox 1370 466 1466 506; x_wconf 89' lang='lat' dir='ltr'><strong>sorore</strong></span> <span class='ocrx_word' id='word_1_34' title='bbox 1481 450 1585 507; x_wconf 77' lang='lat' dir='ltr'><strong>divinae</strong></span> <span class='ocrx_word' id='word_1_35' title='bbox 1598 451 1775 525; x_wconf 75' lang='lat' dir='ltr'>benignitati</span> <span class='ocrx_word' id='word_1_36' title='bbox 1789 469 1846 524; x_wconf 87' lang='lat' dir='ltr'><strong>snp-</strong></span> 
     </span>
     <span class='ocr_line' id='line_1_4' title="bbox 86 541 1847 615; baseline -0.002 -14"><span class='ocrx_word' id='word_1_37' title='bbox 86 545 194 601; x_wconf 88' lang='lat' dir='ltr'><strong>uocibus</strong></span> <span class='ocrx_word' id='word_1_38' title='bbox 218 545 329 599; x_wconf 87' lang='lat' dir='ltr'><strong>eeclesia</strong></span> <span class='ocrx_word' id='word_1_39' title='bbox 345 557 539 613; x_wconf 76' lang='lat' dir='ltr'><strong>usquequaque</strong></span> <span class='ocrx_word' id='word_1_40' title='bbox 553 543 683 613; x_wconf 83' lang='lat' dir='ltr'><strong>completa</strong></span> <span class='ocrx_word' id='word_1_41' title='bbox 697 546 744 596; x_wconf 89' lang='lat' dir='ltr'><strong>cst.</strong></span> <span class='ocrx_word' id='word_1_42' title='bbox 767 541 832 597; x_wconf 88' lang='lat' dir='ltr'><strong>lude</strong></span> <span class='ocrx_word' id='word_1_43' title='bbox 849 541 887 595; x_wconf 90' lang='lat' dir='ltr'><strong>ad</strong></span> <span class='ocrx_word' id='word_1_44' title='bbox 899 557 942 596; x_wconf 91' lang='lat' dir='ltr'><strong>mc</strong></span> <span class='ocrx_word' id='word_1_45' title='bbox 994 543 1146 615; x_wconf 90' lang='lat' dir='ltr'><strong>plicarent,</strong></span> <span class='ocrx_word' id='word_1_46' title='bbox 1160 557 1213 613; x_wconf 89' lang='lat' dir='ltr'><strong>pro</strong></span> <span class='ocrx_word' id='word_1_47' title='bbox 1228 557 1257 597; x_wconf 91' lang='lat' dir='ltr'><strong>se</strong></span> <span class='ocrx_word' id='word_1_48' title='bbox 1277 545 1372 597; x_wconf 90' lang='lat' dir='ltr'><strong>autem</strong></span> <span class='ocrx_word' id='word_1_49' title='bbox 1391 541 1548 613; x_wconf 81' lang='lat' dir='ltr'><strong>gratibrum</strong></span> <span class='ocrx_word' id='word_1_50' title='bbox 1570 541 1697 596; x_wconf 88' lang='lat' dir='ltr'><strong>actiones</strong></span> <span class='ocrx_word' id='word_1_51' title='bbox 1711 543 1847 598; x_wconf 74' lang='lat' dir='ltr'><strong>referrent</strong></span> 
     </span>
     <span class='ocr_line' id='line_1_5' title="bbox 87 631 1845 705; baseline -0.002 -16"><span class='ocrx_word' id='word_1_52' title='bbox 87 636 219 700; x_wconf 88' lang='lat' dir='ltr'><strong>curritur,</strong></span> <span class='ocrx_word' id='word_1_53' title='bbox 230 633 278 687; x_wconf 89' lang='lat' dir='ltr'><strong>ubi</strong></span> <span class='ocrx_word' id='word_1_54' title='bbox 287 631 411 687; x_wconf 80' lang='lat' dir='ltr'><strong><em>sedebam</em></strong></span> <span class='ocrx_word' id='word_1_55' title='bbox 422 632 682 702; x_wconf 80' lang='lat' dir='ltr'><strong>jamprocessurus3</strong></span> <span class='ocrx_word' id='word_1_56' title='bbox 694 633 777 685; x_wconf 86' lang='lat' dir='ltr'><strong>irruit</strong></span> <span class='ocrx_word' id='word_1_57' title='bbox 787 632 940 701; x_wconf 86' lang='lat' dir='ltr'><strong>alterquis·</strong></span> <span class='ocrx_word' id='word_1_58' title='bbox 996 631 1253 705; x_wconf 88' lang='lat' dir='ltr'><strong>rependerentqne.</strong></span> <span class='ocrx_word' id='word_1_59' title='bbox 1270 633 1327 687; x_wconf 85' lang='lat' dir='ltr'><strong>liae</strong></span> <span class='ocrx_word' id='word_1_60' title='bbox 1339 635 1455 704; x_wconf 86' lang='lat' dir='ltr'><strong>peracta</strong></span> <span class='ocrx_word' id='word_1_61' title='bbox 1469 631 1591 687; x_wconf 88' lang='lat' dir='ltr'><strong>lectione</strong></span> <span class='ocrx_word' id='word_1_62' title='bbox 1605 635 1722 687; x_wconf 88' lang='lat' dir='ltr'><strong>sanctas</strong></span> <span class='ocrx_word' id='word_1_63' title='bbox 1741 633 1845 687; x_wconf 78' lang='lat' dir='ltr'><strong>Prasul</strong></span> 
     </span>
     <span class='ocr_line' id='line_1_6' title="bbox 88 719 1845 794; baseline -0.001 -16"><span class='ocrx_word' id='word_1_64' title='bbox 88 740 138 793; x_wconf 87' lang='lat' dir='ltr'><strong>qua</strong></span> <span class='ocrx_word' id='word_1_65' title='bbox 155 727 217 793; x_wconf 88' lang='lat' dir='ltr'><strong>post</strong></span> <span class='ocrx_word' id='word_1_66' title='bbox 237 723 361 788; x_wconf 86' lang='lat' dir='ltr'><strong>alterum,</strong></span> <span class='ocrx_word' id='word_1_67' title='bbox 382 724 467 776; x_wconf 85' lang='lat' dir='ltr'><strong>omnis</strong></span> <span class='ocrx_word' id='word_1_68' title='bbox 487 723 621 791; x_wconf 75' lang='lat' dir='ltr'>posterior</span> <span class='ocrx_word' id='word_1_69' title='bbox 643 722 723 791; x_wconf 88' lang='lat' dir='ltr'><strong>quasi</strong></span> <span class='ocrx_word' id='word_1_70' title='bbox 744 736 853 785; x_wconf 80' lang='lat' dir='ltr'><strong><em>mavum,</em></strong></span> <span class='ocrx_word' id='word_1_71' title='bbox 868 719 941 790; x_wconf 92' lang='lat' dir='ltr'><strong>quod</strong></span> <span class='ocrx_word' id='word_1_72' title='bbox 994 727 1150 794; x_wconf 89' lang='lat' dir='ltr'><strong>utrumque</strong></span> <span class='ocrx_word' id='word_1_73' title='bbox 1166 720 1276 775; x_wconf 81' lang='lat' dir='ltr'>dimisit</span> <span class='ocrx_word' id='word_1_74' title='bbox 1290 737 1305 775; x_wconf 91' lang='lat' dir='ltr'><strong>e</strong></span> <span class='ocrx_word' id='word_1_75' title='bbox 1320 720 1466 792; x_wconf 89' lang='lat' dir='ltr'><strong>gradibus.</strong></span> <span class='ocrx_word' id='word_1_76' title='bbox 1483 719 1611 775; x_wconf 86' lang='lat' dir='ltr'><strong>Palladia</strong></span> <span class='ocrx_word' id='word_1_77' title='bbox 1625 720 1661 775; x_wconf 89' lang='lat' dir='ltr'><strong>ad</strong></span> <span class='ocrx_word' id='word_1_78' title='bbox 1676 720 1845 776; x_wconf 84' lang='lat' dir='ltr'><strong>memoriam</strong></span> 
     </span>
     <span class='ocr_line' id='line_1_7' title="bbox 86 809 1845 883; baseline -0.002 -16"><span class='ocrx_word' id='word_1_79' title='bbox 86 811 375 883; x_wconf 81' lang='lat' dir='ltr'><strong>aliuspriordiuerat,</strong></span> <span class='ocrx_word' id='word_1_80' title='bbox 388 809 941 880; x_wconf 85' lang='lat' dir='ltr'><strong>nuntiantes:mequeqaudente,etopud</strong></span> <span class='ocrx_word' id='word_1_81' title='bbox 994 811 1144 866; x_wconf 88' lang='lat' dir='ltr'><strong>memorati</strong></span> <span class='ocrx_word' id='word_1_82' title='bbox 1172 809 1305 881; x_wconf 83' lang='lat' dir='ltr'><strong>martyris</strong></span> <span class='ocrx_word' id='word_1_83' title='bbox 1335 814 1446 864; x_wconf 89' lang='lat' dir='ltr'><strong>oratum</strong></span> <span class='ocrx_word' id='word_1_84' title='bbox 1474 825 1503 864; x_wconf 92' lang='lat' dir='ltr'><strong>se</strong></span> <span class='ocrx_word' id='word_1_85' title='bbox 1524 809 1647 864; x_wconf 90' lang='lat' dir='ltr'><strong>contulit</strong></span> <span class='ocrx_word' id='word_1_86' title='bbox 1668 825 1676 865; x_wconf 72' lang='grc' dir='ltr'>ε</span> <span class='ocrx_word' id='word_1_87' title='bbox 1698 809 1761 881; x_wconf 89' lang='lat' dir='ltr'><strong>ipse</strong></span> <span class='ocrx_word' id='word_1_88' title='bbox 1785 825 1845 864; x_wconf 82' lang='lat' dir='ltr'><strong>vero</strong></span> 
     </span>
     <span class='ocr_line' id='line_1_8' title="bbox 88 883 1843 972; baseline -0.002 -17"><span class='ocrx_word' id='word_1_89' title='bbox 88 883 247 969; x_wconf 77' lang='lat' dir='ltr'><strong>mauratica</strong></span> <span class='ocrx_word' id='word_1_90' title='bbox 262 902 314 954; x_wconf 84' lang='lat' dir='ltr'><strong>Deo</strong></span> <span class='ocrx_word' id='word_1_91' title='bbox 329 901 433 966; x_wconf 79' lang='lat' dir='ltr'><strong>aquile,</strong></span> <span class='ocrx_word' id='word_1_92' title='bbox 450 897 604 966; x_wconf 87' lang='lat' dir='ltr'><strong>inqreditur</strong></span> <span class='ocrx_word' id='word_1_93' title='bbox 615 900 697 953; x_wconf 88' lang='lat' dir='ltr'><strong>etiam</strong></span> <span class='ocrx_word' id='word_1_94' title='bbox 710 900 768 968; x_wconf 85' lang='lat' dir='ltr'><strong>ipsc</strong></span> <span class='ocrx_word' id='word_1_95' title='bbox 780 914 840 953; x_wconf 92' lang='lat' dir='ltr'><strong>cum</strong></span> <span class='ocrx_word' id='word_1_96' title='bbox 854 899 941 968; x_wconf 79' lang='lat' dir='ltr'><strong>pluri·</strong></span> <span class='ocrx_word' id='word_1_97' title='bbox 994 900 1145 972; x_wconf 89' lang='lat' dir='ltr'><strong>populum,</strong></span> <span class='ocrx_word' id='word_1_98' title='bbox 1167 916 1231 972; x_wconf 78' lang='lat' dir='ltr'><strong>quae</strong></span> <span class='ocrx_word' id='word_1_99' title='bbox 1250 898 1336 954; x_wconf 91' lang='lat' dir='ltr'><strong>modo</strong></span> <span class='ocrx_word' id='word_1_100' title='bbox 1354 898 1435 953; x_wconf 91' lang='lat' dir='ltr'><strong>lectis</strong></span> <span class='ocrx_word' id='word_1_101' title='bbox 1454 902 1483 953; x_wconf 89' lang='lat' dir='ltr'><strong>et</strong></span> <span class='ocrx_word' id='word_1_102' title='bbox 1501 897 1605 953; x_wconf 90' lang='lat' dir='ltr'><strong>auditis</strong></span> <span class='ocrx_word' id='word_1_103' title='bbox 1628 898 1843 963; x_wconf 73' lang='lat' dir='ltr'>conveniebant,</span> 
     </span>
     <span class='ocr_line' id='line_1_9' title="bbox 88 986 1844 1060; baseline -0.001 -16"><span class='ocrx_word' id='word_1_104' title='bbox 88 991 147 1055; x_wconf 89' lang='lat' dir='ltr'><strong>bus,</strong></span> <span class='ocrx_word' id='word_1_105' title='bbox 158 989 306 1043; x_wconf 89' lang='lat' dir='ltr'><strong>inclinatur</strong></span> <span class='ocrx_word' id='word_1_106' title='bbox 317 987 354 1041; x_wconf 92' lang='lat' dir='ltr'><strong>od</strong></span> <span class='ocrx_word' id='word_1_107' title='bbox 363 1001 452 1054; x_wconf 86' lang='lat' dir='ltr'><strong>qenua</strong></span> <span class='ocrx_word' id='word_1_108' title='bbox 459 1001 527 1053; x_wconf 89' lang='lat' dir='ltr'><strong>mea,</strong></span> <span class='ocrx_word' id='word_1_109' title='bbox 539 987 655 1056; x_wconf 84' lang='lat' dir='ltr'><strong>eriqitur</strong></span> <span class='ocrx_word' id='word_1_110' title='bbox 661 987 701 1043; x_wconf 91' lang='lat' dir='ltr'><strong>ad</strong></span> <span class='ocrx_word' id='word_1_111' title='bbox 713 987 831 1042; x_wconf 89' lang='lat' dir='ltr'><strong>osculum</strong></span> <span class='ocrx_word' id='word_1_112' title='bbox 842 1001 938 1041; x_wconf 89' lang='lat' dir='ltr'><strong>mcum.</strong></span> <span class='ocrx_word' id='word_1_113' title='bbox 996 989 1096 1044; x_wconf 88' lang='lat' dir='ltr'><strong>docere</strong></span> <span class='ocrx_word' id='word_1_114' title='bbox 1112 988 1212 1060; x_wconf 75' lang='lat' dir='ltr'><strong>coepit3</strong></span> <span class='ocrx_word' id='word_1_115' title='bbox 1226 987 1313 1060; x_wconf 91' lang='lat' dir='ltr'><strong>idque</strong></span> <span class='ocrx_word' id='word_1_116' title='bbox 1329 986 1454 1059; x_wconf 91' lang='lat' dir='ltr'><strong>primum</strong></span> <span class='ocrx_word' id='word_1_117' title='bbox 1474 986 1642 1042; x_wconf 87' lang='lat' dir='ltr'><strong>testificatus</strong></span> <span class='ocrx_word' id='word_1_118' title='bbox 1665 990 1722 1057; x_wconf 87' lang='lat' dir='ltr'><strong>est,</strong></span> <span class='ocrx_word' id='word_1_119' title='bbox 1736 1002 1844 1058; x_wconf 88' lang='lat' dir='ltr'><strong>sperare</strong></span> 
     </span>
     <span class='ocr_line' id='line_1_10' title="bbox 87 1074 1843 1149; baseline -0.002 -15"><span class='ocrx_word' id='word_1_120' title='bbox 87 1077 257 1134; x_wconf 87' lang='lat' dir='ltr'><strong>Procedimus</strong></span> <span class='ocrx_word' id='word_1_121' title='bbox 272 1076 309 1130; x_wconf 91' lang='lat' dir='ltr'><strong>ad</strong></span> <span class='ocrx_word' id='word_1_122' title='bbox 320 1076 466 1146; x_wconf 82' lang='lat' dir='ltr'><strong>populum3</strong></span> <span class='ocrx_word' id='word_1_123' title='bbox 478 1077 559 1145; x_wconf 85' lang='lat' dir='ltr'><strong>plena</strong></span> <span class='ocrx_word' id='word_1_124' title='bbox 574 1081 632 1131; x_wconf 89' lang='lat' dir='ltr'><strong>crat</strong></span> <span class='ocrx_word' id='word_1_125' title='bbox 646 1077 765 1139; x_wconf 87' lang='lat' dir='ltr'><strong>ecclesia,</strong></span> <span class='ocrx_word' id='word_1_126' title='bbox 775 1075 940 1147; x_wconf 84' lang='lat' dir='ltr'><strong>personabat</strong></span> <span class='ocrx_word' id='word_1_127' title='bbox 994 1095 1024 1133; x_wconf 92' lang='lat' dir='ltr'><strong>se</strong></span> <span class='ocrx_word' id='word_1_128' title='bbox 1038 1077 1110 1147; x_wconf 87' lang='lat' dir='ltr'><strong>lore,</strong></span> <span class='ocrx_word' id='word_1_129' title='bbox 1124 1082 1157 1133; x_wconf 90' lang='lat' dir='ltr'><strong>ut</strong></span> <span class='ocrx_word' id='word_1_130' title='bbox 1176 1077 1293 1148; x_wconf 91' lang='lat' dir='ltr'><strong>reliquis</strong></span> <span class='ocrx_word' id='word_1_131' title='bbox 1315 1074 1450 1132; x_wconf 87' lang='lat' dir='ltr'><strong>iratribus</strong></span> <span class='ocrx_word' id='word_1_132' title='bbox 1465 1075 1579 1144; x_wconf 90' lang='lat' dir='ltr'><strong>sanitas,</strong></span> <span class='ocrx_word' id='word_1_133' title='bbox 1595 1091 1655 1148; x_wconf 90' lang='lat' dir='ltr'><strong>qua</strong></span> <span class='ocrx_word' id='word_1_134' title='bbox 1665 1076 1728 1149; x_wconf 81' lang='lat' dir='ltr'><strong>jam</strong></span> <span class='ocrx_word' id='word_1_135' title='bbox 1747 1077 1843 1131; x_wconf 86' lang='lat' dir='ltr'><strong>Paulas</strong></span> 
     </span>
     <span class='ocr_line' id='line_1_11' title="bbox 86 1163 1842 1238; baseline -0.002 -16"><span class='ocrx_word' id='word_1_136' title='bbox 86 1167 194 1222; x_wconf 88' lang='lat' dir='ltr'><strong>uocibus</strong></span> <span class='ocrx_word' id='word_1_137' title='bbox 220 1166 394 1235; x_wconf 83' lang='lat' dir='ltr'><strong>qaudiorum,</strong></span> <span class='ocrx_word' id='word_1_138' title='bbox 417 1168 469 1220; x_wconf 79' lang='lat' dir='ltr'><strong>lieo</strong></span> <span class='ocrx_word' id='word_1_139' title='bbox 491 1166 616 1232; x_wconf 86' lang='lat' dir='ltr'><strong>qratias!</strong></span> <span class='ocrx_word' id='word_1_140' title='bbox 630 1168 682 1221; x_wconf 86' lang='lat' dir='ltr'><strong>Deo</strong></span> <span class='ocrx_word' id='word_1_141' title='bbox 706 1165 818 1220; x_wconf 83' lang='lat' dir='ltr'><strong>laudes!</strong></span> <span class='ocrx_word' id='word_1_142' title='bbox 836 1167 941 1220; x_wconf 81' lang='lat' dir='ltr'><strong>rumine</strong></span> <span class='ocrx_word' id='word_1_143' title='bbox 995 1166 1148 1238; x_wconf 82' lang='lat' dir='ltr'><strong>gaudebat,</strong></span> <span class='ocrx_word' id='word_1_144' title='bbox 1162 1165 1360 1220; x_wconf 80' lang='lat' dir='ltr'><strong>restitueretur</strong></span> <span class='ocrx_word' id='word_1_145' title='bbox 1376 1165 1471 1236; x_wconf 83' lang='lat' dir='ltr'><strong>(serm.</strong></span> <span class='ocrx_word' id='word_1_146' title='bbox 1495 1166 1557 1231; x_wconf 77' lang='lat'><strong>323,</strong></span> <span class='ocrx_word' id='word_1_147' title='bbox 1575 1180 1606 1218; x_wconf 90' lang='lat' dir='ltr'><strong>n.</strong></span> <span class='ocrx_word' id='word_1_148' title='bbox 1629 1164 1664 1234; x_wconf 93' lang='lat' dir='ltr'><strong>l).</strong></span> <span class='ocrx_word' id='word_1_149' title='bbox 1679 1165 1756 1220; x_wconf 86' lang='lat' dir='ltr'><strong>Cum</strong></span> <span class='ocrx_word' id='word_1_150' title='bbox 1776 1163 1842 1219; x_wconf 85' lang='lat' dir='ltr'><strong>aillr-</strong></span> 
     </span>
     <span class='ocr_line' id='line_1_12' title="bbox 87 1251 1842 1325; baseline -0.002 -14"><span class='ocrx_word' id='word_1_151' title='bbox 87 1260 199 1323; x_wconf 87' lang='lat' dir='ltr'><strong>taccnte,</strong></span> <span class='ocrx_word' id='word_1_152' title='bbox 216 1257 279 1310; x_wconf 85' lang='lat' dir='ltr'><strong>binc</strong></span> <span class='ocrx_word' id='word_1_153' title='bbox 293 1253 644 1324; x_wconf 83' lang='lat' dir='ltr'><strong>atqucindaclamontium.</strong></span> <span class='ocrx_word' id='word_1_154' title='bbox 661 1254 787 1311; x_wconf 89' lang='lat' dir='ltr'><strong>Salutaui</strong></span> <span class='ocrx_word' id='word_1_155' title='bbox 798 1255 938 1325; x_wconf 72' lang='lat' dir='ltr'><strong>popellum,</strong></span> <span class='ocrx_word' id='word_1_156' title='bbox 994 1257 1100 1311; x_wconf 89' lang='lat' dir='ltr'><strong>masset</strong></span> <span class='ocrx_word' id='word_1_157' title='bbox 1123 1254 1153 1309; x_wconf 92' lang='lat' dir='ltr'><strong>in</strong></span> <span class='ocrx_word' id='word_1_158' title='bbox 1174 1253 1271 1308; x_wconf 87' lang='lat' dir='ltr'><strong>libello</strong></span> <span class='ocrx_word' id='word_1_159' title='bbox 1296 1269 1347 1307; x_wconf 92' lang='lat' dir='ltr'><strong>suo</strong></span> <span class='ocrx_word' id='word_1_160' title='bbox 1369 1251 1444 1308; x_wconf 90' lang='lat' dir='ltr'><strong>idem</strong></span> <span class='ocrx_word' id='word_1_161' title='bbox 1469 1252 1585 1320; x_wconf 86' lang='lat' dir='ltr'><strong>Paulus,</strong></span> <span class='ocrx_word' id='word_1_162' title='bbox 1606 1252 1779 1325; x_wconf 82' lang='lat' dir='ltr'><strong>frequenter</strong></span> <span class='ocrx_word' id='word_1_163' title='bbox 1797 1252 1842 1308; x_wconf 86' lang='lat' dir='ltr'><strong>sibi</strong></span> 
     </span>
     <span class='ocr_line' id='line_1_13' title="bbox 86 1341 1842 1418; baseline -0.002 -19"><span class='ocrx_word' id='word_1_164' title='bbox 86 1349 112 1400; x_wconf 90' lang='lat' dir='ltr'><strong>et</strong></span> <span class='ocrx_word' id='word_1_165' title='bbox 126 1359 221 1400; x_wconf 87' lang='lat' dir='ltr'><strong>rursus</strong></span> <span class='ocrx_word' id='word_1_166' title='bbox 236 1343 328 1399; x_wconf 89' lang='lat' dir='ltr'><strong>cadem</strong></span> <span class='ocrx_word' id='word_1_167' title='bbox 350 1344 513 1410; x_wconf 72' lang='lat' dir='ltr'><strong>feruentiore</strong></span> <span class='ocrx_word' id='word_1_168' title='bbox 526 1358 588 1398; x_wconf 86' lang='lat' dir='ltr'><strong>uoce</strong></span> <span class='ocrx_word' id='word_1_169' title='bbox 605 1342 769 1398; x_wconf 90' lang='lat' dir='ltr'><strong>clamabant.</strong></span> <span class='ocrx_word' id='word_1_170' title='bbox 784 1344 865 1398; x_wconf 85' lang='lat' dir='ltr'><strong>Foeta</strong></span> <span class='ocrx_word' id='word_1_171' title='bbox 882 1348 941 1398; x_wconf 90' lang='lat' dir='ltr'><strong>tan·</strong></span> <span class='ocrx_word' id='word_1_172' title='bbox 995 1344 1160 1418; x_wconf 81' lang='lat' dir='ltr'><strong>apparuisse</strong></span> <span class='ocrx_word' id='word_1_173' title='bbox 1175 1343 1290 1398; x_wconf 90' lang='lat' dir='ltr'><strong>beatum</strong></span> <span class='ocrx_word' id='word_1_174' title='bbox 1306 1341 1484 1408; x_wconf 83' lang='lat' dir='ltr'><strong>Antistitem3</strong></span> <span class='ocrx_word' id='word_1_175' title='bbox 1501 1341 1547 1397; x_wconf 90' lang='lat' dir='ltr'><strong>hic</strong></span> <span class='ocrx_word' id='word_1_176' title='bbox 1561 1341 1636 1397; x_wconf 91' lang='lat' dir='ltr'><strong>serio</strong></span> <span class='ocrx_word' id='word_1_177' title='bbox 1656 1356 1693 1397; x_wconf 94' lang='lat' dir='ltr'><strong>ne</strong></span> <span class='ocrx_word' id='word_1_178' title='bbox 1716 1357 1801 1396; x_wconf 91' lang='lat' dir='ltr'><strong>sunm</strong></span> <span class='ocrx_word' id='word_1_179' title='bbox 1817 1341 1842 1396; x_wconf 93' lang='lat' dir='ltr'><strong>in</strong></span> 
     </span>
     <span class='ocr_line' id='line_1_14' title="bbox 86 1430 1841 1503; baseline -0.001 -15"><span class='ocrx_word' id='word_1_180' title='bbox 86 1434 146 1489; x_wconf 87' lang='lat' dir='ltr'><strong>dem</strong></span> <span class='ocrx_word' id='word_1_181' title='bbox 161 1435 278 1496; x_wconf 77' lang='lat' dir='ltr'><strong>silantia,</strong></span> <span class='ocrx_word' id='word_1_182' title='bbox 299 1433 504 1503; x_wconf 84' lang='lat' dir='ltr'><strong>scripturarum</strong></span> <span class='ocrx_word' id='word_1_183' title='bbox 529 1431 686 1487; x_wconf 88' lang='lat' dir='ltr'><strong>diuinarum</strong></span> <span class='ocrx_word' id='word_1_184' title='bbox 704 1437 767 1488; x_wconf 87' lang='lat' dir='ltr'><strong>sunt</strong></span> <span class='ocrx_word' id='word_1_185' title='bbox 782 1434 849 1488; x_wconf 92' lang='lat' dir='ltr'><strong>lcata</strong></span> <span class='ocrx_word' id='word_1_186' title='bbox 872 1433 939 1486; x_wconf 85' lang='lat' dir='ltr'><strong>sole·</strong></span> <span class='ocrx_word' id='word_1_187' title='bbox 994 1435 1132 1490; x_wconf 87' lang='lat' dir='ltr'><strong>honorem</strong></span> <span class='ocrx_word' id='word_1_188' title='bbox 1155 1433 1226 1488; x_wconf 91' lang='lat' dir='ltr'><strong>illud</strong></span> <span class='ocrx_word' id='word_1_189' title='bbox 1248 1434 1439 1499; x_wconf 87' lang='lat' dir='ltr'><strong>convertatur,</strong></span> <span class='ocrx_word' id='word_1_190' title='bbox 1454 1434 1538 1486; x_wconf 84' lang='lat' dir='ltr'><strong>vetat.</strong></span> <span class='ocrx_word' id='word_1_191' title='bbox 1555 1430 1631 1498; x_wconf 84' lang='lat' dir='ltr'><strong>Quid</strong></span> <span class='ocrx_word' id='word_1_192' title='bbox 1649 1433 1727 1486; x_wconf 88' lang='lat' dir='ltr'><strong>enim</strong></span> <span class='ocrx_word' id='word_1_193' title='bbox 1747 1445 1841 1497; x_wconf 81' lang='lat' dir='ltr'><strong>smnus,</strong></span> 
     </span>
     <span class='ocr_line' id='line_1_15' title="bbox 86 1520 1842 1596; baseline -0.002 -18"><span class='ocrx_word' id='word_1_194' title='bbox 86 1525 172 1578; x_wconf 78' lang='lat' dir='ltr'><strong>meria.</strong></span> <span class='ocrx_word' id='word_1_195' title='bbox 188 1523 239 1578; x_wconf 87' lang='lat' dir='ltr'><strong>Ubi</strong></span> <span class='ocrx_word' id='word_1_196' title='bbox 250 1521 617 1577; x_wconf 84' lang='lat' dir='ltr'><strong>autemuentumestadmei</strong></span> <span class='ocrx_word' id='word_1_197' title='bbox 629 1523 757 1576; x_wconf 74' lang='lat' dir='ltr'><strong>emmonis</strong></span> <span class='ocrx_word' id='word_1_198' title='bbox 768 1522 863 1589; x_wconf 90' lang='lat' dir='ltr'><strong>locum,</strong></span> <span class='ocrx_word' id='word_1_199' title='bbox 878 1521 941 1576; x_wconf 84' lang='lat' dir='ltr'><strong>diui</strong></span> <span class='ocrx_word' id='word_1_200' title='bbox 994 1523 1098 1596; x_wconf 91' lang='lat' dir='ltr'><strong>inquit,</strong></span> <span class='ocrx_word' id='word_1_201' title='bbox 1112 1525 1179 1594; x_wconf 92' lang='lat' dir='ltr'><strong>quia</strong></span> <span class='ocrx_word' id='word_1_202' title='bbox 1199 1537 1246 1591; x_wconf 85' lang='lat' dir='ltr'><strong>eqo</strong></span> <span class='ocrx_word' id='word_1_203' title='bbox 1266 1523 1387 1592; x_wconf 85' lang='lat' dir='ltr'><strong>apparui</strong></span> <span class='ocrx_word' id='word_1_204' title='bbox 1407 1522 1468 1576; x_wconf 87' lang='lat' dir='ltr'><strong>istis</strong></span> <span class='ocrx_word' id='word_1_205' title='bbox 1486 1520 1628 1576; x_wconf 73' lang='lat' dir='ltr'><strong>resedens?</strong></span> <span class='ocrx_word' id='word_1_206' title='bbox 1645 1521 1692 1576; x_wconf 89' lang='lat' dir='ltr'><strong>llli</strong></span> <span class='ocrx_word' id='word_1_207' title='bbox 1716 1521 1787 1575; x_wconf 87' lang='lat' dir='ltr'><strong>enim</strong></span> <span class='ocrx_word' id='word_1_208' title='bbox 1807 1536 1842 1575; x_wconf 87' lang='lat' dir='ltr'><strong>mr</strong></span> 
     </span>
     <span class='ocr_line' id='line_1_16' title="bbox 83 1609 1842 1685; baseline -0.002 -17"><span class='ocrx_word' id='word_1_209' title='bbox 83 1629 174 1685; x_wconf 86' lang='lat' dir='ltr'><strong>pauca</strong></span> <span class='ocrx_word' id='word_1_210' title='bbox 186 1627 238 1683; x_wconf 83' lang='lat' dir='ltr'><strong>pro</strong></span> <span class='ocrx_word' id='word_1_211' title='bbox 253 1617 370 1682; x_wconf 85' lang='lat' dir='ltr'><strong>tempore</strong></span> <span class='ocrx_word' id='word_1_212' title='bbox 381 1616 406 1666; x_wconf 91' lang='lat' dir='ltr'><strong>et</strong></span> <span class='ocrx_word' id='word_1_213' title='bbox 419 1625 470 1681; x_wconf 81' lang='lat' dir='ltr'><strong>pro</strong></span> <span class='ocrx_word' id='word_1_214' title='bbox 485 1611 559 1665; x_wconf 89' lang='lat' dir='ltr'><strong>illius</strong></span> <span class='ocrx_word' id='word_1_215' title='bbox 570 1610 744 1680; x_wconf 84' lang='lat' dir='ltr'><strong>jucunditate</strong></span> <span class='ocrx_word' id='word_1_216' title='bbox 758 1610 866 1665; x_wconf 79' lang='lat' dir='ltr'><strong>latitia.</strong></span> <span class='ocrx_word' id='word_1_217' title='bbox 883 1611 940 1665; x_wconf 82' lang='lat' dir='ltr'><strong>bla-</strong></span> <span class='ocrx_word' id='word_1_218' title='bbox 993 1614 1131 1680; x_wconf 73' lang='lat' dir='ltr'><strong>rimbant,</strong></span> <span class='ocrx_word' id='word_1_219' title='bbox 1157 1617 1182 1667; x_wconf 91' lang='lat' dir='ltr'><strong>el</strong></span> <span class='ocrx_word' id='word_1_220' title='bbox 1202 1627 1249 1679; x_wconf 86' lang='lat' dir='ltr'><strong>eqo</strong></span> <span class='ocrx_word' id='word_1_221' title='bbox 1271 1610 1437 1666; x_wconf 74' lang='lat' dir='ltr'><strong>uescmbam:</strong></span> <span class='ocrx_word' id='word_1_222' title='bbox 1463 1614 1489 1665; x_wconf 89' lang='lat' dir='ltr'><strong>et</strong></span> <span class='ocrx_word' id='word_1_223' title='bbox 1514 1609 1745 1677; x_wconf 72' lang='lat' dir='ltr'><strong>admonebantur,</strong></span> <span class='ocrx_word' id='word_1_224' title='bbox 1760 1613 1789 1664; x_wconf 87' lang='lat' dir='ltr'><strong>ut</strong></span> <span class='ocrx_word' id='word_1_225' title='bbox 1809 1609 1842 1664; x_wconf 88' lang='lat' dir='ltr'><strong>ad</strong></span> 
     </span>
     <span class='ocr_line' id='line_1_17' title="bbox 87 1698 1841 1772; baseline -0.002 -15"><span class='ocrx_word' id='word_1_226' title='bbox 87 1705 128 1772; x_wconf 86' lang='lat' dir='ltr'><strong>qis</strong></span> <span class='ocrx_word' id='word_1_227' title='bbox 143 1703 213 1757; x_wconf 88' lang='lat' dir='ltr'><strong>enim</strong></span> <span class='ocrx_word' id='word_1_228' title='bbox 226 1716 268 1756; x_wconf 90' lang='lat' dir='ltr'><strong>eos</strong></span> <span class='ocrx_word' id='word_1_229' title='bbox 282 1702 312 1755; x_wconf 86' lang='lat' dir='ltr'><strong>in</strong></span> <span class='ocrx_word' id='word_1_230' title='bbox 326 1716 404 1772; x_wconf 86' lang='lat' dir='ltr'><strong>opere</strong></span> <span class='ocrx_word' id='word_1_231' title='bbox 418 1700 513 1755; x_wconf 88' lang='lat' dir='ltr'><strong>diuino</strong></span> <span class='ocrx_word' id='word_1_232' title='bbox 528 1699 675 1770; x_wconf 90' lang='lat' dir='ltr'><strong>quamdam</strong></span> <span class='ocrx_word' id='word_1_233' title='bbox 686 1701 735 1754; x_wconf 82' lang='lat' dir='ltr'><strong>liei</strong></span> <span class='ocrx_word' id='word_1_234' title='bbox 746 1699 938 1770; x_wconf 75' lang='lat' dir='ltr'><strong>eloquentiam,</strong></span> <span class='ocrx_word' id='word_1_235' title='bbox 993 1706 1075 1758; x_wconf 85' lang='lat' dir='ltr'><strong>istam</strong></span> <span class='ocrx_word' id='word_1_236' title='bbox 1090 1703 1224 1758; x_wconf 87' lang='lat' dir='ltr'><strong>ciuitatem</strong></span> <span class='ocrx_word' id='word_1_237' title='bbox 1238 1702 1369 1755; x_wconf 88' lang='lat' dir='ltr'><strong>uenirent.</strong></span> <span class='ocrx_word' id='word_1_238' title='bbox 1382 1700 1447 1766; x_wconf 84' lang='lat' dir='ltr'><strong>Quis</strong></span> <span class='ocrx_word' id='word_1_239' title='bbox 1462 1714 1521 1754; x_wconf 91' lang='lat' dir='ltr'><strong>sum</strong></span> <span class='ocrx_word' id='word_1_240' title='bbox 1530 1698 1597 1768; x_wconf 82' lang='lat' dir='ltr'><strong>eqo?</strong></span> <span class='ocrx_word' id='word_1_241' title='bbox 1607 1701 1693 1754; x_wconf 86' lang='lat' dir='ltr'><strong>Homo</strong></span> <span class='ocrx_word' id='word_1_242' title='bbox 1707 1714 1769 1754; x_wconf 88' lang='lat' dir='ltr'><strong>sum</strong></span> <span class='ocrx_word' id='word_1_243' title='bbox 1780 1714 1841 1766; x_wconf 85' lang='lat' dir='ltr'><strong>unus</strong></span> 
     </span>
     <span class='ocr_line' id='line_1_18' title="bbox 87 1788 1841 1861; baseline -0.002 -14"><span class='ocrx_word' id='word_1_244' title='bbox 87 1808 140 1847; x_wconf 88' lang='lat' dir='ltr'><strong>non</strong></span> <span class='ocrx_word' id='word_1_245' title='bbox 163 1791 270 1860; x_wconf 90' lang='lat' dir='ltr'><strong>audire,</strong></span> <span class='ocrx_word' id='word_1_246' title='bbox 285 1789 332 1846; x_wconf 89' lang='lat' dir='ltr'><strong>sed</strong></span> <span class='ocrx_word' id='word_1_247' title='bbox 355 1789 525 1846; x_wconf 79' lang='lat' dir='ltr'><strong>corisiderare</strong></span> <span class='ocrx_word' id='word_1_248' title='bbox 537 1791 652 1860; x_wconf 81' lang='lat' dir='ltr'><strong>permisi</strong></span> <span class='ocrx_word' id='word_1_249' title='bbox 669 1789 718 1861; x_wconf 81' lang='lat' dir='ltr'><strong>(lie</strong></span> <span class='ocrx_word' id='word_1_250' title='bbox 740 1791 860 1845; x_wconf 78' lang='lat' dir='ltr'><strong>Ciuitate</strong></span> <span class='ocrx_word' id='word_1_251' title='bbox 880 1791 937 1854; x_wconf 80' lang='lat' dir='ltr'><strong>liei,</strong></span> <span class='ocrx_word' id='word_1_252' title='bbox 993 1795 1026 1849; x_wconf 89' lang='lat' dir='ltr'><strong>dc</strong></span> <span class='ocrx_word' id='word_1_253' title='bbox 1040 1794 1142 1860; x_wconf 88' lang='lat' dir='ltr'><strong>multis,</strong></span> <span class='ocrx_word' id='word_1_254' title='bbox 1158 1808 1211 1847; x_wconf 92' lang='lat' dir='ltr'><strong>non</strong></span> <span class='ocrx_word' id='word_1_255' title='bbox 1226 1792 1259 1846; x_wconf 87' lang='lat' dir='ltr'><strong>dc</strong></span> <span class='ocrx_word' id='word_1_256' title='bbox 1272 1792 1379 1858; x_wconf 86' lang='lat' dir='ltr'><strong>maqnis</strong></span> <span class='ocrx_word' id='word_1_257' title='bbox 1396 1789 1489 1860; x_wconf 83' lang='lat' dir='ltr'><strong>(ibid,</strong></span> <span class='ocrx_word' id='word_1_258' title='bbox 1503 1805 1531 1843; x_wconf 86' lang='lat' dir='ltr'><strong>a.</strong></span> <span class='ocrx_word' id='word_1_259' title='bbox 1545 1788 1583 1847; x_wconf 80' lang='lat' dir='ltr'><strong>t).</strong></span> <span class='ocrx_word' id='word_1_260' title='bbox 1601 1790 1730 1844; x_wconf 77' lang='lat' dir='ltr'><strong>Eremos</strong></span> <span class='ocrx_word' id='word_1_261' title='bbox 1751 1793 1841 1860; x_wconf 85' lang='lat' dir='ltr'><strong>postea</strong></span> 
     </span>
     <span class='ocr_line' id='line_1_19' title="bbox 87 1877 1840 1953; baseline -0.003 -17"><span class='ocrx_word' id='word_1_262' title='bbox 87 1881 135 1937; x_wconf 89' lang='lat' dir='ltr'><strong>lib.</strong></span> <span class='ocrx_word' id='word_1_263' title='bbox 152 1884 195 1949; x_wconf 78' lang='lat' dir='ltr'><strong>tt,</strong></span> <span class='ocrx_word' id='word_1_264' title='bbox 211 1896 271 1951; x_wconf 85' lang='lat' dir='ltr'><strong>cap.</strong></span> <span class='ocrx_word' id='word_1_265' title='bbox 288 1883 315 1947; x_wconf 89' lang='lat'><strong>8,</strong></span> <span class='ocrx_word' id='word_1_266' title='bbox 328 1896 355 1934; x_wconf 89' lang='lat' dir='ltr'><strong>n.</strong></span> <span class='ocrx_word' id='word_1_267' title='bbox 370 1879 425 1951; x_wconf 72' lang='lat' dir='ltr'><strong>it).</strong></span> <span class='ocrx_word' id='word_1_268' title='bbox 441 1879 584 1934; x_wconf 85' lang='lat' dir='ltr'><strong>Habemus</strong></span> <span class='ocrx_word' id='word_1_269' title='bbox 599 1879 758 1934; x_wconf 83' lang='lat' dir='ltr'><strong>etiamnum</strong></span> <span class='ocrx_word' id='word_1_270' title='bbox 773 1878 937 1934; x_wconf 91' lang='lat' dir='ltr'><strong>oratiuncn-</strong></span> <span class='ocrx_word' id='word_1_271' title='bbox 994 1886 1054 1938; x_wconf 88' lang='lat' dir='ltr'><strong>crat</strong></span> <span class='ocrx_word' id='word_1_272' title='bbox 1068 1881 1148 1953; x_wconf 90' lang='lat' dir='ltr'><strong>loqui</strong></span> <span class='ocrx_word' id='word_1_273' title='bbox 1168 1881 1204 1936; x_wconf 90' lang='lat' dir='ltr'><strong>de</strong></span> <span class='ocrx_word' id='word_1_274' title='bbox 1224 1879 1369 1935; x_wconf 85' lang='lat' dir='ltr'><strong>miraculis</strong></span> <span class='ocrx_word' id='word_1_275' title='bbox 1383 1878 1427 1944; x_wconf 89' lang='lat' dir='ltr'><strong>iis,</strong></span> <span class='ocrx_word' id='word_1_276' title='bbox 1442 1894 1507 1949; x_wconf 79' lang='lat' dir='ltr'><strong>quas</strong></span> <span class='ocrx_word' id='word_1_277' title='bbox 1526 1880 1651 1932; x_wconf 76' lang='lat' dir='ltr'><strong>Anconae</strong></span> <span class='ocrx_word' id='word_1_278' title='bbox 1666 1880 1756 1950; x_wconf 87' lang='lat' dir='ltr'><strong>atque</strong></span> <span class='ocrx_word' id='word_1_279' title='bbox 1772 1877 1840 1932; x_wconf 82' lang='lat' dir='ltr'><strong>Uzali</strong></span> 
     </span>
     <span class='ocr_line' id='line_1_20' title="bbox 87 1963 1842 2044; baseline -0.002 -21"><span class='ocrx_word' id='word_1_280' title='bbox 87 1969 155 2036; x_wconf 88' lang='lat' dir='ltr'><strong>lam,</strong></span> <span class='ocrx_word' id='word_1_281' title='bbox 170 1985 256 2041; x_wconf 91' lang='lat' dir='ltr'><strong>qnam</strong></span> <span class='ocrx_word' id='word_1_282' title='bbox 271 1983 357 2040; x_wconf 86' lang='lat' dir='ltr'><strong>super</strong></span> <span class='ocrx_word' id='word_1_283' title='bbox 367 1969 421 2023; x_wconf 93' lang='lat' dir='ltr'><strong>hoc</strong></span> <span class='ocrx_word' id='word_1_284' title='bbox 436 1972 538 2023; x_wconf 86' lang='lat' dir='ltr'><strong>eventu</strong></span> <span class='ocrx_word' id='word_1_285' title='bbox 550 1966 745 2040; x_wconf 83' lang='lat' dir='ltr'><strong>pronuntiavit</strong></span> <span class='ocrx_word' id='word_1_286' title='bbox 758 1969 853 2033; x_wconf 79' lang='lat' dir='ltr'><strong>(snm.</strong></span> <span class='ocrx_word' id='word_1_287' title='bbox 866 1968 937 2035; x_wconf 74' lang='lat' dir='ltr'><strong>tib),</strong></span> <span class='ocrx_word' id='word_1_288' title='bbox 993 1970 1181 2044; x_wconf 89' lang='lat' dir='ltr'><strong>reliquiarum</strong></span> <span class='ocrx_word' id='word_1_289' title='bbox 1199 1968 1325 2041; x_wconf 88' lang='lat' dir='ltr'><strong>ejusdem</strong></span> <span class='ocrx_word' id='word_1_290' title='bbox 1340 1966 1430 2022; x_wconf 89' lang='lat' dir='ltr'><strong>sancti</strong></span> <span class='ocrx_word' id='word_1_291' title='bbox 1449 1965 1582 2037; x_wconf 83' lang='lat' dir='ltr'><strong>martyris</strong></span> <span class='ocrx_word' id='word_1_292' title='bbox 1596 1963 1741 2021; x_wconf 81' lang='lat' dir='ltr'><strong>beneficio</strong></span> <span class='ocrx_word' id='word_1_293' title='bbox 1754 1969 1842 2038; x_wconf 88' lang='lat' dir='ltr'><strong>petra·</strong></span> 
     </span>
     <span class='ocr_line' id='line_1_21' title="bbox 86 2051 1842 2129; baseline -0.002 -17"><span class='ocrx_word' id='word_1_294' title='bbox 86 2063 137 2113; x_wconf 91' lang='lat' dir='ltr'><strong>aut</strong></span> <span class='ocrx_word' id='word_1_295' title='bbox 160 2061 235 2113; x_wconf 88' lang='lat' dir='ltr'><strong>certe</strong></span> <span class='ocrx_word' id='word_1_296' title='bbox 256 2057 385 2128; x_wconf 89' lang='lat' dir='ltr'><strong>ejusdem</strong></span> <span class='ocrx_word' id='word_1_297' title='bbox 409 2056 546 2113; x_wconf 89' lang='lat' dir='ltr'><strong>orationis</strong></span> <span class='ocrx_word' id='word_1_298' title='bbox 574 2057 778 2129; x_wconf 81' lang='lat' dir='ltr'><strong>compendium</strong></span> <span class='ocrx_word' id='word_1_299' title='bbox 801 2073 807 2110; x_wconf 93' lang='lat'>:</span> <span class='ocrx_word' id='word_1_300' title='bbox 831 2056 938 2128; x_wconf 89' lang='lat' dir='ltr'><strong>quippe</strong></span> <span class='ocrx_word' id='word_1_301' title='bbox 993 2059 1108 2126; x_wconf 87' lang='lat' dir='ltr'><strong>bantur,</strong></span> <span class='ocrx_word' id='word_1_302' title='bbox 1125 2074 1191 2113; x_wconf 91' lang='lat' dir='ltr'><strong>cum</strong></span> <span class='ocrx_word' id='word_1_303' title='bbox 1215 2072 1278 2112; x_wconf 90' lang='lat' dir='ltr'><strong>ecce</strong></span> <span class='ocrx_word' id='word_1_304' title='bbox 1293 2054 1444 2110; x_wconf 85' lang='lat' dir='ltr'><strong>exauditus</strong></span> <span class='ocrx_word' id='word_1_305' title='bbox 1458 2052 1607 2108; x_wconf 85' lang='lat' dir='ltr'><strong>estsubito</strong></span> <span class='ocrx_word' id='word_1_306' title='bbox 1621 2053 1657 2109; x_wconf 89' lang='lat' dir='ltr'><strong>de</strong></span> <span class='ocrx_word' id='word_1_307' title='bbox 1672 2051 1766 2125; x_wconf 89' lang='lat' dir='ltr'><strong>ipsius</strong></span> <span class='ocrx_word' id='word_1_308' title='bbox 1786 2069 1842 2108; x_wconf 89' lang='lat' dir='ltr'><strong>mc·</strong></span> 
     </span>
     <span class='ocr_line' id='line_1_22' title="bbox 86 2142 1841 2218; baseline -0.002 -17"><span class='ocrx_word' id='word_1_309' title='bbox 86 2146 194 2201; x_wconf 90' lang='lat' dir='ltr'><strong>creditu</strong></span> <span class='ocrx_word' id='word_1_310' title='bbox 215 2144 329 2200; x_wconf 79' lang='lat' dir='ltr'><strong>difficile</strong></span> <span class='ocrx_word' id='word_1_311' title='bbox 348 2150 400 2214; x_wconf 87' lang='lat' dir='ltr'><strong>est,</strong></span> <span class='ocrx_word' id='word_1_312' title='bbox 422 2145 529 2216; x_wconf 90' lang='lat' dir='ltr'><strong>ipsum,</strong></span> <span class='ocrx_word' id='word_1_313' title='bbox 543 2145 697 2216; x_wconf 74' lang='lat' dir='ltr'><strong>quantinus</strong></span> <span class='ocrx_word' id='word_1_314' title='bbox 717 2146 802 2217; x_wconf 91' lang='lat' dir='ltr'><strong>plura</strong></span> <span class='ocrx_word' id='word_1_315' title='bbox 821 2144 937 2213; x_wconf 88' lang='lat' dir='ltr'><strong>diceret,</strong></span> <span class='ocrx_word' id='word_1_316' title='bbox 993 2147 1087 2204; x_wconf 90' lang='lat' dir='ltr'><strong>moria</strong></span> <span class='ocrx_word' id='word_1_317' title='bbox 1108 2148 1216 2203; x_wconf 91' lang='lat' dir='ltr'><strong>clamor</strong></span> <span class='ocrx_word' id='word_1_318' title='bbox 1236 2143 1489 2218; x_wconf 80' lang='lat' dir='ltr'><strong>ingeminantium,</strong></span> <span class='ocrx_word' id='word_1_319' title='bbox 1513 2144 1569 2198; x_wconf 86' lang='lat' dir='ltr'><strong>lleo</strong></span> <span class='ocrx_word' id='word_1_320' title='bbox 1591 2142 1715 2214; x_wconf 65' lang='lat' dir='ltr'><strong>gratim</strong></span> <span class='ocrx_word' id='word_1_321' title='bbox 1736 2142 1841 2199; x_wconf 83' lang='lat' dir='ltr'><strong>Christo</strong></span> 
     </span>
     <span class='ocr_line' id='line_1_23' title="bbox 86 2231 1843 2305; baseline -0.001 -17"><span class='ocrx_word' id='word_1_322' title='bbox 86 2234 141 2289; x_wconf 87' lang='lat' dir='ltr'><strong>sibi</strong></span> <span class='ocrx_word' id='word_1_323' title='bbox 160 2238 344 2304; x_wconf 88' lang='lat' dir='ltr'><strong>temperasse.</strong></span> <span class='ocrx_word' id='word_1_324' title='bbox 360 2235 493 2289; x_wconf 77' lang='lat' dir='ltr'><strong>Attamen</strong></span> <span class='ocrx_word' id='word_1_325' title='bbox 514 2234 571 2289; x_wconf 88' lang='lat' dir='ltr'><strong>illie</strong></span> <span class='ocrx_word' id='word_1_326' title='bbox 591 2234 730 2289; x_wconf 89' lang='lat' dir='ltr'><strong>sermonis</strong></span> <span class='ocrx_word' id='word_1_327' title='bbox 750 2233 794 2288; x_wconf 90' lang='lat' dir='ltr'><strong>sui</strong></span> <span class='ocrx_word' id='word_1_328' title='bbox 814 2233 937 2290; x_wconf 89' lang='lat' dir='ltr'><strong>brevita-</strong></span> <span class='ocrx_word' id='word_1_329' title='bbox 993 2238 1103 2293; x_wconf 82' lang='lat' dir='ltr'><strong>landes!</strong></span> <span class='ocrx_word' id='word_1_330' title='bbox 1122 2237 1212 2305; x_wconf 85' lang='lat' dir='ltr'><strong>(ibid,</strong></span> <span class='ocrx_word' id='word_1_331' title='bbox 1228 2252 1256 2291; x_wconf 86' lang='lat' dir='ltr'><strong>n.</strong></span> <span class='ocrx_word' id='word_1_332' title='bbox 1272 2236 1308 2301; x_wconf 85' lang='lat' dir='ltr'><strong>t).</strong></span> <span class='ocrx_word' id='word_1_333' title='bbox 1326 2236 1414 2289; x_wconf 88' lang='lat' dir='ltr'><strong>Porro</strong></span> <span class='ocrx_word' id='word_1_334' title='bbox 1430 2231 1646 2288; x_wconf 81' lang='lat' dir='ltr'><strong>acclamationes</strong></span> <span class='ocrx_word' id='word_1_335' title='bbox 1661 2231 1729 2287; x_wconf 88' lang='lat' dir='ltr'><strong>illas</strong></span> <span class='ocrx_word' id='word_1_336' title='bbox 1743 2232 1843 2288; x_wconf 86' lang='lat' dir='ltr'><strong>excita·</strong></span> 
     </span>
     <span class='ocr_line' id='line_1_24' title="bbox 87 2319 1842 2396; baseline -0.001 -18"><span class='ocrx_word' id='word_1_337' title='bbox 87 2327 146 2378; x_wconf 87' lang='lat' dir='ltr'><strong>tam</strong></span> <span class='ocrx_word' id='word_1_338' title='bbox 160 2320 294 2394; x_wconf 63' lang='lat' dir='ltr'><strong>serenent,</strong></span> <span class='ocrx_word' id='word_1_339' title='bbox 317 2321 436 2393; x_wconf 88' lang='lat' dir='ltr'><strong>ejusque</strong></span> <span class='ocrx_word' id='word_1_340' title='bbox 461 2336 576 2376; x_wconf 89' lang='lat' dir='ltr'><strong>causam</strong></span> <span class='ocrx_word' id='word_1_341' title='bbox 600 2321 682 2376; x_wconf 88' lang='lat' dir='ltr'><strong>alleri</strong></span> <span class='ocrx_word' id='word_1_342' title='bbox 704 2319 937 2393; x_wconf 82' lang='lat' dir='ltr'><strong>defatigationem</strong></span> <span class='ocrx_word' id='word_1_343' title='bbox 992 2331 1071 2383; x_wconf 77' lang='lat' dir='ltr'><strong>vernt</strong></span> <span class='ocrx_word' id='word_1_344' title='bbox 1084 2326 1192 2382; x_wconf 90' lang='lat' dir='ltr'><strong>curatio</strong></span> <span class='ocrx_word' id='word_1_345' title='bbox 1214 2322 1499 2396; x_wconf 80' lang='lat' dir='ltr'><strong>Palladiae‚q11aevix</strong></span> <span class='ocrx_word' id='word_1_346' title='bbox 1519 2322 1555 2378; x_wconf 90' lang='lat' dir='ltr'><strong>ad</strong></span> <span class='ocrx_word' id='word_1_347' title='bbox 1570 2321 1727 2390; x_wconf 89' lang='lat' dir='ltr'><strong>cancellos,</strong></span> <span class='ocrx_word' id='word_1_348' title='bbox 1745 2321 1842 2394; x_wconf 86' lang='lat' dir='ltr'><strong>quibus</strong></span> 
     </span>
     <span class='ocr_line' id='line_1_25' title="bbox 88 2408 1842 2484; baseline 0 -18"><span class='ocrx_word' id='word_1_349' title='bbox 88 2428 179 2479; x_wconf 88' lang='lat' dir='ltr'><strong>snam,</strong></span> <span class='ocrx_word' id='word_1_350' title='bbox 197 2427 229 2466; x_wconf 92' lang='lat' dir='ltr'><strong>ac</strong></span> <span class='ocrx_word' id='word_1_351' title='bbox 243 2409 473 2484; x_wconf 87' lang='lat' dir='ltr'><strong>magnitudinem</strong></span> <span class='ocrx_word' id='word_1_352' title='bbox 488 2409 614 2482; x_wconf 88' lang='lat' dir='ltr'><strong>pridiani</strong></span> <span class='ocrx_word' id='word_1_353' title='bbox 629 2408 745 2480; x_wconf 89' lang='lat' dir='ltr'><strong>laboris,</strong></span> <span class='ocrx_word' id='word_1_354' title='bbox 758 2409 803 2465; x_wconf 93' lang='lat' dir='ltr'><strong>cui</strong></span> <span class='ocrx_word' id='word_1_355' title='bbox 819 2410 936 2482; x_wconf 90' lang='lat' dir='ltr'><strong>quidem</strong></span> <span class='ocrx_word' id='word_1_356' title='bbox 992 2415 1130 2472; x_wconf 89' lang='lat' dir='ltr'><strong>memoria</strong></span> <span class='ocrx_word' id='word_1_357' title='bbox 1145 2414 1339 2481; x_wconf 88' lang='lat' dir='ltr'><strong>claudebatur,</strong></span> <span class='ocrx_word' id='word_1_358' title='bbox 1363 2413 1527 2480; x_wconf 87' lang='lat' dir='ltr'><strong>accesserat,</strong></span> <span class='ocrx_word' id='word_1_359' title='bbox 1547 2425 1613 2466; x_wconf 90' lang='lat' dir='ltr'><strong>eum</strong></span> <span class='ocrx_word' id='word_1_360' title='bbox 1635 2409 1735 2466; x_wconf 79' lang='lat' dir='ltr'><strong>fratris</strong></span> <span class='ocrx_word' id='word_1_361' title='bbox 1756 2409 1842 2466; x_wconf 88' lang='lat' dir='ltr'><strong>instar</strong></span> 
     </span>
     <span class='ocr_line' id='line_1_26' title="bbox 87 2498 1840 2576; baseline -0.002 -19"><span class='ocrx_word' id='word_1_362' title='bbox 87 2500 205 2557; x_wconf 88' lang='lat' dir='ltr'><strong>lerando</strong></span> <span class='ocrx_word' id='word_1_363' title='bbox 218 2514 356 2572; x_wconf 82' lang='lat' dir='ltr'><strong>saperem</strong></span> <span class='ocrx_word' id='word_1_364' title='bbox 368 2498 939 2571; x_wconf 73' lang='lat' dir='ltr'><strong>futuruminissenegat,jeJunioseilicet</strong></span> <span class='ocrx_word' id='word_1_365' title='bbox 992 2505 1022 2560; x_wconf 89' lang='lat' dir='ltr'><strong>in</strong></span> <span class='ocrx_word' id='word_1_366' title='bbox 1045 2507 1138 2561; x_wconf 89' lang='lat' dir='ltr'><strong>solum</strong></span> <span class='ocrx_word' id='word_1_367' title='bbox 1153 2504 1276 2576; x_wconf 88' lang='lat' dir='ltr'><strong>collapsa</strong></span> <span class='ocrx_word' id='word_1_368' title='bbox 1290 2506 1352 2557; x_wconf 86' lang='lat' dir='ltr'><strong>eret</strong></span> <span class='ocrx_word' id='word_1_369' title='bbox 1374 2500 1457 2574; x_wconf 90' lang='lat' dir='ltr'><strong>quasi</strong></span> <span class='ocrx_word' id='word_1_370' title='bbox 1472 2499 1628 2568; x_wconf 90' lang='lat' dir='ltr'><strong>dormiens,</strong></span> <span class='ocrx_word' id='word_1_371' title='bbox 1645 2515 1773 2572; x_wconf 88' lang='lat' dir='ltr'><strong>moxque</strong></span> <span class='ocrx_word' id='word_1_372' title='bbox 1785 2515 1840 2555; x_wconf 87' lang='lat' dir='ltr'><strong>sur-</strong></span> 
     </span>
     <span class='ocr_line' id='line_1_27' title="bbox 87 2587 1840 2667; baseline -0.001 -22"><span class='ocrx_word' id='word_1_373' title='bbox 87 2593 273 2656; x_wconf 89' lang='lat' dir='ltr'><strong>maceratum,</strong></span> <span class='ocrx_word' id='word_1_374' title='bbox 284 2588 339 2644; x_wconf 90' lang='lat' dir='ltr'><strong>nisi</strong></span> <span class='ocrx_word' id='word_1_375' title='bbox 350 2587 619 2660; x_wconf 61' lang='lat' dir='ltr'><strong>orationumjsancti</strong></span> <span class='ocrx_word' id='word_1_376' title='bbox 634 2587 770 2660; x_wconf 88' lang='lat' dir='ltr'><strong>Stephani</strong></span> <span class='ocrx_word' id='word_1_377' title='bbox 780 2588 938 2644; x_wconf 90' lang='lat' dir='ltr'><strong>subsidium</strong></span> <span class='ocrx_word' id='word_1_378' title='bbox 992 2598 1104 2650; x_wconf 72' lang='lat' dir='ltr'><strong>rexerat</strong></span> <span class='ocrx_word' id='word_1_379' title='bbox 1130 2593 1254 2667; x_wconf 83' lang='lat' dir='ltr'><strong>perfecta</strong></span> <span class='ocrx_word' id='word_1_380' title='bbox 1277 2591 1367 2647; x_wconf 91' lang='lat' dir='ltr'><strong>salute</strong></span> <span class='ocrx_word' id='word_1_381' title='bbox 1387 2592 1553 2662; x_wconf 83' lang='lat' dir='ltr'><strong>recuperata</strong></span> <span class='ocrx_word' id='word_1_382' title='bbox 1574 2587 1621 2660; x_wconf 84' lang='lat' dir='ltr'><strong>(lle</strong></span> <span class='ocrx_word' id='word_1_383' title='bbox 1643 2589 1765 2645; x_wconf 83' lang='lat' dir='ltr'><strong>Ciuitate</strong></span> <span class='ocrx_word' id='word_1_384' title='bbox 1786 2589 1840 2657; x_wconf 83' lang='lat' dir='ltr'><strong>liei,</strong></span> 
     </span>
     <span class='ocr_line' id='line_1_28' title="bbox 88 2676 1841 2753; baseline -0.002 -18"><span class='ocrx_word' id='word_1_385' title='bbox 88 2679 142 2735; x_wconf 91' lang='lat' dir='ltr'><strong>sibi</strong></span> <span class='ocrx_word' id='word_1_386' title='bbox 164 2676 311 2734; x_wconf 81' lang='lat' dir='ltr'><strong>adfuisset.</strong></span> <span class='ocrx_word' id='word_1_387' title='bbox 333 2677 484 2732; x_wconf 82' lang='lat' dir='ltr'><strong>Enimvero</strong></span> <span class='ocrx_word' id='word_1_388' title='bbox 507 2677 689 2733; x_wconf 75' lang='lat' dir='ltr'><strong>observatum</strong></span> <span class='ocrx_word' id='word_1_389' title='bbox 707 2694 724 2732; x_wconf 90' lang='lat' dir='ltr'><strong>a</strong></span> <span class='ocrx_word' id='word_1_390' title='bbox 743 2677 862 2732; x_wconf 87' lang='lat' dir='ltr'><strong>Paulino</strong></span> <span class='ocrx_word' id='word_1_391' title='bbox 884 2677 938 2733; x_wconf 89' lang='lat' dir='ltr'><strong>luit</strong></span> <span class='ocrx_word' id='word_1_392' title='bbox 992 2685 1039 2740; x_wconf 77' lang='lat' dir='ltr'><strong>lit.</strong></span> <span class='ocrx_word' id='word_1_393' title='bbox 1060 2687 1104 2752; x_wconf 73' lang='lat' dir='ltr'><strong>rr,</strong></span> <span class='ocrx_word' id='word_1_394' title='bbox 1121 2698 1182 2753; x_wconf 82' lang='lat' dir='ltr'><strong>cap.</strong></span> <span class='ocrx_word' id='word_1_395' title='bbox 1203 2684 1229 2745; x_wconf 87' lang='lat'><strong>8,</strong></span> <span class='ocrx_word' id='word_1_396' title='bbox 1254 2696 1281 2737; x_wconf 86' lang='lat' dir='ltr'><strong>u.</strong></span> <span class='ocrx_word' id='word_1_397' title='bbox 1302 2680 1357 2748; x_wconf 73' lang='lat' dir='ltr'><strong>tt).</strong></span> <span class='ocrx_word' id='word_1_398' title='bbox 1382 2678 1441 2749; x_wconf 88' lang='lat' dir='ltr'><strong>llis,</strong></span> <span class='ocrx_word' id='word_1_399' title='bbox 1465 2679 1513 2751; x_wconf 90' lang='lat' dir='ltr'><strong>qui</strong></span> <span class='ocrx_word' id='word_1_400' title='bbox 1537 2676 1634 2733; x_wconf 84' lang='lat' dir='ltr'><strong>ridere</strong></span> <span class='ocrx_word' id='word_1_401' title='bbox 1659 2676 1841 2740; x_wconf 87' lang='lat' dir='ltr'><strong>miraculum,</strong></span> 
     </span>
     <span class='ocr_line' id='line_1_29' title="bbox 87 2765 1842 2844; baseline -0.002 -20"><span class='ocrx_word' id='word_1_402' title='bbox 87 2768 129 2836; x_wconf 82' lang='lat' dir='ltr'><strong>(ln</strong></span> <span class='ocrx_word' id='word_1_403' title='bbox 147 2769 211 2824; x_wconf 83' lang='lat' dir='ltr'><strong>Vita</strong></span> <span class='ocrx_word' id='word_1_404' title='bbox 226 2767 315 2823; x_wconf 88' lang='lat' dir='ltr'><strong>sancti</strong></span> <span class='ocrx_word' id='word_1_405' title='bbox 325 2767 475 2835; x_wconf 80' lang='lat' dir='ltr'><strong>Ambrosii,</strong></span> <span class='ocrx_word' id='word_1_406' title='bbox 492 2782 520 2821; x_wconf 95' lang='lat' dir='ltr'><strong>n.</strong></span> <span class='ocrx_word' id='word_1_407' title='bbox 538 2765 591 2836; x_wconf 83' lang='lat'><strong>38),</strong></span> <span class='ocrx_word' id='word_1_408' title='bbox 606 2765 652 2821; x_wconf 91' lang='lat' dir='ltr'><strong>die</strong></span> <span class='ocrx_word' id='word_1_409' title='bbox 666 2765 788 2835; x_wconf 89' lang='lat' dir='ltr'><strong>sabbati,</strong></span> <span class='ocrx_word' id='word_1_410' title='bbox 801 2782 857 2839; x_wconf 91' lang='lat' dir='ltr'><strong>quo</strong></span> <span class='ocrx_word' id='word_1_411' title='bbox 871 2781 937 2822; x_wconf 88' lang='lat' dir='ltr'><strong>san·</strong></span> <span class='ocrx_word' id='word_1_412' title='bbox 991 2773 1068 2828; x_wconf 81' lang='lat' dir='ltr'><strong>illico</strong></span> <span class='ocrx_word' id='word_1_413' title='bbox 1084 2787 1189 2844; x_wconf 85' lang='lat' dir='ltr'><strong>magno</strong></span> <span class='ocrx_word' id='word_1_414' title='bbox 1212 2786 1277 2826; x_wconf 89' lang='lat' dir='ltr'><strong>cnm</strong></span> <span class='ocrx_word' id='word_1_415' title='bbox 1292 2769 1395 2841; x_wconf 90' lang='lat' dir='ltr'><strong>plausu</strong></span> <span class='ocrx_word' id='word_1_416' title='bbox 1411 2769 1468 2823; x_wconf 82' lang='lat' dir='ltr'><strong>lieo</strong></span> <span class='ocrx_word' id='word_1_417' title='bbox 1483 2765 1590 2837; x_wconf 88' lang='lat' dir='ltr'><strong>gratias</strong></span> <span class='ocrx_word' id='word_1_418' title='bbox 1610 2767 1842 2836; x_wconf 86' lang='lat' dir='ltr'><strong>acclamantibus,</strong></span> 
     </span>
     <span class='ocr_line' id='line_1_30' title="bbox 86 2853 1840 2935; baseline -0.001 -24"><span class='ocrx_word' id='word_1_419' title='bbox 86 2861 147 2911; x_wconf 89' lang='lat' dir='ltr'><strong>ctus</strong></span> <span class='ocrx_word' id='word_1_420' title='bbox 168 2855 337 2912; x_wconf 89' lang='lat' dir='ltr'><strong>Ambrosius</strong></span> <span class='ocrx_word' id='word_1_421' title='bbox 355 2853 489 2926; x_wconf 84' lang='lat' dir='ltr'><strong>migravit</strong></span> <span class='ocrx_word' id='word_1_422' title='bbox 509 2854 545 2910; x_wconf 92' lang='lat' dir='ltr'><strong>ad</strong></span> <span class='ocrx_word' id='word_1_423' title='bbox 567 2869 696 2926; x_wconf 91' lang='lat' dir='ltr'><strong>superos,</strong></span> <span class='ocrx_word' id='word_1_424' title='bbox 708 2854 849 2911; x_wconf 87' lang='lat' dir='ltr'><strong>obeundis</strong></span> <span class='ocrx_word' id='word_1_425' title='bbox 868 2856 938 2927; x_wconf 81' lang='lat' dir='ltr'><strong>liap</strong></span> <span class='ocrx_word' id='word_1_426' title='bbox 991 2862 1127 2935; x_wconf 77' lang='lat' dir='ltr'><strong>populus,</strong></span> <span class='ocrx_word' id='word_1_427' title='bbox 1153 2858 1204 2932; x_wconf 89' lang='lat' dir='ltr'><strong>qui</strong></span> <span class='ocrx_word' id='word_1_428' title='bbox 1230 2858 1424 2931; x_wconf 84' lang='lat' dir='ltr'><strong>Augustinnm</strong></span> <span class='ocrx_word' id='word_1_429' title='bbox 1448 2854 1590 2920; x_wconf 89' lang='lat' dir='ltr'><strong>audiebat,</strong></span> <span class='ocrx_word' id='word_1_430' title='bbox 1616 2869 1651 2910; x_wconf 88' lang='lat' dir='ltr'><strong>eo</strong></span> <span class='ocrx_word' id='word_1_431' title='bbox 1677 2855 1840 2910; x_wconf 87' lang='lat' dir='ltr'><strong>concurrit:</strong></span> 
     </span>
     <span class='ocr_line' id='line_1_31' title="bbox 85 2943 1841 3022; baseline -0.001 -21"><span class='ocrx_word' id='word_1_432' title='bbox 85 2944 429 3016; x_wconf 88' lang='lat' dir='ltr'><strong>tismiceremoniis,quas</strong></span> <span class='ocrx_word' id='word_1_433' title='bbox 441 2944 502 3016; x_wconf 89' lang='lat' dir='ltr'><strong>ipse</strong></span> <span class='ocrx_word' id='word_1_434' title='bbox 513 2944 934 3016; x_wconf 85' lang='lat' dir='ltr'><strong>perageresolusconsueverat,</strong></span> <span class='ocrx_word' id='word_1_435' title='bbox 992 2953 1119 3022; x_wconf 80' lang='lat' dir='ltr'><strong>dumque</strong></span> <span class='ocrx_word' id='word_1_436' title='bbox 1134 2948 1183 3004; x_wconf 86' lang='lat' dir='ltr'><strong>Vir</strong></span> <span class='ocrx_word' id='word_1_437' title='bbox 1205 2951 1328 3012; x_wconf 85' lang='lat' dir='ltr'><strong>sanctus,</strong></span> <span class='ocrx_word' id='word_1_438' title='bbox 1343 2944 1460 3018; x_wconf 88' lang='lat' dir='ltr'><strong>qnidam</strong></span> <span class='ocrx_word' id='word_1_439' title='bbox 1475 2944 1516 2999; x_wconf 92' lang='lat' dir='ltr'><strong>rei</strong></span> <span class='ocrx_word' id='word_1_440' title='bbox 1536 2947 1619 3011; x_wconf 90' lang='lat' dir='ltr'><strong>esset,</strong></span> <span class='ocrx_word' id='word_1_441' title='bbox 1636 2943 1841 3011; x_wconf 65' lang='lat' dir='ltr'><strong>sciscitantem</strong></span> 
     </span>
     <span class='ocr_line' id='line_1_32' title="bbox 85 3031 1842 3108; baseline 0 -20"><span class='ocrx_word' id='word_1_442' title='bbox 85 3035 130 3089; x_wconf 80' lang='lat' dir='ltr'><strong>rix</strong></span> <span class='ocrx_word' id='word_1_443' title='bbox 146 3035 284 3106; x_wconf 74' lang='lat' dir='ltr'><strong>&#39;quinque</strong></span> <span class='ocrx_word' id='word_1_444' title='bbox 298 3033 445 3105; x_wconf 86' lang='lat' dir='ltr'><strong>episcopos</strong></span> <span class='ocrx_word' id='word_1_445' title='bbox 460 3032 614 3089; x_wconf 84' lang='lat' dir='ltr'><strong>suffecisse.</strong></span> <span class='ocrx_word' id='word_1_446' title='bbox 633 3034 753 3089; x_wconf 87' lang='lat' dir='ltr'><strong>Paulum</strong></span> <span class='ocrx_word' id='word_1_447' title='bbox 776 3033 937 3106; x_wconf 79' lang='lat' dir='ltr'><strong>Augustino</strong></span> <span class='ocrx_word' id='word_1_448' title='bbox 991 3035 1021 3090; x_wconf 91' lang='lat' dir='ltr'><strong>in</strong></span> <span class='ocrx_word' id='word_1_449' title='bbox 1032 3035 1176 3091; x_wconf 86' lang='lat' dir='ltr'><strong>basilicum</strong></span> <span class='ocrx_word' id='word_1_450' title='bbox 1186 3035 1312 3108; x_wconf 89' lang='lat' dir='ltr'><strong>atquead</strong></span> <span class='ocrx_word' id='word_1_451' title='bbox 1322 3037 1542 3106; x_wconf 85' lang='lat' dir='ltr'><strong>suggestum,ex</strong></span> <span class='ocrx_word' id='word_1_452' title='bbox 1553 3031 1842 3104; x_wconf 82' lang='lat' dir='ltr'><strong>qnorerhaiaciebst,</strong></span> 
     </span>
     <span class='ocr_line' id='line_1_33' title="bbox 87 3120 1842 3196; baseline -0.001 -18"><span class='ocrx_word' id='word_1_453' title='bbox 87 3121 227 3178; x_wconf 85' lang='lat' dir='ltr'><strong>adstitisse</strong></span> <span class='ocrx_word' id='word_1_454' title='bbox 241 3121 405 3193; x_wconf 84' lang='lat' dir='ltr'><strong>proximum</strong></span> <span class='ocrx_word' id='word_1_455' title='bbox 420 3136 452 3176; x_wconf 88' lang='lat' dir='ltr'><strong>ex</strong></span> <span class='ocrx_word' id='word_1_456' title='bbox 468 3120 522 3176; x_wconf 92' lang='lat' dir='ltr'><strong>hoe</strong></span> <span class='ocrx_word' id='word_1_457' title='bbox 544 3137 677 3177; x_wconf 90' lang='lat' dir='ltr'><strong>sermone</strong></span> <span class='ocrx_word' id='word_1_458' title='bbox 691 3121 758 3177; x_wconf 89' lang='lat' dir='ltr'><strong>licet</strong></span> <span class='ocrx_word' id='word_1_459' title='bbox 770 3122 913 3194; x_wconf 87' lang='lat' dir='ltr'><strong>intelligas</strong></span> <span class='ocrx_word' id='word_1_460' title='bbox 929 3140 935 3178; x_wconf 74' lang='grc' dir='ltr'><em>ι</em></span> <span class='ocrx_word' id='word_1_461' title='bbox 992 3125 1091 3180; x_wconf 88' lang='lat' dir='ltr'><strong>eadem</strong></span> <span class='ocrx_word' id='word_1_462' title='bbox 1105 3123 1203 3196; x_wconf 89' lang='lat' dir='ltr'><strong>puella</strong></span> <span class='ocrx_word' id='word_1_463' title='bbox 1219 3123 1339 3179; x_wconf 90' lang='lat' dir='ltr'><strong>adducta</strong></span> <span class='ocrx_word' id='word_1_464' title='bbox 1354 3126 1396 3176; x_wconf 90' lang='lat' dir='ltr'><strong>cst</strong></span> <span class='ocrx_word' id='word_1_465' title='bbox 1411 3123 1507 3192; x_wconf 88' lang='lat' dir='ltr'><strong>(Serm.</strong></span> <span class='ocrx_word' id='word_1_466' title='bbox 1525 3123 1587 3190; x_wconf 75' lang='lat'><strong>888,</strong></span> <span class='ocrx_word' id='word_1_467' title='bbox 1602 3136 1631 3176; x_wconf 89' lang='lat' dir='ltr'><strong>n.</strong></span> <span class='ocrx_word' id='word_1_468' title='bbox 1648 3120 1687 3191; x_wconf 80' lang='lat'><strong>4).</strong></span> <span class='ocrx_word' id='word_1_469' title='bbox 1706 3123 1775 3177; x_wconf 78' lang='lat' dir='ltr'><strong>Tum</strong></span> <span class='ocrx_word' id='word_1_470' title='bbox 1786 3136 1842 3177; x_wconf 84' lang='lat' dir='ltr'><strong>uero</strong></span> 
     </span>
     <span class='ocr_line' id='line_1_34' title="bbox 87 3207 1841 3285; baseline 0.001 -21"><span class='ocrx_word' id='word_1_471' title='bbox 87 3209 319 3282; x_wconf 87' lang='lat' dir='ltr'><strong>qnandoquidem</strong></span> <span class='ocrx_word' id='word_1_472' title='bbox 351 3207 398 3263; x_wconf 91' lang='lat' dir='ltr'><strong>hic</strong></span> <span class='ocrx_word' id='word_1_473' title='bbox 427 3207 509 3263; x_wconf 91' lang='lat' dir='ltr'><strong>illum</strong></span> <span class='ocrx_word' id='word_1_474' title='bbox 533 3209 640 3280; x_wconf 90' lang='lat' dir='ltr'><strong>populo</strong></span> <span class='ocrx_word' id='word_1_475' title='bbox 665 3209 798 3280; x_wconf 86' lang='lat' dir='ltr'><strong>ostendit,</strong></span> <span class='ocrx_word' id='word_1_476' title='bbox 819 3211 937 3283; x_wconf 88' lang='lat' dir='ltr'><strong>ejusque</strong></span> <span class='ocrx_word' id='word_1_477' title='bbox 992 3217 1095 3281; x_wconf 78' lang='lat' dir='ltr'><strong>tantm,</strong></span> <span class='ocrx_word' id='word_1_478' title='bbox 1109 3212 1203 3285; x_wconf 91' lang='lat' dir='ltr'><strong>inquit</strong></span> <span class='ocrx_word' id='word_1_479' title='bbox 1218 3213 1276 3279; x_wconf 89' lang='lat' dir='ltr'><strong>ille,</strong></span> <span class='ocrx_word' id='word_1_480' title='bbox 1290 3211 1325 3266; x_wconf 91' lang='lat' dir='ltr'><strong>ob</strong></span> <span class='ocrx_word' id='word_1_481' title='bbox 1336 3216 1448 3282; x_wconf 85' lang='lat' dir='ltr'><strong>utroque</strong></span> <span class='ocrx_word' id='word_1_482' title='bbox 1457 3226 1525 3266; x_wconf 82' lang='lat' dir='ltr'><strong>scau</strong></span> <span class='ocrx_word' id='word_1_483' title='bbox 1537 3209 1732 3266; x_wconf 87' lang='lat' dir='ltr'><strong>admirationis</strong></span> <span class='ocrx_word' id='word_1_484' title='bbox 1746 3211 1841 3266; x_wconf 79' lang='lat' dir='ltr'><strong>oleum</strong></span> 
     </span>
     <span class='ocr_line' id='line_1_35' title="bbox 86 3287 1842 3372; baseline 0.001 -19"><span class='ocrx_word' id='word_1_485' title='bbox 86 3287 270 3369; x_wconf 75' lang='lat' dir='ltr'><strong>conspicium</strong></span> <span class='ocrx_word' id='word_1_486' title='bbox 290 3298 351 3352; x_wconf 92' lang='lat' dir='ltr'><strong>loco</strong></span> <span class='ocrx_word' id='word_1_487' title='bbox 373 3313 433 3351; x_wconf 90' lang='lat' dir='ltr'><strong>esse</strong></span> <span class='ocrx_word' id='word_1_488' title='bbox 457 3295 525 3351; x_wconf 91' lang='lat' dir='ltr'><strong>dicit</strong></span> <span class='ocrx_word' id='word_1_489' title='bbox 548 3313 646 3353; x_wconf 90' lang='lat' dir='ltr'><strong>eorum</strong></span> <span class='ocrx_word' id='word_1_490' title='bbox 672 3297 845 3368; x_wconf 90' lang='lat' dir='ltr'><strong>libellorum,</strong></span> <span class='ocrx_word' id='word_1_491' title='bbox 866 3315 938 3372; x_wconf 89' lang='lat' dir='ltr'><strong>quos</strong></span> <span class='ocrx_word' id='word_1_492' title='bbox 991 3307 1100 3358; x_wconf 76' lang='lat' dir='ltr'><strong>emortus</strong></span> <span class='ocrx_word' id='word_1_493' title='bbox 1115 3306 1162 3359; x_wconf 86' lang='lat' dir='ltr'><strong>est.</strong></span> <span class='ocrx_word' id='word_1_494' title='bbox 1179 3306 1210 3356; x_wconf 90' lang='lat' dir='ltr'><strong>ut</strong></span> <span class='ocrx_word' id='word_1_495' title='bbox 1224 3316 1277 3355; x_wconf 82' lang='lat' dir='ltr'><strong>uon</strong></span> <span class='ocrx_word' id='word_1_496' title='bbox 1289 3302 1446 3355; x_wconf 88' lang='lat' dir='ltr'><strong>continuata</strong></span> <span class='ocrx_word' id='word_1_497' title='bbox 1460 3314 1520 3354; x_wconf 90' lang='lat' dir='ltr'><strong>cum</strong></span> <span class='ocrx_word' id='word_1_498' title='bbox 1534 3298 1664 3367; x_wconf 73' lang='lat' dir='ltr'><strong>lacrumis</strong></span> <span class='ocrx_word' id='word_1_499' title='bbox 1679 3314 1735 3354; x_wconf 88' lang='lat' dir='ltr'><strong>non</strong></span> <span class='ocrx_word' id='word_1_500' title='bbox 1747 3298 1842 3354; x_wconf 73' lang='lat' dir='ltr'><strong>aidau</strong></span> 
     </span>
     <span class='ocr_line' id='line_1_36' title="bbox 87 3385 1841 3462; baseline -0.001 -18"><span class='ocrx_word' id='word_1_501' title='bbox 87 3389 135 3444; x_wconf 89' lang='lat' dir='ltr'><strong>alii</strong></span> <span class='ocrx_word' id='word_1_502' title='bbox 150 3388 184 3444; x_wconf 91' lang='lat' dir='ltr'><strong>ad</strong></span> <span class='ocrx_word' id='word_1_503' title='bbox 207 3388 403 3461; x_wconf 78' lang='lat' dir='ltr'><strong>pervulganda</strong></span> <span class='ocrx_word' id='word_1_504' title='bbox 421 3385 498 3443; x_wconf 90' lang='lat' dir='ltr'><strong>beati</strong></span> <span class='ocrx_word' id='word_1_505' title='bbox 512 3387 649 3460; x_wconf 90' lang='lat' dir='ltr'><strong>Stephani</strong></span> <span class='ocrx_word' id='word_1_506' title='bbox 670 3389 802 3461; x_wconf 90' lang='lat' dir='ltr'><strong>precibus</strong></span> <span class='ocrx_word' id='word_1_507' title='bbox 821 3390 938 3447; x_wconf 88' lang='lat' dir='ltr'><strong>obtenta</strong></span> <span class='ocrx_word' id='word_1_508' title='bbox 992 3397 1128 3462; x_wconf 80' lang='lat' dir='ltr'><strong>turpasse</strong></span> <span class='ocrx_word' id='word_1_509' title='bbox 1141 3392 1225 3461; x_wconf 68' lang='lat' dir='ltr'><strong>finiri.</strong></span> <span class='ocrx_word' id='word_1_510' title='bbox 1245 3390 1378 3445; x_wconf 89' lang='lat' dir='ltr'><strong>Perducta</strong></span> <span class='ocrx_word' id='word_1_511' title='bbox 1397 3391 1437 3445; x_wconf 88' lang='lat' dir='ltr'><strong>est</strong></span> <span class='ocrx_word' id='word_1_512' title='bbox 1451 3388 1488 3443; x_wconf 89' lang='lat' dir='ltr'><strong>od</strong></span> <span class='ocrx_word' id='word_1_513' title='bbox 1501 3403 1560 3443; x_wconf 88' lang='lat' dir='ltr'><strong>cum</strong></span> <span class='ocrx_word' id='word_1_514' title='bbox 1582 3387 1681 3455; x_wconf 88' lang='lat' dir='ltr'><strong>locum,</strong></span> <span class='ocrx_word' id='word_1_515' title='bbox 1699 3387 1748 3442; x_wconf 86' lang='lat' dir='ltr'><strong>ubi</strong></span> <span class='ocrx_word' id='word_1_516' title='bbox 1766 3387 1841 3459; x_wconf 76' lang='lat' dir='ltr'><strong>pardo</strong></span> 
     </span>
     <span class='ocr_line' id='line_1_37' title="bbox 84 3477 1839 3550; baseline -0.002 -16"><span class='ocrx_word' id='word_1_517' title='bbox 84 3477 224 3534; x_wconf 84' lang='lat' dir='ltr'><strong>beneficia</strong></span> <span class='ocrx_word' id='word_1_518' title='bbox 238 3477 398 3532; x_wconf 89' lang='lat' dir='ltr'><strong>tradebant.</strong></span> <span class='ocrx_word' id='word_1_519' title='bbox 412 3477 444 3532; x_wconf 85' lang='lat' dir='ltr'><strong>lit</strong></span> <span class='ocrx_word' id='word_1_520' title='bbox 460 3492 527 3531; x_wconf 90' lang='lat' dir='ltr'><strong>sene</strong></span> <span class='ocrx_word' id='word_1_521' title='bbox 540 3481 667 3550; x_wconf 88' lang='lat' dir='ltr'><strong>apparet,</strong></span> <span class='ocrx_word' id='word_1_522' title='bbox 682 3477 873 3550; x_wconf 88' lang='lat' dir='ltr'><strong>Augustinnm</strong></span> <span class='ocrx_word' id='word_1_523' title='bbox 889 3479 938 3534; x_wconf 93' lang='lat' dir='ltr'><strong>illa</strong></span> <span class='ocrx_word' id='word_1_524' title='bbox 992 3483 1054 3535; x_wconf 74' lang='lat' dir='ltr'><strong>anm</strong></span> <span class='ocrx_word' id='word_1_525' title='bbox 1073 3483 1184 3535; x_wconf 86' lang='lat' dir='ltr'><strong>steterat</strong></span> <span class='ocrx_word' id='word_1_526' title='bbox 1198 3484 1321 3535; x_wconf 87' lang='lat' dir='ltr'><strong>tremens.</strong></span> <span class='ocrx_word' id='word_1_527' title='bbox 1338 3478 1521 3533; x_wconf 79' lang='lat' dir='ltr'><strong>Eosaltabant</strong></span> <span class='ocrx_word' id='word_1_528' title='bbox 1535 3491 1594 3531; x_wconf 89' lang='lat' dir='ltr'><strong>eam</strong></span> <span class='ocrx_word' id='word_1_529' title='bbox 1608 3477 1727 3531; x_wconf 86' lang='lat' dir='ltr'><strong>similem</strong></span> <span class='ocrx_word' id='word_1_530' title='bbox 1749 3477 1839 3545; x_wconf 73' lang='lat' dir='ltr'><strong>tratri</strong></span> 
     </span>
     <span class='ocr_line' id='line_1_38' title="bbox 86 3563 1840 3638; baseline 0.001 -19"><span class='ocrx_word' id='word_1_531' title='bbox 86 3563 763 3637; x_wconf 87' lang='lat' dir='ltr'><strong>1·ccontentum,libellnmaPanlonentiquam</strong></span> <span class='ocrx_word' id='word_1_532' title='bbox 778 3565 936 3638; x_wconf 90' lang='lat' dir='ltr'><strong>petiturum</strong></span> <span class='ocrx_word' id='word_1_533' title='bbox 992 3572 1036 3625; x_wconf 86' lang='lat' dir='ltr'><strong>rui</strong></span> <span class='ocrx_word' id='word_1_534' title='bbox 1054 3569 1198 3624; x_wconf 88' lang='lat' dir='ltr'><strong>doluerant</strong></span> <span class='ocrx_word' id='word_1_535' title='bbox 1212 3569 1375 3623; x_wconf 84' lang='lat' dir='ltr'><strong>remansisse</strong></span> <span class='ocrx_word' id='word_1_536' title='bbox 1394 3566 1570 3622; x_wconf 86' lang='lat' dir='ltr'><strong>dissimilem:</strong></span> <span class='ocrx_word' id='word_1_537' title='bbox 1586 3568 1613 3620; x_wconf 90' lang='lat' dir='ltr'><strong>et</strong></span> <span class='ocrx_word' id='word_1_538' title='bbox 1629 3565 1755 3620; x_wconf 86' lang='lat' dir='ltr'><strong>nondum</strong></span> <span class='ocrx_word' id='word_1_539' title='bbox 1770 3566 1840 3631; x_wconf 77' lang='lat' dir='ltr'><strong>(usu</strong></span> 
     </span>
     <span class='ocr_line' id='line_1_39' title="bbox 85 3653 1840 3729; baseline -0.001 -19"><span class='ocrx_word' id='word_1_540' title='bbox 85 3654 172 3710; x_wconf 88' lang='lat' dir='ltr'><strong>inisse</strong></span> <span class='ocrx_word' id='word_1_541' title='bbox 187 3654 285 3725; x_wconf 82' lang='lat' dir='ltr'><strong>(serm.</strong></span> <span class='ocrx_word' id='word_1_542' title='bbox 302 3653 382 3725; x_wconf 72' lang='lat' dir='ltr'><strong>ttl);</strong></span> <span class='ocrx_word' id='word_1_543' title='bbox 396 3655 425 3708; x_wconf 90' lang='lat' dir='ltr'><strong>at</strong></span> <span class='ocrx_word' id='word_1_544' title='bbox 439 3667 503 3707; x_wconf 91' lang='lat' dir='ltr'><strong>cum</strong></span> <span class='ocrx_word' id='word_1_545' title='bbox 517 3653 650 3708; x_wconf 88' lang='lat' dir='ltr'><strong>eumdem</strong></span> <span class='ocrx_word' id='word_1_546' title='bbox 667 3654 783 3710; x_wconf 89' lang='lat' dir='ltr'><strong>domum</strong></span> <span class='ocrx_word' id='word_1_547' title='bbox 800 3655 833 3711; x_wconf 90' lang='lat' dir='ltr'><strong>ad</strong></span> <span class='ocrx_word' id='word_1_548' title='bbox 850 3671 937 3727; x_wconf 87' lang='lat' dir='ltr'><strong>pran-</strong></span> <span class='ocrx_word' id='word_1_549' title='bbox 991 3672 1082 3729; x_wconf 84' lang='lat' dir='ltr'><strong>preces</strong></span> <span class='ocrx_word' id='word_1_550' title='bbox 1093 3658 1287 3727; x_wconf 73' lang='lat' dir='ltr'><strong>caesuratim,</strong></span> <span class='ocrx_word' id='word_1_551' title='bbox 1296 3656 1358 3726; x_wconf 80' lang='lat' dir='ltr'><strong>jam</strong></span> <span class='ocrx_word' id='word_1_552' title='bbox 1370 3659 1459 3710; x_wconf 87' lang='lat' dir='ltr'><strong>tamen</strong></span> <span class='ocrx_word' id='word_1_553' title='bbox 1471 3654 1603 3724; x_wconf 78' lang='lat' dir='ltr'><strong>praciam</strong></span> <span class='ocrx_word' id='word_1_554' title='bbox 1615 3653 1840 3709; x_wconf 83' lang='lat' dir='ltr'><strong>uoluntatemtar</strong></span> 
     </span>
     <span class='ocr_line' id='line_1_40' title="bbox 86 3741 1840 3808; baseline 0 -10"><span class='ocrx_word' id='word_1_555' title='bbox 86 3742 166 3798; x_wconf 89' lang='lat' dir='ltr'><strong>dium</strong></span> <span class='ocrx_word' id='word_1_556' title='bbox 182 3741 354 3808; x_wconf 86' lang='lat' dir='ltr'><strong>adduxisset,</strong></span> <span class='ocrx_word' id='word_1_557' title='bbox 370 3757 481 3796; x_wconf 87' lang='lat' dir='ltr'><strong>necnon</strong></span> <span class='ocrx_word' id='word_1_558' title='bbox 502 3746 630 3797; x_wconf 87' lang='lat' dir='ltr'><strong>accurate</strong></span> <span class='ocrx_word' id='word_1_559' title='bbox 651 3758 766 3798; x_wconf 89' lang='lat' dir='ltr'><strong>omnem</strong></span> <span class='ocrx_word' id='word_1_560' title='bbox 782 3743 862 3799; x_wconf 89' lang='lat' dir='ltr'><strong>illam</strong></span> <span class='ocrx_word' id='word_1_561' title='bbox 879 3761 938 3800; x_wconf 79' lang='lat' dir='ltr'><strong>sum</strong></span> <span class='ocrx_word' id='word_1_562' title='bbox 992 3749 1044 3802; x_wconf 88' lang='lat' dir='ltr'><strong>cito</strong></span> <span class='ocrx_word' id='word_1_563' title='bbox 1058 3746 1216 3801; x_wconf 82' lang='lat' dir='ltr'><strong>erauditam</strong></span> <span class='ocrx_word' id='word_1_564' title='bbox 1237 3760 1292 3800; x_wconf 89' lang='lat' dir='ltr'><strong>esse</strong></span> <span class='ocrx_word' id='word_1_565' title='bbox 1314 3745 1465 3800; x_wconf 82' lang='lat' dir='ltr'><strong>canebant.</strong></span> <span class='ocrx_word' id='word_1_566' title='bbox 1478 3741 1664 3798; x_wconf 82' lang='lat' dir='ltr'><strong>Easultabant</strong></span> <span class='ocrx_word' id='word_1_567' title='bbox 1677 3744 1710 3796; x_wconf 87' lang='lat' dir='ltr'><strong>in</strong></span> <span class='ocrx_word' id='word_1_568' title='bbox 1723 3744 1773 3798; x_wconf 81' lang='lat' dir='ltr'><strong>Uei</strong></span> <span class='ocrx_word' id='word_1_569' title='bbox 1786 3743 1840 3797; x_wconf 84' lang='lat' dir='ltr'><strong>lau-</strong></span> 
     </span>
     <span class='ocr_line' id='line_1_41' title="bbox 86 3828 1840 3902; baseline 0.002 -18"><span class='ocrx_word' id='word_1_570' title='bbox 86 3847 118 3884; x_wconf 89' lang='lat' dir='ltr'><strong>ac</strong></span> <span class='ocrx_word' id='word_1_571' title='bbox 132 3834 269 3884; x_wconf 80' lang='lat' dir='ltr'><strong>materam</strong></span> <span class='ocrx_word' id='word_1_572' title='bbox 279 3828 471 3902; x_wconf 74' lang='lat' dir='ltr'><strong>fraternaeque</strong></span> <span class='ocrx_word' id='word_1_573' title='bbox 480 3829 650 3885; x_wconf 82' lang='lat' dir='ltr'><strong>calamitatis</strong></span> <span class='ocrx_word' id='word_1_574' title='bbox 660 3830 810 3887; x_wconf 88' lang='lat' dir='ltr'><strong>historiam</strong></span> <span class='ocrx_word' id='word_1_575' title='bbox 821 3849 937 3890; x_wconf 89' lang='lat' dir='ltr'><strong>narrare</strong></span> <span class='ocrx_word' id='word_1_576' title='bbox 992 3837 1052 3890; x_wconf 78' lang='lat' dir='ltr'><strong>‹bm</strong></span> <span class='ocrx_word' id='word_1_577' title='bbox 1065 3850 1127 3891; x_wconf 88' lang='lat' dir='ltr'><strong>uoce</strong></span> <span class='ocrx_word' id='word_1_578' title='bbox 1138 3837 1196 3891; x_wconf 88' lang='lat' dir='ltr'><strong>sine</strong></span> <span class='ocrx_word' id='word_1_579' title='bbox 1204 3835 1303 3901; x_wconf 88' lang='lat' dir='ltr'><strong>uerbis,</strong></span> <span class='ocrx_word' id='word_1_580' title='bbox 1318 3837 1393 3889; x_wconf 91' lang='lat' dir='ltr'><strong>tanto</strong></span> <span class='ocrx_word' id='word_1_581' title='bbox 1403 3835 1503 3901; x_wconf 86' lang='lat' dir='ltr'><strong>sonitu,</strong></span> <span class='ocrx_word' id='word_1_582' title='bbox 1514 3835 1647 3902; x_wconf 88' lang='lat' dir='ltr'><strong>quantum</strong></span> <span class='ocrx_word' id='word_1_583' title='bbox 1660 3846 1744 3886; x_wconf 80' lang='lat' dir='ltr'><strong>amus</strong></span> <span class='ocrx_word' id='word_1_584' title='bbox 1752 3835 1840 3887; x_wconf 69' lang='lat' dir='ltr'><strong>nourr</strong></span> 
     </span>
     <span class='ocr_line' id='line_1_42' title="bbox 84 3918 1839 3995; baseline 0.002 -22"><span class='ocrx_word' id='word_1_585' title='bbox 84 3918 317 3991; x_wconf 62' lang='lat' dir='ltr'><strong>jussissemus</strong></span> <span class='ocrx_word' id='word_1_586' title='bbox 341 3923 384 3973; x_wconf 87' lang='lat' dir='ltr'><strong>est</strong></span> <span class='ocrx_word' id='word_1_587' title='bbox 404 3934 468 3974; x_wconf 90' lang='lat' dir='ltr'><strong>eam</strong></span> <span class='ocrx_word' id='word_1_588' title='bbox 487 3918 595 3990; x_wconf 89' lang='lat' dir='ltr'><strong>populo</strong></span> <span class='ocrx_word' id='word_1_589' title='bbox 617 3919 721 3991; x_wconf 86' lang='lat' dir='ltr'><strong>exponi</strong></span> <span class='ocrx_word' id='word_1_590' title='bbox 741 3925 884 3993; x_wconf 89' lang='lat' dir='ltr'><strong>oportere,</strong></span> <span class='ocrx_word' id='word_1_591' title='bbox 906 3928 939 3979; x_wconf 87' lang='lat' dir='ltr'><strong>ni</strong></span> <span class='ocrx_word' id='word_1_592' title='bbox 991 3927 1064 3992; x_wconf 74' lang='lat' dir='ltr'><strong>(erre</strong></span> <span class='ocrx_word' id='word_1_593' title='bbox 1083 3927 1132 3979; x_wconf 82' lang='lat' dir='ltr'><strong>uir</strong></span> <span class='ocrx_word' id='word_1_594' title='bbox 1152 3927 1269 3995; x_wconf 82' lang='lat' dir='ltr'><strong>possmt.</strong></span> <span class='ocrx_word' id='word_1_595' title='bbox 1287 3923 1359 3989; x_wconf 79' lang='lat' dir='ltr'><strong>Quid</strong></span> <span class='ocrx_word' id='word_1_596' title='bbox 1372 3926 1431 3976; x_wconf 89' lang='lat' dir='ltr'><strong>erat</strong></span> <span class='ocrx_word' id='word_1_597' title='bbox 1450 3924 1478 3976; x_wconf 89' lang='lat' dir='ltr'><strong>in</strong></span> <span class='ocrx_word' id='word_1_598' title='bbox 1493 3920 1619 3976; x_wconf 85' lang='lat' dir='ltr'><strong>cordibus</strong></span> <span class='ocrx_word' id='word_1_599' title='bbox 1638 3920 1839 3985; x_wconf 63' lang='lat' dir='ltr'><strong>resultantem</strong></span> 
     </span>
     <span class='ocr_line' id='line_1_43' title="bbox 86 4005 1840 4084; baseline 0.001 -22"><span class='ocrx_word' id='word_1_600' title='bbox 86 4007 153 4063; x_wconf 91' lang='lat' dir='ltr'><strong>inde</strong></span> <span class='ocrx_word' id='word_1_601' title='bbox 172 4005 381 4079; x_wconf 83' lang='lat' dir='ltr'><strong>providentiam</strong></span> <span class='ocrx_word' id='word_1_602' title='bbox 400 4007 526 4063; x_wconf 83' lang='lat' dir='ltr'><strong>divinam</strong></span> <span class='ocrx_word' id='word_1_603' title='bbox 546 4007 637 4081; x_wconf 88' lang='lat' dir='ltr'><strong>magis</strong></span> <span class='ocrx_word' id='word_1_604' title='bbox 652 4009 837 4080; x_wconf 87' lang='lat' dir='ltr'><strong>suspicerent,</strong></span> <span class='ocrx_word' id='word_1_605' title='bbox 853 4016 938 4084; x_wconf 90' lang='lat' dir='ltr'><strong>atque</strong></span> <span class='ocrx_word' id='word_1_606' title='bbox 992 4016 1047 4070; x_wconf 87' lang='lat' dir='ltr'><strong>nisi</strong></span> <span class='ocrx_word' id='word_1_607' title='bbox 1060 4014 1126 4084; x_wconf 68' lang='lat' dir='ltr'><strong>fides</strong></span> <span class='ocrx_word' id='word_1_608' title='bbox 1140 4014 1253 4081; x_wconf 75' lang='lat' dir='ltr'><strong>Christi,</strong></span> <span class='ocrx_word' id='word_1_609' title='bbox 1265 4026 1317 4083; x_wconf 89' lang='lat' dir='ltr'><strong>pro</strong></span> <span class='ocrx_word' id='word_1_610' title='bbox 1331 4027 1385 4082; x_wconf 86' lang='lat' dir='ltr'><strong>qua</strong></span> <span class='ocrx_word' id='word_1_611' title='bbox 1397 4010 1529 4080; x_wconf 85' lang='lat' dir='ltr'><strong>Stepboni</strong></span> <span class='ocrx_word' id='word_1_612' title='bbox 1542 4010 1656 4076; x_wconf 86' lang='lat' dir='ltr'><strong>sanquis</strong></span> <span class='ocrx_word' id='word_1_613' title='bbox 1670 4008 1777 4078; x_wconf 74' lang='lat' dir='ltr'><strong>effusus</strong></span> <span class='ocrx_word' id='word_1_614' title='bbox 1789 4006 1840 4064; x_wconf 78' lang='lat' dir='ltr'><strong>esti</strong></span> 
     </span>
     <span class='ocr_line' id='line_1_44' title="bbox 86 4095 1840 4173; baseline 0.001 -20"><span class='ocrx_word' id='word_1_615' title='bbox 86 4095 116 4153; x_wconf 89' lang='lat' dir='ltr'><strong>in</strong></span> <span class='ocrx_word' id='word_1_616' title='bbox 138 4101 299 4153; x_wconf 89' lang='lat' dir='ltr'><strong>sanctorum</strong></span> <span class='ocrx_word' id='word_1_617' title='bbox 315 4112 432 4151; x_wconf 89' lang='lat' dir='ltr'><strong>suornm</strong></span> <span class='ocrx_word' id='word_1_618' title='bbox 454 4097 601 4155; x_wconf 88' lang='lat' dir='ltr'><strong>memoriis</strong></span> <span class='ocrx_word' id='word_1_619' title='bbox 616 4098 815 4157; x_wconf 87' lang='lat' dir='ltr'><strong>admirabilem</strong></span> <span class='ocrx_word' id='word_1_620' title='bbox 829 4102 937 4173; x_wconf 80' lang='lat' dir='ltr'><strong>praedi-</strong></span> <span class='ocrx_word' id='word_1_621' title='bbox 993 4104 1039 4168; x_wconf 80' lang='lat' dir='ltr'><strong>llio</strong></span> <span class='ocrx_word' id='word_1_622' title='bbox 1054 4104 1175 4157; x_wconf 82' lang='lat' dir='ltr'><strong>Ciuitate</strong></span> <span class='ocrx_word' id='word_1_623' title='bbox 1194 4101 1256 4167; x_wconf 87' lang='lat' dir='ltr'><strong>Dei,</strong></span> <span class='ocrx_word' id='word_1_624' title='bbox 1275 4101 1321 4155; x_wconf 92' lang='lat' dir='ltr'><strong>lib.</strong></span> <span class='ocrx_word' id='word_1_625' title='bbox 1341 4103 1386 4167; x_wconf 78' lang='lat' dir='ltr'><strong>tt,</strong></span> <span class='ocrx_word' id='word_1_626' title='bbox 1407 4114 1468 4169; x_wconf 88' lang='lat' dir='ltr'><strong>cap.</strong></span> <span class='ocrx_word' id='word_1_627' title='bbox 1489 4100 1515 4161; x_wconf 89' lang='lat'><strong>8,</strong></span> <span class='ocrx_word' id='word_1_628' title='bbox 1535 4114 1563 4153; x_wconf 91' lang='lat' dir='ltr'><strong>n.</strong></span> <span class='ocrx_word' id='word_1_629' title='bbox 1583 4096 1637 4167; x_wconf 74' lang='lat' dir='ltr'><strong>tt).</strong></span> <span class='ocrx_word' id='word_1_630' title='bbox 1661 4096 1715 4154; x_wconf 90' lang='lat' dir='ltr'><strong>Ubi</strong></span> <span class='ocrx_word' id='word_1_631' title='bbox 1734 4099 1840 4154; x_wconf 74' lang='lat' dir='ltr'><strong>misus</strong></span> 
     </span>
     <span class='ocr_line' id='line_1_45' title="bbox 86 4184 1841 4260; baseline -0.002 -17"><span class='ocrx_word' id='word_1_632' title='bbox 86 4191 193 4243; x_wconf 87' lang='lat' dir='ltr'><strong>carent.</strong></span> <span class='ocrx_word' id='word_1_633' title='bbox 210 4187 346 4253; x_wconf 85' lang='lat' dir='ltr'><strong>Quocirca</strong></span> <span class='ocrx_word' id='word_1_634' title='bbox 360 4185 499 4260; x_wconf 87' lang='lat' dir='ltr'><strong>postridie</strong></span> <span class='ocrx_word' id='word_1_635' title='bbox 512 4186 574 4258; x_wconf 89' lang='lat' dir='ltr'><strong>ejus</strong></span> <span class='ocrx_word' id='word_1_636' title='bbox 589 4186 658 4256; x_wconf 91' lang='lat' dir='ltr'><strong>diei,</strong></span> <span class='ocrx_word' id='word_1_637' title='bbox 674 4203 740 4243; x_wconf 91' lang='lat' dir='ltr'><strong>cnm</strong></span> <span class='ocrx_word' id='word_1_638' title='bbox 755 4189 840 4245; x_wconf 85' lang='lat' dir='ltr'><strong>verba</strong></span> <span class='ocrx_word' id='word_1_639' title='bbox 855 4190 937 4247; x_wconf 90' lang='lat' dir='ltr'><strong>solito</strong></span> <span class='ocrx_word' id='word_1_640' title='bbox 993 4196 1035 4246; x_wconf 86' lang='lat' dir='ltr'><strong>est</strong></span> <span class='ocrx_word' id='word_1_641' title='bbox 1052 4190 1100 4245; x_wconf 89' lang='lat' dir='ltr'><strong>ille</strong></span> <span class='ocrx_word' id='word_1_642' title='bbox 1121 4189 1266 4260; x_wconf 88' lang='lat' dir='ltr'><strong>strepitus,</strong></span> <span class='ocrx_word' id='word_1_643' title='bbox 1286 4187 1358 4243; x_wconf 89' lang='lat' dir='ltr'><strong>nihil</strong></span> <span class='ocrx_word' id='word_1_644' title='bbox 1382 4187 1458 4243; x_wconf 87' lang='lat' dir='ltr'><strong>eliud</strong></span> <span class='ocrx_word' id='word_1_645' title='bbox 1479 4189 1593 4241; x_wconf 89' lang='lat' dir='ltr'><strong>sanctus</strong></span> <span class='ocrx_word' id='word_1_646' title='bbox 1613 4187 1720 4241; x_wconf 85' lang='lat' dir='ltr'><strong>Ductor</strong></span> <span class='ocrx_word' id='word_1_647' title='bbox 1739 4184 1841 4243; x_wconf 88' lang='lat' dir='ltr'><strong>eddidit</strong></span> 
     </span>
     <span class='ocr_line' id='line_1_46' title="bbox 86 4273 1841 4351; baseline -0.003 -20"><span class='ocrx_word' id='word_1_648' title='bbox 86 4275 937 4350; x_wconf 83' lang='lat' dir='ltr'><strong>suomorclecisset,oretiuncnlam,qnaeetiamnumexstat,</strong></span> <span class='ocrx_word' id='word_1_649' title='bbox 992 4283 1097 4351; x_wconf 77' lang='lat' dir='ltr'><strong>prater</strong></span> <span class='ocrx_word' id='word_1_650' title='bbox 1117 4277 1241 4351; x_wconf 90' lang='lat' dir='ltr'><strong>paucula</strong></span> <span class='ocrx_word' id='word_1_651' title='bbox 1259 4275 1355 4346; x_wconf 85' lang='lat' dir='ltr'><strong>verba,</strong></span> <span class='ocrx_word' id='word_1_652' title='bbox 1373 4275 1477 4347; x_wconf 88' lang='lat' dir='ltr'><strong>quibus</strong></span> <span class='ocrx_word' id='word_1_653' title='bbox 1496 4273 1726 4329; x_wconf 88' lang='lat' dir='ltr'><strong>miscricordiam</strong></span> <span class='ocrx_word' id='word_1_654' title='bbox 1747 4274 1808 4342; x_wconf 82' lang='lat' dir='ltr'><strong>liei,</strong></span> <span class='ocrx_word' id='word_1_655' title='bbox 1827 4289 1841 4326; x_wconf 89' lang='lat' dir='ltr'><strong>a</strong></span> 
     </span>
     <span class='ocr_line' id='line_1_47' title="bbox 86 4361 1840 4439; baseline -0.003 -19"><span class='ocrx_word' id='word_1_656' title='bbox 86 4366 199 4434; x_wconf 90' lang='lat' dir='ltr'><strong>habuit;</strong></span> <span class='ocrx_word' id='word_1_657' title='bbox 215 4382 272 4439; x_wconf 89' lang='lat' dir='ltr'><strong>qua</strong></span> <span class='ocrx_word' id='word_1_658' title='bbox 286 4364 430 4439; x_wconf 90' lang='lat' dir='ltr'><strong>pollicitus</strong></span> <span class='ocrx_word' id='word_1_659' title='bbox 452 4367 503 4433; x_wconf 90' lang='lat' dir='ltr'><strong>est,</strong></span> <span class='ocrx_word' id='word_1_660' title='bbox 520 4369 684 4422; x_wconf 88' lang='lat' dir='ltr'><strong>curaturum</strong></span> <span class='ocrx_word' id='word_1_661' title='bbox 706 4384 747 4437; x_wconf 88' lang='lat' dir='ltr'><strong>sa,</strong></span> <span class='ocrx_word' id='word_1_662' title='bbox 762 4371 795 4424; x_wconf 91' lang='lat' dir='ltr'><strong>ut</strong></span> <span class='ocrx_word' id='word_1_663' title='bbox 813 4369 939 4424; x_wconf 88' lang='lat' dir='ltr'><strong>narratio</strong></span> <span class='ocrx_word' id='word_1_664' title='bbox 993 4382 1050 4437; x_wconf 92' lang='lat' dir='ltr'><strong>qno</strong></span> <span class='ocrx_word' id='word_1_665' title='bbox 1075 4365 1137 4438; x_wconf 87' lang='lat' dir='ltr'><strong>ipsa</strong></span> <span class='ocrx_word' id='word_1_666' title='bbox 1160 4381 1261 4420; x_wconf 90' lang='lat' dir='ltr'><strong>corum</strong></span> <span class='ocrx_word' id='word_1_667' title='bbox 1284 4365 1327 4419; x_wconf 86' lang='lat' dir='ltr'><strong>vel</strong></span> <span class='ocrx_word' id='word_1_668' title='bbox 1350 4364 1411 4419; x_wconf 89' lang='lat' dir='ltr'><strong>sola</strong></span> <span class='ocrx_word' id='word_1_669' title='bbox 1434 4361 1568 4434; x_wconf 88' lang='lat' dir='ltr'><strong>precandi</strong></span> <span class='ocrx_word' id='word_1_670' title='bbox 1591 4363 1726 4418; x_wconf 87' lang='lat' dir='ltr'><strong>voluntas</strong></span> <span class='ocrx_word' id='word_1_671' title='bbox 1751 4361 1840 4417; x_wconf 83' lang='lat' dir='ltr'><strong>andita</strong></span> 
     </span>
     <span class='ocr_line' id='line_1_48' title="bbox 86 4450 1840 4529; baseline -0.001 -21"><span class='ocrx_word' id='word_1_672' title='bbox 86 4453 147 4509; x_wconf 82' lang='lat' dir='ltr'><strong>baec</strong></span> <span class='ocrx_word' id='word_1_673' title='bbox 167 4455 268 4511; x_wconf 90' lang='lat' dir='ltr'><strong>litteris</strong></span> <span class='ocrx_word' id='word_1_674' title='bbox 287 4459 443 4523; x_wconf 81' lang='lat' dir='ltr'><strong>tereretur,</strong></span> <span class='ocrx_word' id='word_1_675' title='bbox 459 4470 492 4510; x_wconf 92' lang='lat' dir='ltr'><strong>ac</strong></span> <span class='ocrx_word' id='word_1_676' title='bbox 512 4459 627 4527; x_wconf 87' lang='lat' dir='ltr'><strong>postera</strong></span> <span class='ocrx_word' id='word_1_677' title='bbox 642 4454 688 4511; x_wconf 91' lang='lat' dir='ltr'><strong>die</strong></span> <span class='ocrx_word' id='word_1_678' title='bbox 708 4456 875 4513; x_wconf 88' lang='lat' dir='ltr'><strong>recitaretur</strong></span> <span class='ocrx_word' id='word_1_679' title='bbox 895 4459 940 4529; x_wconf 80' lang='lat' dir='ltr'><strong>(lte</strong></span> <span class='ocrx_word' id='word_1_680' title='bbox 994 4455 1096 4523; x_wconf 75' lang='lat' dir='ltr'><strong>leserat,</strong></span> <span class='ocrx_word' id='word_1_681' title='bbox 1118 4454 1342 4510; x_wconf 88' lang='lat' dir='ltr'><strong>commendaret.</strong></span> <span class='ocrx_word' id='word_1_682' title='bbox 1365 4453 1413 4509; x_wconf 84' lang='lat' dir='ltr'><strong>Die</strong></span> <span class='ocrx_word' id='word_1_683' title='bbox 1434 4450 1566 4525; x_wconf 87' lang='lat' dir='ltr'><strong>sequenti</strong></span> <span class='ocrx_word' id='word_1_684' title='bbox 1589 4451 1728 4523; x_wconf 81' lang='lat' dir='ltr'><strong>perrexit,</strong></span> <span class='ocrx_word' id='word_1_685' title='bbox 1748 4466 1840 4525; x_wconf 88' lang='lat' dir='ltr'><strong>quem·</strong></span> 
     </span>
     <span class='ocr_line' id='line_1_49' title="bbox 87 4539 1841 4615; baseline 0.001 -19"><span class='ocrx_word' id='word_1_686' title='bbox 87 4544 209 4599; x_wconf 84' lang='lat' dir='ltr'><strong>Ciuitate</strong></span> <span class='ocrx_word' id='word_1_687' title='bbox 223 4547 280 4610; x_wconf 82' lang='lat' dir='ltr'><strong>liet,</strong></span> <span class='ocrx_word' id='word_1_688' title='bbox 296 4545 342 4599; x_wconf 83' lang='lat' dir='ltr'><strong>ta.</strong></span> <span class='ocrx_word' id='word_1_689' title='bbox 359 4546 405 4612; x_wconf 76' lang='lat' dir='ltr'><strong>tt,</strong></span> <span class='ocrx_word' id='word_1_690' title='bbox 422 4559 483 4615; x_wconf 85' lang='lat' dir='ltr'><strong>cap.</strong></span> <span class='ocrx_word' id='word_1_691' title='bbox 499 4547 525 4614; x_wconf 93' lang='lat'><strong>8,</strong></span> <span class='ocrx_word' id='word_1_692' title='bbox 541 4561 567 4599; x_wconf 90' lang='lat' dir='ltr'><strong>n.</strong></span> <span class='ocrx_word' id='word_1_693' title='bbox 585 4544 640 4614; x_wconf 83' lang='lat' dir='ltr'><strong>m).</strong></span> <span class='ocrx_word' id='word_1_694' title='bbox 994 4543 1149 4600; x_wconf 90' lang='lat' dir='ltr'><strong>admodum</strong></span> <span class='ocrx_word' id='word_1_695' title='bbox 1164 4541 1259 4614; x_wconf 88' lang='lat' dir='ltr'><strong>pridie</strong></span> <span class='ocrx_word' id='word_1_696' title='bbox 1273 4541 1388 4609; x_wconf 89' lang='lat' dir='ltr'><strong>lecerat,</strong></span> <span class='ocrx_word' id='word_1_697' title='bbox 1403 4540 1560 4613; x_wconf 84' lang='lat' dir='ltr'><strong>inquirere,</strong></span> <span class='ocrx_word' id='word_1_698' title='bbox 1575 4539 1647 4612; x_wconf 91' lang='lat' dir='ltr'><strong>qnid</strong></span> <span class='ocrx_word' id='word_1_699' title='bbox 1666 4556 1763 4597; x_wconf 74' lang='lat' dir='ltr'><strong>eausa</strong></span> <span class='ocrx_word' id='word_1_700' title='bbox 1776 4541 1841 4597; x_wconf 82' lang='lat' dir='ltr'><strong>esset</strong></span> 
     </span>
     <span class='ocr_line' id='line_1_50' title="bbox 121 4627 1842 4704; baseline -0.002 -20"><span class='ocrx_word' id='word_1_701' title='bbox 121 4635 148 4684; x_wconf 82' lang='lat'><strong>7.</strong></span> <span class='ocrx_word' id='word_1_702' title='bbox 167 4631 249 4686; x_wconf 80' lang='lat' dir='ltr'><strong>l&#39;eria</strong></span> <span class='ocrx_word' id='word_1_703' title='bbox 264 4631 349 4687; x_wconf 89' lang='lat' dir='ltr'><strong>tertia</strong></span> <span class='ocrx_word' id='word_1_704' title='bbox 362 4636 427 4704; x_wconf 88' lang='lat' dir='ltr'><strong>post</strong></span> <span class='ocrx_word' id='word_1_705' title='bbox 441 4633 547 4688; x_wconf 87' lang='lat' dir='ltr'><strong>Pascha</strong></span> <span class='ocrx_word' id='word_1_706' title='bbox 565 4647 719 4688; x_wconf 90' lang='lat' dir='ltr'><strong>conscensa</strong></span> <span class='ocrx_word' id='word_1_707' title='bbox 734 4633 846 4697; x_wconf 86' lang='lat' dir='ltr'><strong>exedra,</strong></span> <span class='ocrx_word' id='word_1_708' title='bbox 863 4635 939 4692; x_wconf 91' lang='lat' dir='ltr'><strong>uude</strong></span> <span class='ocrx_word' id='word_1_709' title='bbox 993 4649 1044 4688; x_wconf 92' lang='lat' dir='ltr'><strong>cur</strong></span> <span class='ocrx_word' id='word_1_710' title='bbox 1063 4633 1136 4687; x_wconf 86' lang='lat' dir='ltr'><strong>Dens</strong></span> <span class='ocrx_word' id='word_1_711' title='bbox 1157 4631 1210 4686; x_wconf 92' lang='lat' dir='ltr'><strong>hoc</strong></span> <span class='ocrx_word' id='word_1_712' title='bbox 1231 4630 1402 4686; x_wconf 89' lang='lat' dir='ltr'><strong>miraculum</strong></span> <span class='ocrx_word' id='word_1_713' title='bbox 1422 4628 1554 4700; x_wconf 85' lang='lat' dir='ltr'><strong>Hippone</strong></span> <span class='ocrx_word' id='word_1_714' title='bbox 1575 4627 1674 4700; x_wconf 90' lang='lat' dir='ltr'><strong>potius</strong></span> <span class='ocrx_word' id='word_1_715' title='bbox 1692 4644 1783 4701; x_wconf 87' lang='lat' dir='ltr'><strong>qnam</strong></span> <span class='ocrx_word' id='word_1_716' title='bbox 1801 4629 1842 4684; x_wconf 87' lang='lat' dir='ltr'><strong>aut</strong></span> 
     </span>
     <span class='ocr_line' id='line_1_51' title="bbox 87 4718 1840 4794; baseline -0.001 -21"><span class='ocrx_word' id='word_1_717' title='bbox 87 4718 201 4792; x_wconf 88' lang='lat' dir='ltr'><strong>plebem</strong></span> <span class='ocrx_word' id='word_1_718' title='bbox 211 4734 291 4774; x_wconf 90' lang='lat' dir='ltr'><strong>snam</strong></span> <span class='ocrx_word' id='word_1_719' title='bbox 302 4720 509 4793; x_wconf 89' lang='lat' dir='ltr'><strong>alloquebatur,</strong></span> <span class='ocrx_word' id='word_1_720' title='bbox 519 4722 762 4794; x_wconf 84' lang='lat' dir='ltr'><strong>Paulumquoqne</strong></span> <span class='ocrx_word' id='word_1_721' title='bbox 772 4737 937 4778; x_wconf 88' lang='lat' dir='ltr'><strong>acsororcm</strong></span> <span class='ocrx_word' id='word_1_722' title='bbox 993 4725 1117 4777; x_wconf 76' lang='lat' dir='ltr'><strong>Anconae</strong></span> <span class='ocrx_word' id='word_1_723' title='bbox 1130 4724 1179 4775; x_wconf 90' lang='lat' dir='ltr'><strong>aut</strong></span> <span class='ocrx_word' id='word_1_724' title='bbox 1188 4719 1265 4775; x_wconf 90' lang='lat' dir='ltr'><strong>Uzali</strong></span> <span class='ocrx_word' id='word_1_725' title='bbox 1275 4720 1518 4775; x_wconf 82' lang='lat' dir='ltr'><strong>iaetumvoluerat</strong></span> <span class='ocrx_word' id='word_1_726' title='bbox 1528 4719 1625 4788; x_wconf 76' lang='lat' dir='ltr'><strong>(serm</strong></span> <span class='ocrx_word' id='word_1_727' title='bbox 1643 4718 1717 4790; x_wconf 71' lang='lat'><strong>³24).</strong></span> <span class='ocrx_word' id='word_1_728' title='bbox 1728 4719 1840 4773; x_wconf 80' lang='lat' dir='ltr'><strong>Verum·</strong></span> 
     </span>
     <span class='ocr_line' id='line_1_52' title="bbox 87 4804 1842 4885; baseline -0.003 -21"><span class='ocrx_word' id='word_1_729' title='bbox 87 4808 150 4880; x_wconf 89' lang='lat' dir='ltr'><strong>ejus</strong></span> <span class='ocrx_word' id='word_1_730' title='bbox 173 4807 341 4878; x_wconf 88' lang='lat' dir='ltr'><strong>Palladiam,</strong></span> <span class='ocrx_word' id='word_1_731' title='bbox 364 4826 429 4882; x_wconf 83' lang='lat' dir='ltr'><strong>quae</strong></span> <span class='ocrx_word' id='word_1_732' title='bbox 450 4812 574 4867; x_wconf 90' lang='lat' dir='ltr'><strong>necdum</strong></span> <span class='ocrx_word' id='word_1_733' title='bbox 610 4810 760 4869; x_wconf 87' lang='lat' dir='ltr'><strong>sanitatem</strong></span> <span class='ocrx_word' id='word_1_734' title='bbox 783 4817 939 4885; x_wconf 87' lang='lat' dir='ltr'><strong>receperat,</strong></span> <span class='ocrx_word' id='word_1_735' title='bbox 993 4817 1089 4867; x_wconf 90' lang='lat' dir='ltr'><strong>tamen</strong></span> <span class='ocrx_word' id='word_1_736' title='bbox 1115 4811 1193 4881; x_wconf 88' lang='lat' dir='ltr'><strong>quod</strong></span> <span class='ocrx_word' id='word_1_737' title='bbox 1218 4826 1252 4864; x_wconf 90' lang='lat' dir='ltr'><strong>ex</strong></span> <span class='ocrx_word' id='word_1_738' title='bbox 1280 4809 1382 4865; x_wconf 91' lang='lat' dir='ltr'><strong>eodem</strong></span> <span class='ocrx_word' id='word_1_739' title='bbox 1410 4823 1542 4864; x_wconf 88' lang='lat' dir='ltr'><strong>sermone</strong></span> <span class='ocrx_word' id='word_1_740' title='bbox 1566 4811 1706 4878; x_wconf 87' lang='lat' dir='ltr'><strong>superest,</strong></span> <span class='ocrx_word' id='word_1_741' title='bbox 1727 4804 1842 4877; x_wconf 83' lang='lat' dir='ltr'><strong>insignis</strong></span> 
     </span>
     <span class='ocr_line' id='line_1_53' title="bbox 87 4895 1842 4974; baseline -0.002 -21"><span class='ocrx_word' id='word_1_742' title='bbox 87 4897 217 4971; x_wconf 85' lang='lat' dir='ltr'><strong>ejusdem</strong></span> <span class='ocrx_word' id='word_1_743' title='bbox 231 4898 356 4969; x_wconf 87' lang='lat' dir='ltr'><strong>suggesti</strong></span> <span class='ocrx_word' id='word_1_744' title='bbox 372 4899 485 4969; x_wconf 81' lang='lat' dir='ltr'><strong>gradus,</strong></span> <span class='ocrx_word' id='word_1_745' title='bbox 502 4900 591 4973; x_wconf 87' lang='lat' dir='ltr'><strong>petito</strong></span> <span class='ocrx_word' id='word_1_746' title='bbox 613 4901 694 4973; x_wconf 91' lang='lat' dir='ltr'><strong>prius</strong></span> <span class='ocrx_word' id='word_1_747' title='bbox 713 4901 835 4974; x_wconf 90' lang='lat' dir='ltr'><strong>quodam</strong></span> <span class='ocrx_word' id='word_1_748' title='bbox 854 4903 940 4958; x_wconf 90' lang='lat' dir='ltr'><strong>modo</strong></span> <span class='ocrx_word' id='word_1_749' title='bbox 993 4898 1123 4957; x_wconf 90' lang='lat' dir='ltr'><strong>miraculi</strong></span> <span class='ocrx_word' id='word_1_750' title='bbox 1134 4899 1217 4956; x_wconf 87' lang='lat' dir='ltr'><strong>Uzale</strong></span> <span class='ocrx_word' id='word_1_751' title='bbox 1226 4899 1256 4954; x_wconf 92' lang='lat' dir='ltr'><strong>in</strong></span> <span class='ocrx_word' id='word_1_752' title='bbox 1266 4898 1406 4953; x_wconf 81' lang='lat' dir='ltr'><strong>infantulo</strong></span> <span class='ocrx_word' id='word_1_753' title='bbox 1417 4901 1482 4953; x_wconf 88' lang='lat' dir='ltr'><strong>ante</strong></span> <span class='ocrx_word' id='word_1_754' title='bbox 1496 4899 1661 4968; x_wconf 90' lang='lat' dir='ltr'><strong>susceptum</strong></span> <span class='ocrx_word' id='word_1_755' title='bbox 1672 4895 1842 4969; x_wconf 77' lang='lat' dir='ltr'><strong>baptismum</strong></span> 
     </span>
     <span class='ocr_line' id='line_1_54' title="bbox 87 4983 1843 5061; baseline -0.003 -18"><span class='ocrx_word' id='word_1_756' title='bbox 87 4986 188 5061; x_wconf 91' lang='lat' dir='ltr'><strong>populi</strong></span> <span class='ocrx_word' id='word_1_757' title='bbox 210 4986 366 5052; x_wconf 87' lang='lat' dir='ltr'><strong>voluntate,</strong></span> <span class='ocrx_word' id='word_1_758' title='bbox 380 4987 466 5058; x_wconf 87' lang='lat' dir='ltr'><strong>jussit</strong></span> <span class='ocrx_word' id='word_1_759' title='bbox 480 4990 683 5058; x_wconf 89' lang='lat' dir='ltr'><strong>conscendere,</strong></span> <span class='ocrx_word' id='word_1_760' title='bbox 697 4994 730 5045; x_wconf 93' lang='lat' dir='ltr'><strong>ut</strong></span> <span class='ocrx_word' id='word_1_761' title='bbox 746 4990 877 5046; x_wconf 91' lang='lat' dir='ltr'><strong>omnium</strong></span> <span class='ocrx_word' id='word_1_762' title='bbox 892 4992 940 5047; x_wconf 93' lang='lat' dir='ltr'><strong>ob·</strong></span> <span class='ocrx_word' id='word_1_763' title='bbox 993 4989 1132 5046; x_wconf 89' lang='lat' dir='ltr'><strong>exstincto</strong></span> <span class='ocrx_word' id='word_1_764' title='bbox 1145 4989 1211 5044; x_wconf 87' lang='lat' dir='ltr'><strong>iacti</strong></span> <span class='ocrx_word' id='word_1_765' title='bbox 1226 4987 1317 5044; x_wconf 89' lang='lat' dir='ltr'><strong>solam</strong></span> <span class='ocrx_word' id='word_1_766' title='bbox 1332 4987 1501 5042; x_wconf 88' lang='lat' dir='ltr'><strong>relationem</strong></span> <span class='ocrx_word' id='word_1_767' title='bbox 1517 4984 1655 5040; x_wconf 88' lang='lat' dir='ltr'><strong>continet.</strong></span> <span class='ocrx_word' id='word_1_768' title='bbox 1673 4984 1754 5041; x_wconf 89' lang='lat' dir='ltr'><strong>Unde</strong></span> <span class='ocrx_word' id='word_1_769' title='bbox 1764 4983 1843 5056; x_wconf 87' lang='lat' dir='ltr'><strong>conji-</strong></span> 
     </span>
     <span class='ocr_line' id='line_1_55' title="bbox 86 5072 1843 5148; baseline -0.003 -15"><span class='ocrx_word' id='word_1_770' title='bbox 86 5077 195 5133; x_wconf 88' lang='lat' dir='ltr'><strong>tutibns</strong></span> <span class='ocrx_word' id='word_1_771' title='bbox 218 5073 461 5148; x_wconf 86' lang='lat' dir='ltr'><strong>permitterentur.</strong></span> <span class='ocrx_word' id='word_1_772' title='bbox 485 5079 654 5148; x_wconf 86' lang='lat' dir='ltr'><strong>intuebatur,</strong></span> <span class='ocrx_word' id='word_1_773' title='bbox 678 5078 717 5134; x_wconf 91' lang='lat' dir='ltr'><strong>ait</strong></span> <span class='ocrx_word' id='word_1_774' title='bbox 743 5079 792 5134; x_wconf 91' lang='lat' dir='ltr'><strong>Vir</strong></span> <span class='ocrx_word' id='word_1_775' title='bbox 814 5085 938 5147; x_wconf 87' lang='lat' dir='ltr'><strong>sanctus,</strong></span> <span class='ocrx_word' id='word_1_776' title='bbox 993 5080 1052 5134; x_wconf 89' lang='lat' dir='ltr'><strong>cias</strong></span> <span class='ocrx_word' id='word_1_777' title='bbox 1066 5079 1199 5135; x_wconf 88' lang='lat' dir='ltr'><strong>eumdem</strong></span> <span class='ocrx_word' id='word_1_778' title='bbox 1215 5093 1376 5133; x_wconf 91' lang='lat' dir='ltr'><strong>sermonem</strong></span> <span class='ocrx_word' id='word_1_779' title='bbox 1390 5077 1424 5131; x_wconf 90' lang='lat' dir='ltr'><strong>ad</strong></span> <span class='ocrx_word' id='word_1_780' title='bbox 1440 5079 1568 5131; x_wconf 88' lang='lat' dir='ltr'><strong>nostram</strong></span> <span class='ocrx_word' id='word_1_781' title='bbox 1585 5073 1759 5130; x_wconf 86' lang='lat' dir='ltr'><strong>memoriam</strong></span> <span class='ocrx_word' id='word_1_782' title='bbox 1773 5072 1843 5129; x_wconf 84' lang='lat' dir='ltr'><strong>inte·</strong></span> 
     </span>
     <span class='ocr_line' id='line_1_56' title="bbox 86 5166 1347 5240; baseline 0.002 -20"><span class='ocrx_word' id='word_1_783' title='bbox 86 5167 202 5237; x_wconf 85' lang='lat' dir='ltr'><strong>populus</strong></span> <span class='ocrx_word' id='word_1_784' title='bbox 217 5167 359 5221; x_wconf 78' lang='lat' dir='ltr'><strong>uniumsus</strong></span> <span class='ocrx_word' id='word_1_785' title='bbox 382 5179 462 5220; x_wconf 84' lang='lat' dir='ltr'><strong>senus</strong></span> <span class='ocrx_word' id='word_1_786' title='bbox 481 5170 633 5238; x_wconf 87' lang='lat' dir='ltr'><strong>utriusque,</strong></span> <span class='ocrx_word' id='word_1_787' title='bbox 647 5183 730 5223; x_wconf 88' lang='lat' dir='ltr'><strong>unum</strong></span> <span class='ocrx_word' id='word_1_788' title='bbox 751 5173 866 5224; x_wconf 89' lang='lat' dir='ltr'><strong>stantem</strong></span> <span class='ocrx_word' id='word_1_789' title='bbox 881 5171 940 5225; x_wconf 87' lang='lat' dir='ltr'><strong>sine</strong></span> <span class='ocrx_word' id='word_1_790' title='bbox 994 5185 1077 5240; x_wconf 90' lang='lat' dir='ltr'><strong>grum</strong></span> <span class='ocrx_word' id='word_1_791' title='bbox 1099 5183 1157 5223; x_wconf 91' lang='lat' dir='ltr'><strong>non</strong></span> <span class='ocrx_word' id='word_1_792' title='bbox 1171 5166 1347 5239; x_wconf 83' lang='lat' dir='ltr'><strong>pervenisse.</strong></span> 
     </span>
     <span class='ocr_line' id='line_1_57' title="bbox 87 5248 1844 5327; baseline -0.005 -16"><span class='ocrx_word' id='word_1_793' title='bbox 87 5256 206 5323; x_wconf 57' lang='lat' dir='ltr'><strong>melarini</strong></span> <span class='ocrx_word' id='word_1_794' title='bbox 219 5260 302 5323; x_wconf 91' lang='lat' dir='ltr'><strong>motu,</strong></span> <span class='ocrx_word' id='word_1_795' title='bbox 316 5255 431 5309; x_wconf 88' lang='lat' dir='ltr'><strong>alteram</strong></span> <span class='ocrx_word' id='word_1_796' title='bbox 445 5256 570 5311; x_wconf 75' lang='lat' dir='ltr'><strong>manmit</strong></span> <span class='ocrx_word' id='word_1_797' title='bbox 588 5257 711 5314; x_wconf 85' lang='lat' dir='ltr'><strong>omnibus</strong></span> <span class='ocrx_word' id='word_1_798' title='bbox 726 5261 937 5314; x_wconf 85' lang='lat' dir='ltr'><strong>contrementem.</strong></span> <span class='ocrx_word' id='word_1_799' title='bbox 1028 5259 1054 5312; x_wconf 92' lang='lat'><strong>8.</strong></span> <span class='ocrx_word' id='word_1_800' title='bbox 1073 5259 1131 5312; x_wconf 92' lang='lat' dir='ltr'><strong>lloe</strong></span> <span class='ocrx_word' id='word_1_801' title='bbox 1145 5257 1208 5327; x_wconf 89' lang='lat' dir='ltr'><strong>ipso</strong></span> <span class='ocrx_word' id='word_1_802' title='bbox 1223 5271 1298 5311; x_wconf 91' lang='lat' dir='ltr'><strong>anno</strong></span> <span class='ocrx_word' id='word_1_803' title='bbox 1308 5252 1426 5310; x_wconf 80' lang='lat' dir='ltr'><strong>forsitan</strong></span> <span class='ocrx_word' id='word_1_804' title='bbox 1439 5249 1627 5323; x_wconf 88' lang='lat' dir='ltr'><strong>Augustinus,</strong></span> <span class='ocrx_word' id='word_1_805' title='bbox 1637 5265 1704 5305; x_wconf 91' lang='lat' dir='ltr'><strong>cnm</strong></span> <span class='ocrx_word' id='word_1_806' title='bbox 1716 5248 1844 5322; x_wconf 89' lang='lat' dir='ltr'><strong>aliquan·</strong></span> 
     </span>
     <span class='ocr_line' id='line_1_58' title="bbox 90 5339 1846 5417; baseline -0.003 -19"><span class='ocrx_word' id='word_1_807' title='bbox 90 5346 121 5398; x_wconf 83' lang='lat' dir='ltr'><strong>at</strong></span> <span class='ocrx_word' id='word_1_808' title='bbox 136 5344 574 5416; x_wconf 85' lang='lat' dir='ltr'><strong>quiipsumnonuidorunt,quid</strong></span> <span class='ocrx_word' id='word_1_809' title='bbox 589 5348 618 5401; x_wconf 90' lang='lat' dir='ltr'><strong>iu</strong></span> <span class='ocrx_word' id='word_1_810' title='bbox 633 5347 776 5403; x_wconf 78' lang='lat' dir='ltr'><strong>radiatim</strong></span> <span class='ocrx_word' id='word_1_811' title='bbox 791 5349 940 5403; x_wconf 86' lang='lat' dir='ltr'><strong>misericor·</strong></span> <span class='ocrx_word' id='word_1_812' title='bbox 993 5345 1043 5400; x_wconf 91' lang='lat' dir='ltr'><strong>din</strong></span> <span class='ocrx_word' id='word_1_813' title='bbox 1064 5346 1182 5412; x_wconf 89' lang='lat' dir='ltr'><strong>Gallam,</strong></span> <span class='ocrx_word' id='word_1_814' title='bbox 1199 5361 1264 5417; x_wconf 78' lang='lat' dir='ltr'><strong>qnae</strong></span> <span class='ocrx_word' id='word_1_815' title='bbox 1283 5343 1448 5398; x_wconf 86' lang='lat' dir='ltr'><strong>viduitatem</strong></span> <span class='ocrx_word' id='word_1_816' title='bbox 1469 5344 1530 5396; x_wconf 90' lang='lat' dir='ltr'><strong>erat</strong></span> <span class='ocrx_word' id='word_1_817' title='bbox 1550 5339 1689 5412; x_wconf 86' lang='lat' dir='ltr'><strong>professa,</strong></span> <span class='ocrx_word' id='word_1_818' title='bbox 1709 5343 1741 5395; x_wconf 90' lang='lat' dir='ltr'><strong>et</strong></span> <span class='ocrx_word' id='word_1_819' title='bbox 1760 5339 1846 5396; x_wconf 85' lang='lat' dir='ltr'><strong>liliam</strong></span> 
     </span>
     <span class='ocr_line' id='line_1_59' title="bbox 87 5427 1846 5506; baseline -0.002 -20"><span class='ocrx_word' id='word_1_820' title='bbox 87 5432 138 5486; x_wconf 74' lang='lat' dir='ltr'><strong>dm</strong></span> <span class='ocrx_word' id='word_1_821' title='bbox 160 5437 264 5500; x_wconf 75' lang='lat' dir='ltr'><strong>sactum</strong></span> <span class='ocrx_word' id='word_1_822' title='bbox 287 5437 364 5498; x_wconf 88' lang='lat' dir='ltr'><strong>esset,</strong></span> <span class='ocrx_word' id='word_1_823' title='bbox 381 5437 410 5489; x_wconf 82' lang='lat' dir='ltr'><strong>iu.</strong></span> <span class='ocrx_word' id='word_1_824' title='bbox 434 5435 492 5504; x_wconf 67' lang='lat' dir='ltr'><strong>equs</strong></span> <span class='ocrx_word' id='word_1_825' title='bbox 516 5450 606 5490; x_wconf 87' lang='lat' dir='ltr'><strong>sorore</strong></span> <span class='ocrx_word' id='word_1_826' title='bbox 626 5439 778 5492; x_wconf 75' lang='lat' dir='ltr'><strong>conabant.</strong></span> <span class='ocrx_word' id='word_1_827' title='bbox 804 5436 939 5491; x_wconf 85' lang='lat' dir='ltr'><strong>Videbunt</strong></span> <span class='ocrx_word' id='word_1_828' title='bbox 993 5435 1055 5505; x_wconf 87' lang='lat' dir='ltr'><strong>ejus</strong></span> <span class='ocrx_word' id='word_1_829' title='bbox 1071 5433 1277 5506; x_wconf 87' lang='lat' dir='ltr'><strong>Simpliciolam</strong></span> <span class='ocrx_word' id='word_1_830' title='bbox 1291 5449 1356 5505; x_wconf 88' lang='lat' dir='ltr'><strong>quoe</strong></span> <span class='ocrx_word' id='word_1_831' title='bbox 1372 5431 1483 5488; x_wconf 87' lang='lat' dir='ltr'><strong>Christo</strong></span> <span class='ocrx_word' id='word_1_832' title='bbox 1495 5427 1689 5500; x_wconf 86' lang='lat' dir='ltr'><strong>virginitatem</strong></span> <span class='ocrx_word' id='word_1_833' title='bbox 1702 5445 1788 5485; x_wconf 88' lang='lat' dir='ltr'><strong>suam</strong></span> <span class='ocrx_word' id='word_1_834' title='bbox 1801 5444 1846 5483; x_wconf 78' lang='lat' dir='ltr'><strong>ro</strong></span> 
     </span>
     <span class='ocr_line' id='line_1_60' title="bbox 87 5517 1848 5595; baseline -0.002 -21"><span class='ocrx_word' id='word_1_835' title='bbox 87 5522 939 5595; x_wconf 85' lang='lat' dir='ltr'><strong>enimquidineoqrotulandum,quidproillaessetorandum</strong></span> <span class='ocrx_word' id='word_1_836' title='bbox 995 5529 1084 5588; x_wconf 81' lang='lat' dir='ltr'><strong>verat,</strong></span> <span class='ocrx_word' id='word_1_837' title='bbox 1099 5522 1186 5578; x_wconf 90' lang='lat' dir='ltr'><strong>divini</strong></span> <span class='ocrx_word' id='word_1_838' title='bbox 1205 5521 1311 5593; x_wconf 90' lang='lat' dir='ltr'><strong>eloquii</strong></span> <span class='ocrx_word' id='word_1_839' title='bbox 1330 5521 1392 5576; x_wconf 88' lang='lat' dir='ltr'><strong>cibo</strong></span> <span class='ocrx_word' id='word_1_840' title='bbox 1412 5519 1542 5592; x_wconf 84' lang='lat' dir='ltr'><strong>pavisset,</strong></span> <span class='ocrx_word' id='word_1_841' title='bbox 1559 5533 1607 5573; x_wconf 90' lang='lat' dir='ltr'><strong>eas</strong></span> <span class='ocrx_word' id='word_1_842' title='bbox 1627 5533 1642 5572; x_wconf 89' lang='lat' dir='ltr'><strong>a</strong></span> <span class='ocrx_word' id='word_1_843' title='bbox 1667 5533 1697 5573; x_wconf 86' lang='lat' dir='ltr'><strong>se</strong></span> <span class='ocrx_word' id='word_1_844' title='bbox 1716 5517 1848 5573; x_wconf 75' lang='lat' dir='ltr'><strong>dinnissss</strong></span> 
     </span>
    </p>
   </div>
   <div class='ocr_carea' id='block_1_3' title="bbox 0 0 1946 6112">
    <p class='ocr_par' dir='ltr' id='par_1_3' title="bbox 0 0 1946 6112">
     <span class='ocr_line' id='line_1_61' title="bbox 0 0 1946 6112; baseline 0 0"><span class='ocrx_word' id='word_1_845' title='bbox 0 0 1946 6112; x_wconf 95' lang='lat' dir='ltr'><strong> </strong></span> 
     </span>
    </p>
   </div>
  </div>
 </body>
</html>
