3884 6112
88 184 141 237 neti
687 170 958 228 CONFESb‘iONde
987 170 1014 224 S.
1048 167 1251 225 sudbsrln'l.
1800 170 1843 219 tritt

86 315 169 358 sanus
184 303 274 369 factus
288 314 329 367 εις
345 299 403 370 iam
416 299 657 368 milmandram
670 293 738 365 quid
751 292 802 349 tibi
821 293 939 348 dammas
993 292 1178 350 charissimus
1204 307 1287 349 mens
1319 291 1482 358 nuncius,
1502 292 1673 349 adolescens
1695 290 1780 347 valde
1801 290 1843 347 ba

86 393 227 457 contineat
241 390 330 461 (Joan.
347 406 373 456 v,
391 389 445 458 rt).
463 387 555 452 Quam
568 389 657 440 totam
681 383 724 437 illi
739 381 938 437 salubritatem
993 399 1048 439 nus
1062 387 1092 439 et
1102 381 1184 438 valde
1204 386 1313 450 cautus,
1328 384 1336 420 ¹
1352 380 1476 439 irridens
1490 385 1586 437 totum
1609 380 1682 437 illud
1699 379 1843 436 &vinetia

86 480 246 535 interlicere
271 482 420 544 certantur,
443 492 508 530 cum
531 474 641 529 dicunt:
671 472 710 526 lle
725 472 796 526 coelo
820 469 874 525 tibi
896 475 940 526 est
995 473 1040 528 nis
1054 489 1156 546 geum,
1171 473 1344 544 persuadere
1357 472 1428 528 mihi
1442 476 1603 544 potuerunt
1621 474 1654 526 ut
1667 471 1736 526 lraec
1753 468 1844 541 abjice

87 567 258 624 inevitabilis
271 583 356 622 causa
370 564 519 638 peccandi;
540 566 580 631 et,
604 562 699 616 Venus
713 561 767 615 boc
791 559 868 628 fecit,
890 562 941 614 eut
994 578 1072 618 rem:
1092 562 1229 634 qnoniam
1249 578 1294 618 me
1316 562 1438 633 amplius
1462 561 1594 634 ipsorum
1620 563 1775 616 auctorum
1794 574 1844 613 mo

89 659 237 723 Saturnus,
253 660 302 711 aut
320 656 402 710 ldars.
423 651 544 717 Scilicet,
559 656 592 705 nt
608 650 695 704 hamo
708 649 869 720 sineculpa
893 647 939 718 sit,
994 652 1259 720 vebatauctaritas3
1273 657 1302 709 et
1315 653 1427 708 nullum
1451 656 1563 708 certum
1582 651 1668 723 quale
1683 647 1843 722 quaerebam

89 763 154 802 caro
169 751 198 801 et
211 743 363 817 sanguinet
377 740 500 813 superba
520 738 656 811 putred03
672 737 832 809 culpandus
847 736 939 793 sitau·
996 741 1200 797 documentum
1212 741 1303 796 adhinc
1313 739 1631 813 5:1vsncram,qu0mihi
1640 736 1845 809 siucambigui·

89 841 145 891 tem
162 834 225 890 coeli
239 850 271 888 ac
281 832 406 887 siderum
421 833 531 885 creator
543 831 572 883 et
587 826 746 882 ordinator.
764 828 796 883 Et
811 826 876 898 quis
899 830 941 881 est
994 835 1053 887 tate
1076 835 1238 903 appareret,
1254 831 1364 902 quae-ab
1379 829 1419 885 cis
1433 829 1571 885 consultis
1591 844 1659 884 vera
1677 827 1842 893 dicerentur,

89 924 146 983 hic.
162 923 217 977 nisi
232 922 306 1002 Deus
320 924 426 984 noster,
443 917 566 972 suavitas
583 920 612 972 et
631 915 711 987 origo
731 915 864 987 justitiae,
889 914 941 986 qui
996 921 1068 977 forte
1088 920 1131 976 vet
1143 924 1229 987 sorte,
1247 936 1306 975 non
1325 922 1385 973 arte
1407 917 1603 989 inspectorum
1627 915 1761 971 siderum
1785 913 1842 969 dici.

88 1011 184 1067 reddis
207 1009 362 1081 unicuique
388 1006 545 1063 secundum
566 1020 654 1077 opera
678 1004 740 1075 ejus
764 1003 862 1075 (dlatlv.
882 1019 940 1072 xvv,
1335 1008 1448 1065 CAPUT
1464 1008 1510 1062 lv,

89 1100 145 1171 27),
167 1103 196 1154 et
214 1115 262 1153 car
280 1097 436 1153 contritum
457 1099 486 1151 et
508 1094 695 1150 humiliatum
719 1110 778 1150 nau
808 1093 942 1165 spernisf
996 1099 1117 1154 Morbum
1131 1105 1157 1154 et
1171 1097 1427 1167 baptismumamici
1442 1099 1554 1162 narrat,
1570 1111 1651 1166 quem
1665 1096 1751 1150 etiam
1759 1099 1812 1152 sais

92 1188 176 1260 (Psal.
192 1205 217 1250 a,
238 1187 288 1257 lit.)
1033 1187 1169 1243 erroribus
1183 1187 1348 1253 involverat;
1366 1198 1446 1254 eoque
1461 1189 1546 1240 morte
1559 1185 1680 1251 sublato,
1701 1185 1773 1240 dolet
1784 1200 1841 1253 ma·

125 1281 153 1332 5·
183 1278 250 1331 Erat
276 1291 310 1329 00
327 1277 456 1344 lemtim
482 1273 525 1327 vil
551 1287 638 1344 sagax
668 1271 713 1342 (α),
738 1270 856 1326 medic&
872 1268 943 1325 ariis
1032 1279 1151 1332 aissime.
1167 1275 1304 1331 Mirabilts
1319 1275 1443 1345 efficacia
1458 1275 1625 1330 sacramenti
1637 1275 1786 1343 Baptismi.

90 1363 291 1438 peritissimus,
307 1349 393 1434 atque
410 1361 441 1415 in
456 1377 490 1416 ea
503 1359 710 1426 nobilissimus,
726 1358 776 1430 qui
800 1374 852 1430 pra
875 1373 943 1413 con·
1032 1369 1060 1420 7.
1077 1367 1110 1420 ln
1123 1364 1180 1420 illis
1194 1365 1287 1431 annis,
1304 1379 1360 1436 qua
1381 1362 1509 1435 primum
1523 1367 1657 1435 tempore
1675 1363 1708 1417 in
1731 1363 1841 1418 munici-

93 1455 154 1509 sule
168 1449 277 1508 ¹manu
292 1466 344 1505 sua
357 1464 492 1504 caronam
506 1448 586 1503 illam
600 1446 789 1518 agonisticam
799 1446 944 1518 imposue-
999 1455 1047 1527 pio
1061 1470 1119 1526 quo
1140 1457 1224 1508 natus
1240 1469 1303 1508 sum
1318 1452 1419 1508 docere
1434 1468 1589 1524 coeperam,
1614 1467 1841 1524 comparaveram

92 1548 208 1598 r³t110¹1
230 1538 400 1610 ⁸²1¹1⁰⁰i²llsti
422 1555 497 1608 ffle⁰s
513 1537 562 1592 ³⁰d
576 1552 634 1591 ¹¹⁰⁰
650 1540 682 1590 ¹¹²
699 1535 841 1590 medissffi·
871 1535 943 1589 Nam
999 1552 1124 1607 amicum
1138 1550 1271 1606 socictate
1295 1549 1455 1605 studiorum
1468 1549 1554 1605 nimis
1576 1549 1711 1617 charum,
1726 1565 1838 1605 coaevnn

92 1629 170 1684 illius
184 1627 278 1682 morbi
291 1629 457 1689 insensior,
473 1624 523 1695 qui
541 1622 647 1677 resistis
661 1621 801 1692 superbis,
823 1620 944 1675 humili·
1000 1641 1072 1696 mihi
1087 1646 1116 1696 eq
1131 1641 1334 1696 conflorentem
1350 1640 1420 1694 pore
1435 1638 1646 1694 adolescenti&
1660 1639 1839 1711 mecummet

94 1719 147 1773 1³⁰⁵
162 1720 257 1772 &ulem
285 1712 599 1784 dasilffliiafflilpsssf·
619 1728 644 1776 V»
677 1711 715 1780 5)·
740 1710 883 1781 Numquid
908 1715 947 1765 ω’
1001 1733 1136 1797 creverat,
1152 1734 1181 1784 et
1195 1727 1492 1800 pariterinsehalam
1524 1727 1663 1795 ieramus,
1690 1728 1840 1800 pariterque

96 1823 163 1861 men
174 1805 261 1859 etiam
275 1819 327 1874 per
341 1802 424 1857 illum
443 1816 542 1856 senem
559 1799 674 1855 defuisti
691 1799 773 1866 mihi,
795 1805 847 1854 aut
863 1798 947 1854 desti·
1002 1822 1173 1875 luseramus·
1197 1817 1252 1873 Sed
1264 1817 1394 1872 nondum
1416 1819 1477 1871 emt
1488 1816 1529 1871 510
1542 1816 1662 1882 amicus,
1689 1832 1839 1890 quanqum

94 1894 154 1951 tisti
174 1890 283 1948 mederi
298 1891 401 1946 animae
415 1890 506 1946 meae‘l
526 1889 598 1954 Quia
613 1889 690 1943 enirn
704 1889 796 1943 faetus
815 1888 842 1942 ci
867 1903 947 1943 eram

95 1981 273 2050 familiarior,
284 1986 312 2036 et
326 1980 388 2051 ejus
403 1977 582 2034 sermonibus
603 1980 696 2046 (erant
709 1977 788 2032 enim
803 1977 864 2031 sine
884 1993 947 2032 ver-

96 2074 198 2128 borum
210 2071 289 2125 cultu
307 2068 455 2124 vivacitate
472 2066 679 2122 sententiarum
693 2065 813 2138 jucundi
832 2071 860 2121 et
882 2082 947 2138 gra-

95 2161 153 2230 ves)
173 2157 303 2213 assiduus
324 2160 353 2211 et
374 2156 447 2211 fixus
467 2154 658 2222 inhaerebam
682 2153 732 2209 ubi
757 2152 893 2225 cognovit
912 2170 948 2209 ex

96 2246 239 2319 colloquio
251 2260 315 2300 meo
330 2244 413 2299 libris
420 2243 667 2314 genethliacorum
679 2257 738 2296 esse
749 2257 795 2296 me
806 2240 946 2305 deditum,

97 2335 221 2406 benigue
236 2349 270 2388 ac
286 2338 406 2405 paterne
425 2331 537 2386 monuit
551 2335 583 2385 ut
598 2347 646 2385 eos
661 2330 827 2401 abjicerem,
854 2342 949 2400 neque

97 2439 196 2479 curam
210 2426 238 2477 et
247 2437 363 2494 operam
376 2421 461 2475 rebus
475 2418 595 2474 utililrus
604 2418 804 2484 necessariam,
815 2417 948 2474 illivani·

98 2512 151 2569 tati
165 2509 492 2582 frustraimpenderem:
509 2508 604 2562 dicens
614 2507 654 2562 ita
669 2524 698 2562 se
713 2507 792 2563 illam
803 2506 947 2574 didicisse,

100 2606 131 2655 ut
145 2600 207 2672 ejus
221 2598 426 2671 professionem
440 2596 541 2669 primis
555 2595 638 2650 annis
653 2595 743 2650 atatis
757 2611 816 2651 suae
839 2594 949 2650 deferre

98 2689 245 2756 voluisset,
261 2704 318 2760 qua
331 2687 418 2742 vitam
433 2685 565 2758 degeret3
585 2690 614 2741 et
637 2684 661 2740 si
679 2685 882 2756 Hippocratem
903 2684 949 2738 in·

98 2778 261 2844 tcllexisset,
288 2781 317 2832 et
340 2775 404 2830 illas
427 2774 527 2846 utique
550 2774 659 2829 litteras
682 2773 808 2845 potuisse
842 2771 950 2829 intelli-

99 2882 167 2940 gere
181 2869 209 2920 ¹:
225 2870 255 2920 et
281 2870 378 2920 tamen
389 2879 446 2918 nan
459 2863 496 2917 ab
508 2862 594 2916 aliam
609 2878 723 2916 causam
736 2877 766 2916 se
780 2866 890 2932 pastea,
915 2860 950 2915 il·

99 2956 133 3011 lis
148 2955 253 3011 relictis
268 2953 441 3009 medicinam
457 2956 630 3017 assecutum,
641 2950 698 3005 uisi
712 2950 788 3021 quad
803 2947 952 3004 easfalsis-

99 3045 186 3100 simas
209 3042 403 3114 comperisset,
430 3045 458 3096 ct
481 3041 572 3095 nollet
591 3039 634 3094 vir
658 3039 751 3111 gravis
772 3037 947 3110 decipiendis

99 3131 266 3189 hominibus
277 3131 384 3185 victum
395 3144 534 3202 quaerere.
550 3129 588 3183 At
599 3133 638 3196 ut,
650 3127 755 3199 inquit,
769 3142 822 3195 quo
831 3130 855 3181 te
865 3129 895 3180 ia
903 3127 951 3180 lra-

98 3221 216 3276 miaibns
231 3223 365 3275 sustentas
375 3216 398 3285 ⁵,
408 3218 571 3272 rhetoricam
586 3221 673 3281 turem
686 3217 756 3270 lane
771 3216 952 3282 antcmfalla·

101 3313 171 3365 ciam
184 3309 266 3364 libera
279 3306 379 3371 studia,
388 3321 441 3361 aon
451 3307 606 3361 necessitate
615 3306 657 3359 rei
663 3305 814 3373 familiaris
829 3307 951 3374 sectaris,

101 3414 153 3468 qun
165 3400 252 3467 napis
266 3398 335 3452 milvi
349 3402 374 3451 te
387 3400 491 3467 aportat
506 3395 603 3449 dritta
617 3394 734 3460 eredere,
760 3396 809 3463 qni
822 3410 881 3449 eam
897 3399 953 3450 tam

98 3490 217 3560 perfecte
231 3486 330 3543 discere
346 3485 494 3552 abbaram,
510 3499 635 3555 quamen
645 3499 676 3540 ca
690 3484 748 3538 sata
760 3484 850 3538 uicem
867 3484 951 3538 ualui.

99 3579 123 3631 A
138 3593 195 3650 quo
211 3591 265 3648 ego
280 3592 344 3631 curn
360 3575 525 3648 quaesissem
541 3588 605 3645 quae
620 3587 706 3627 cause
719 3587 788 3644 ergo
801 3572 908 3627 faceret
921 3575 954 3627 ut

100 3666 189 3721 multa
216 3665 282 3720 inde
297 3681 363 3720 vera
377 3663 650 3737 pronuntiarentur;
671 3661 817 3733 respondit
834 3660 892 3729 illc,
922 3663 955 3715 ut

99 3752 204 3823 potuit,
218 3752 275 3806 vim
288 3752 370 3806 sartis
385 3752 438 3806 hac
456 3751 549 3806 faeere
564 3750 595 3803 in
611 3765 707 3804 rerum
721 3753 824 3803 natura
839 3764 947 3820 usque·

101 3855 216 3913 quaque
232 3839 375 3894 diffusam.
391 3839 419 3893 Si
439 3839 518 3893 enim
537 3838 573 3892 de
588 3837 702 3908 paginis
716 3835 728 3872 ⁸
743 3841 834 3908 poetae
855 3836 953 3907 cujus·

101 3927 180 3998 piam
205 3927 289 3996 lange
307 3926 385 3980 aliud
415 3925 543 3980 canentis
570 3929 656 3995 atque
682 3924 867 3991 intendentis,
887 3940 953 3980 cum

101 4015 173 4070 farte
183 4013 248 4085 quis
263 4013 397 4080 consulit,
408 4013 580 4069 mirabiliter
594 4027 735 4066 consonus
749 4013 861 4083 negotia
877 4029 953 4085 saepe

101 4119 199 4158 versus
225 4102 329 4170 exiret3
355 4100 521 4157 mirandum
551 4116 611 4156 uon
632 4116 694 4155 esse
722 4099 844 4169 dicebat,
874 4101 898 4156 si
920 4118 956 4158 ex

100 4192 196 4247 anima
207 4192 345 4258 humana,
361 4190 508 4263 superiore
522 4190 618 4261 aliqua
643 4189 790 4251 instinctu,
810 4189 955 4245 nesciente

100 4281 170 4355 quid
192 4281 224 4336 in
238 4296 267 4335 se
282 4282 374 4351 lieret,
394 4296 452 4335 nnn
467 4286 528 4334 arte
545 4279 594 4333 sed
609 4284 685 4335 sorte
712 4284 828 4335 sonaret
844 4279 953 4352 aliquid

101 4371 180 4443 quod
199 4368 404 4441 interrogantis
418 4369 504 4424 rebus
517 4368 658 4440 factisque
672 4368 846 4424 concineret.

137 4464 163 4516 6.
179 4461 212 4516 lit
229 4461 284 4515 hoc
298 4459 414 4532 quidem
429 4457 464 4513 ab
483 4457 534 4513 illo
548 4457 592 4511 vel
611 4472 665 4527 per
687 4456 771 4512 illurn
795 4458 955 4529 procurasti

102 4548 185 4604 mihi.
201 4551 234 4604 Et
256 4549 325 4622 quid
338 4548 399 4621 ipse
413 4553 511 4620 pastea
526 4562 579 4619 per
597 4561 643 4600 me
663 4545 760 4617 ipsum
783 4562 952 4618 quaterem,

103 4637 134 4692 in
149 4638 289 4693 memoria
301 4653 366 4693 mea
380 4636 541 4693 delineasti.
557 4637 635 4691 Tunc
646 4639 742 4690 autem
752 4650 805 4690 nec
819 4635 892 4706 ipse,
901 4652 955 4692 nec

90 4836 96 4846 ⁸
137 4861 144 4893 ¹
164 4858 348 4915 pronaeae.
357 4860 434 4923 juxte
442 4859 484 4908 Er.
495 4858 577 4923 Lugd.
590 4859 654 4911 Veu.
668 4859 955 4913 Benedictrroccmut

104 4931 209 4973 emano
222 4932 280 4981 sun,
292 4921 369 4983 juxta
380 4923 443 4971 ch.
455 4922 487 4970 ll.

136 4984 147 5019 ¹
161 4981 204 5033 Sic
218 4981 431 5044 legendumcum
438 4982 501 5032 llas.
512 4982 551 5032 An
572 4983 590 5034 l.
600 5010 630 5020 -
640 4983 683 5034 Sic
694 4983 772 5032 etiam
785 4982 879 5032 ‘uxos
890 4984 952 5034 llas.

104 5045 349 5160 ῗιῗτιιματῑ.]οιιω3
362 5045 413 5094 llas
432 5082 438 5105 ,
454 5049 480 5095 et
493 4998 578 5095 Ranff.
589 5058 650 5096 cum
661 5048 675 5096 t
687 5045 747 5095 blas.
791 5080 798 5095 .
812 5044 954 5109 [retunsa

115 5121 156 5158 rte
180 5120 268 5168 vera,

134 5174 145 5206 ³
159 5122 306 5226 adstantes,
321 5165 392 5217 'uxta
404 5169 465 5218 Lar.
481 5169 602 5219 stiland.
618 5169 655 5220 bt.

134 5235 145 5270 ὁ
156 5232 232 5297 Apud
242 5230 299 5281 dm.
309 5179 352 5280 lla.
359 5231 453 5280 ethv.
463 5230 626 5295 dcl'apaats,
633 5231 739 5297 quibus,
750 5245 888 5296 perperam
898 5232 954 5282 suf·

105 5294 242 5358 fragantur
255 5292 289 5344 alt
309 5295 357 5343 unt
370 5293 432 5342 llss.
688 5333 692 5342 .

135 5357 289 5419 (alscilirat,
318 5355 619 5428 indicianusexnomipe
641 5356 951 5429 asteadesignatualibfl,

105 5423 202 5530 pippini13
204 5424 240 5532 1qt
251 5420 284 5470 ab
296 5420 445 5484 Augustino
459 5371 868 5481 laudatuarnEpret.t³8,n.3,ad
886 5421 952 5470 tlar-

1002 1925 1038 1964 ne
1053 1912 1121 1962 tunc
1136 1906 1252 1979 qnidam
1267 1905 1349 1961 sicuti
1363 1910 1405 1960 cst
1418 1920 1485 1960 vera
1499 1904 1645 1974 amicilia;
1663 1906 1733 1977 quia
1744 1912 1840 1961 nones

1002 2012 1077 2063 rere,
1101 1996 1158 2051 nisi
1176 2011 1242 2051 cum
1261 2003 1325 2050 aaut
1338 1999 1370 2049 tu
1395 1994 1559 2066 agglutinas
1582 1995 1661 2050 inter
1680 1996 1838 2051 inherentes

1002 2086 1066 2153 tibi,
1081 2085 1218 2140 charitate
1232 2084 1335 2138 diflusa
1344 2083 1375 2138 in
1389 2083 1635 2140 cordibusnostris
1649 2101 1703 2157 per
1713 2085 1839 2155 Spiritum

1003 2178 1132 2229 sanctum
1151 2172 1202 2245 qui
1218 2173 1300 2227 datus
1314 2176 1357 2228 est
1371 2173 1454 2228 nobis
1470 2173 1555 2244 litam.
1577 2191 1605 2244 v,
1634 2176 1672 2246 5).
1688 2173 1746 2230 Sed
1762 2179 1841 2229 umen

1003 2263 1092 2320 dulcis
1108 2267 1170 2317 erat
1179 2261 1379 2328 nimis,caacte
1391 2265 1403 2299 ²
1413 2263 1525 2318 fervore
1534 2262 1672 2334 parilium
1682 2262 1841 2319 studiorum.

1005 2353 1076 2408 llam
1091 2356 1119 2406 et
1133 2351 1216 2407 alide
1230 2367 1309 2420 vera,
1323 2366 1409 2422 quarn
1426 2367 1485 2406 nou
1500 2351 1682 2423 germanitus
1698 2356 1730 2407 et
1743 2352 1842 2423 penitas

1005 2442 1166 2497 adolescens
1187 2441 1312 2510 tenebat,
1325 2439 1497 2495 deflexeram
1513 2457 1567 2512 ego
1583 2457 1653 2497 eum
1672 2441 1703 2497 in
1722 2440 1842 2513 supereb-

1003 2531 1089 2586 ticsas
1102 2531 1220 2586 fabellas
1230 2533 1258 2584 et
1271 2529 1455 2600 perniciosas,
1476 2535 1593 2601 propter
1607 2545 1681 2601 quas
1704 2529 1843 2602 plangebat

1005 2635 1051 2674 me
1064 2622 1166 2675 mater.
1181 2620 1289 2674 llecum
1301 2620 1363 2691 jam
1372 2619 1486 2674 errabat
1497 2618 1527 2673 in
1541 2619 1641 2674 animo
1654 2619 1744 2674 homa
1756 2619 1843 2683 illc,cl

1006 2713 1189 2780 conpeteret
1202 2708 1298 2763 anima
1313 2724 1378 2763 mea
1387 2708 1447 2762 sinc
1460 2707 1519 2762 illo.
1535 2708 1569 2762 Et
1581 2723 1645 2762 ecce
1657 2711 1689 2762 tu
1705 2706 1843 2762 immineas

1006 2799 1089 2854 dorsa
1112 2796 1300 2869 fugitivarum
1328 2802 1455 2865 tucrum,
1474 2799 1548 2852 Deus
1572 2797 1721 2852 ultionum
1747 2801 1775 2851 et
1793 2797 1843 2852 tan

1005 2885 1265 2942 misericordiarum
1280 2886 1376 2954 simul,
1389 2886 1440 2958 qni
1458 2885 1622 2942 couvertis¹
1638 2902 1692 2941 nas
1709 2887 1746 2942 ad
1763 2882 1840 2941 teni·

1006 2975 1045 3030 ris
1057 2975 1168 3043 modis;
1183 2991 1248 3030 eree
1262 2975 1402 3030 abstulisti
1416 2975 1562 3031 hominem
1583 2975 1619 3030 de
1635 2976 1690 3030 bac
1704 2973 1772 3041 vita,
1789 2986 1839 3027 cun

1006 3065 1052 3119 vir
1067 3064 1235 3136 explevisset
1257 3081 1367 3120 annum
1389 3065 1420 3120 in
1435 3064 1560 3120 amicitia
1574 3080 1651 3135 mea,
1667 3064 1749 3119 suavi
1761 3069 1774 3102 ⁸
1784 3059 1839 3119 mili

1007 3169 1094 3226 super
1103 3169 1202 3208 amnes
1216 3154 1370 3209 suavitates
1384 3153 1461 3208 illius
1472 3153 1538 3208 vitae
1552 3170 1635 3209 mere.

1043 3246 1068 3298 8.
1086 3243 1154 3308 Quis
1167 3242 1265 3298 laudes
1275 3247 1338 3297 tiras
1353 3248 1597 3310 enumeratunus,
1613 3243 1644 3297 in
1660 3259 1691 3298 se
1711 3258 1769 3297 nuo
1786 3254 1838 3314 qaas

1007 3337 1141 3402 expertus
1151 3333 1211 3388 est?
1224 3331 1297 3397 Quid
1312 3336 1381 3387 tunc
1394 3332 1496 3399 fecisti,
1515 3333 1590 3387 licus
1604 3348 1698 3399 meus,
1720 3336 1751 3388 et
1770 3343 1837 3402 quau

1007 3419 1209 3492 investigabilis
1224 3421 1341 3492 abyssus
1352 3420 1528 3492 judiciorum
1540 3419 1679 3475 tuorum?
1694 3420 1767 3476 Cum
1779 3417 1836 3474 cain

1007 3509 1150 3564 laboraret
1161 3508 1210 3564 ille
1222 3510 1359 3574 febribus,
1371 3510 1462 3581 Jaeuit
1476 3510 1526 3565 diu
1536 3509 1597 3565 sine
1611 3525 1700 3564 sensu
1712 3509 1745 3565 in
1757 3508 1837 3563 sudare
1866 3522 1874 3539 ··

1007 3598 1095 3653 letali.
1114 3599 1224 3653 Etcum
1246 3599 1456 3670 desperaretur,
1476 3587 1644 3669 'baptizatus
1664 3601 1709 3653 est
1721 3597 1835 3654 tremitur-
1872 3614 1874 3623 ·

1009 3701 1055 3741 me
1069 3703 1128 3741 nan
1139 3691 1267 3755 curante,
1275 3694 1304 3743 et
1312 3692 1502 3760 presumente
1513 3687 1543 3742 id
1553 3688 1678 3743 retinere
1690 3687 1783 3760 potius
1789 3682 1836 3739 ari·

1009 3792 1087 3831 mam
1101 3777 1163 3848 ejus
1176 3777 1254 3849 quod
1266 3794 1282 3832 e
1296 3793 1342 3832 me
1357 3782 1513 3849 acceperat,
1528 3793 1588 3832 non
1599 3777 1677 3849 quod
1692 3776 1723 3831 in
1730 3773 1834 3832 nemu-

1009 3864 1044 3918 tis
1055 3881 1175 3936 corpore
1199 3865 1295 3920 fiebat.
1312 3868 1408 3937 Lange
1423 3870 1518 3921 autem
1533 3865 1618 3921 aliter
1636 3871 1716 3935 erat,
1731 3879 1791 3921 uam
1803 3876 1834 3915 rc·

1009 3957 1119 4009 creatus
1145 3959 1235 4010 estet
1256 3955 1467 4011 salvuslactus.
1490 3954 1651 4027 Statimque
1674 3958 1707 4009 ut
1733 3954 1834 4026 primun

1009 4059 1074 4098 cum
1088 4060 1122 4098 ea
1136 4044 1217 4116 loqui
1230 4045 1311 4117 potui
1326 4043 1416 4117 ipotui
1431 4049 1527 4099 autem
1549 4060 1616 4099 max
1633 4049 1664 4098 ut
1683 4044 1733 4098 ille
1751 4039 1834 4114 potuit,

1009 4134 1124 4204 quenda
1139 4150 1197 4189 nan
1211 4134 1400 4202 discedebam,
1417 4139 1445 4190 et
1458 4133 1545 4190 nimis
1560 4134 1795 4206 pendebamusex
1806 4128 1838 4182 ia·

1008 4221 1122 4292 vicem),
1136 4225 1242 4279 tcnmvi
1254 4224 1330 4295 apud
1348 4224 1429 4279 illum
1451 4222 1580 4290 irridere,
1594 4227 1733 4294 tanquam
1757 4226 1781 4276 ct
1800 4217 1838 4272 illa

1009 4310 1127 4366 irrisuro
1145 4328 1258 4367 mecum
1284 4312 1459 4384 Baptismurn
1481 4327 1567 4384 quem
1596 4316 1746 4383 acceperet
1761 4310 1840 4364 meam

1009 4411 1095 4480 atque
1106 4425 1190 4465 sensu
1200 4409 1425 4476 absentissimus,
1435 4408 1485 4463 sed
1495 4412 1591 4462 mmen
1602 4409 1665 4478 jam
1680 4403 1840 4478 seacccpissc

1008 4496 1157 4553 didicerat.
1187 4497 1284 4552 atille
1299 4498 1339 4553 ite
1351 4514 1398 4553 me
1420 4497 1567 4553 exhorruit
1580 4501 1613 4551 ut
1634 4495 1787 4561 inimicum,
1799 4488 1841 4545 ad·

1009 4586 1179 4658 monuitque
1194 4586 1317 4641 mirabili
1332 4591 1360 4641 et
1373 4585 1525 4660 repentina
1539 4585 1681 4650 libertate,
1707 4588 1739 4640 at
1751 4581 1773 4638 ai
1784 4577 1843 4636 ami·

1008 4692 1058 4730 cus
1070 4691 1131 4730 esse
1142 4674 1255 4738 vellem,
1270 4675 1339 4731 talia
1351 4675 1405 4730 sibi
1424 4674 1518 4730 dicere
1541 4674 1714 4730 desinerem.
1731 4674 1783 4745 Ego
1797 4681 1841 4722 tt·

1008 4769 1068 4819 tem
1080 4764 1252 4835 stupefactus
1264 4771 1350 4837 atque
1366 4765 1508 4826 turbatus,
1521 4764 1620 4819 distuli
1641 4778 1740 4819 omncs
1761 4761 1843 4816 marus

1010 4865 1097 4916 meas,
1123 4856 1154 4906 ut
1169 4851 1379 4906 convalesceret
1401 4851 1630 4924 prius,essetque
1649 4849 1767 4905 idoneus
1785 4843 1844 4899 viri·

1008 4939 1061 4994 bus
1076 4939 1245 4996 valetudinis
1259 4957 1325 4995 cum
1339 4957 1397 5013 qua
1412 4955 1496 5007 agere
1510 4955 1626 5012 possem
1639 4940 1718 5013 quod
1738 4937 1841 4993 vallem.

1040 5046 1162 5097 *castus
1183 5047 1260 5111 juxta
1272 5048 1347 5105 lilart,
1360 5061 1420 5096 cum
1437 5047 1524 5096 blica.
1543 5046 1576 5096 ll.

1038 5106 1845 5173 ²sicttn.plures‚etmeliusnosuaopinionadicitnrecactc

1008 5171 1096 5222 idest
1118 5175 1303 5235 coagmentata
1329 5172 1454 5232 amicitie,
1480 5176 1568 5230 coctu,
1597 5171 1660 5221 licet
1674 5171 1745 5221 hauc
1768 5179 1849 5219 vocem

1007 5236 1106 5286 Larsa.
1117 5234 1327 5295 praetulerim.-
1335 5236 1408 5284 lllert.
1416 5247 1476 5283 cum
1485 5237 1499 5282 5
1507 5234 1577 5291 lise..
1590 5240 1685 5284 cauata
1696 5232 1811 5295 [muare.
1819 5228 1849 5279 u.

1038 5297 1090 5345 ³lu
1104 5294 1172 5347 ltdd.
1187 5296 1245 5346 Am.
1261 5297 1304 5345 Er.
1316 5302 1343 5347 et
1356 5300 1432 5350 Lan:
1447 5296 1583 5361 staretque
1594 5300 1763 5347 concertare.
1777 5292 1852 5345 Panlo

1007 5359 1159 5472 ppqqoeqpqql
1176 5361 1237 5411 Lar.
1257 5358 1343 5423 legere
1363 5363 1415 5410 est:
1440 5361 1631 5422 superamare
1646 5357 1778 5415 cirum
1799 5369 1853 5422 pra.

1039 5485 1048 5517 ³
1062 5483 1104 5532 Er.
1124 5483 1205 5547 Ludg.
1217 5485 1282 5533 l'en.
1296 5484 1369 5542 Lar,
1384 5482 1469 5533 sarnai.

1361 5591 1381 5632 Ι
