3884 6112
716 267 822 326 LIBER
843 267 992 327 SEXTUS.
1664 289 1715 342 386

67 392 176 449 lrcrsus
196 391 350 447 creditores
373 406 451 459 suos,
473 394 536 446 tum
555 396 656 447 contra
677 392 808 447 Ecclesiae
864 392 971 463 scopali
982 391 1024 448 ibi
1039 408 1158 447 munere
1167 392 1318 450 iuncturus
1329 396 1434 468 (collat.
1449 401 1580 471 Gurthoq.
1593 408 1618 470 1,
1633 422 1712 478 ιταρρ.

67 496 243 554 amparare
255 480 310 536 sihi
321 479 411 552 cupit,
423 480 564 552 optimum
576 481 805 552 factujudicarit,
866 483 926 548 138,
942 482 1005 550 atili
1020 496 1028 536 :
1043 480 1074 536 in
1088 481 1141 536 hac
1155 483 1263 555 quippe
1276 483 1388 540 civitate
1400 487 1514 556 plebem
1528 505 1609 546 suam
1624 492 1715 547 habe·

67 570 273 627 lllacrohinm
290 570 539 625 schismaticorum
551 571 627 642 apud
643 571 807 642 Hipponem
862 569 912 624 bat
934 572 1036 640 (Epist.
1062 573 1123 638 108,
1144 587 1191 626 an.
1219 576 1263 641 17,
1276 574 1330 643 20).
1347 575 1560 646 Ingredienlem
1579 578 1662 635 illum
1683 582 1714 637 in

67 674 126 727 um,
147 664 177 714 et
192 659 315 714 alterum
338 659 375 713 ab
391 675 424 713 eo
445 658 625 730 baptismum
639 659 803 730 suscipere:
864 657 964 712 urbem
980 658 1251 716 Circumcellionum
1266 661 1351 717 duces
1365 664 1530 720 cohortibus
1546 667 1604 721 suis
1625 667 1713 740 stipa-

67 746 160 805 uirum
176 748 268 816 lieret,
281 751 314 802 ut
329 748 364 802 ab
378 747 663 803 Circumcellionibus
677 749 809 820 diligere·
862 748 924 799 tum
940 745 1093 812 deduxere,
1111 747 1169 802 Deo
1184 748 1294 805 laudesl
1320 750 1396 805 inter
1413 752 1522 807 cantica
1534 756 1716 812 conclaman-

67 841 95 894 1t
114 836 334 904 mundissimus,
358 840 387 891 et
409 836 613 891 defenderetur
628 838 728 907 (Epist.
748 839 808 906 108,
862 836 905 888 tes
918 833 1003 905 (lbtd.
1017 850 1050 890 a.
1070 835 1127 906 11);
1144 837 1381 907 quihusxocibus,
1393 845 1532 913 tanquam
1545 844 1713 913 praeliorum

67 924 248 997 Augustinus
263 940 332 997 crgo
344 924 393 980 ubi
407 925 534 996 primum
547 925 700 979 concilium
714 925 810 982 Rusti·
863 938 982 976 suorum
995 923 1073 991 tuba,
1090 924 1219 980 solebant
1231 942 1260 980 se
1276 926 1311 981 ad
1330 928 1423 983 caedes
1438 935 1540 985 mutuo
1555 932 1710 988 cohortari.

68 1011 191 1076 tellexit,
206 1012 317 1067 litteras
330 1010 444 1082 scripsit
454 1010 489 1065 ad
505 1012 690 1079 lducrobium,
707 1013 807 1067 breves
864 1010 1021 1065 Macrobius
1041 1017 1138 1066 tamen
1162 1029 1262 1068 eorum
1285 1016 1443 1086 petulantia
1466 1020 1558 1089 magis
1577 1020 1711 1090 ollensus,

67 1100 165 1168 tidem,
188 1101 237 1156 sed
260 1100 451 1155 nihilominus
474 1100 674 1169 vehementes;
705 1100 809 1172 quibus
864 1113 951 1169 quam
973 1098 1117 1170 obsequiis
1137 1100 1302 1169 delectatus,
1326 1118 1426 1173 aspera
1452 1104 1483 1159 in
1505 1122 1554 1159 eos
1576 1108 1712 1178 postridie

67 1205 97 1247 cr
110 1189 233 1245 salutem
248 1188 354 1244 animm
367 1189 492 1261 adjurat,
507 1205 544 1244 ne
560 1189 696 1245 iteratum
711 1189 807 1261 Bapti-
862 1202 915 1256 per
923 1185 1110 1257 interpretem
1120 1187 1347 1260 lingurepunicae
1354 1192 1439 1246 verba
1449 1194 1713 1267 protulitindigna·

67 1277 284 1333 stisubdiacone
298 1276 496 1345 conferat,aut
507 1276 808 1348 sallemutquoestioni
862 1274 973 1329 tionem
987 1290 1067 1329 suam
1083 1276 1227 1346 professus
1242 1293 1276 1331 ea
1290 1278 1432 1348 libertate,
1448 1297 1513 1352 quse
1525 1282 1618 1339 virum
1631 1284 1711 1358 inge-

67 1364 193 1431 ramore,
218 1366 295 1437 quod
320 1365 481 1420 Feliciones
504 1365 757 1421 administraverat
777 1365 807 1420 in
863 1378 954 1417 nuum
967 1368 1053 1434 atquc
1067 1363 1221 1419 honestum
1234 1365 1347 1422 deceret
1362 1383 1368 1422 :
1384 1369 1463 1439 quod
1478 1369 1549 1425 adeo
1563 1371 1712 1443 impatien-

67 1455 115 1510 eui
131 1455 294 1515 schismate.
320 1454 503 1526 respondeat.
524 1453 606 1518 Quod
628 1459 808 1526 postremum
862 1456 907 1505 ter
929 1453 1066 1520 tulerunt,
1091 1458 1123 1507 ut
1144 1458 1211 1508 aule
1234 1455 1356 1509 solutam
1379 1457 1546 1512 concionem
1566 1475 1624 1514 non
1651 1460 1713 1516 sine

67 1543 230 1611 restiterit,
240 1547 375 1614 paratum
386 1559 417 1598 se
428 1547 542 1596 sanctus
555 1544 658 1598 licetur
672 1543 806 1610 affirmat,
862 1540 987 1595 motibus
1000 1541 1207 1612 indignationis
1223 1559 1254 1598 ao
1264 1543 1369 1598 furoris
1381 1544 1522 1601 indicibus
1535 1548 1713 1605 excederent.

67 1632 193 1688 tismum
217 1632 312 1688 denuo
332 1631 548 1704 suspiciendum
572 1648 578 1687 :
603 1632 757 1688 sinautem
773 1634 808 1688 de
863 1630 953 1701 liujus
983 1630 1024 1685 rei
1048 1634 1134 1685 testes
1159 1631 1313 1687 adfuerunt
1337 1633 1548 1691 catholicorum
1571 1638 1714 1706 nonnulli,

67 1720 88 1777 ii
110 1721 187 1776 facto
205 1721 328 1789 dubitet,
344 1721 372 1776 id
386 1737 416 1775 se
429 1721 619 1792 probaturum
632 1738 667 1776 ea
686 1721 748 1791 lege
763 1738 808 1776 re·
863 1718 967 1788 quibus
989 1718 1098 1789 pariter
1120 1720 1251 1790 egressis,
1277 1721 1474 1792 pavimentum
1496 1726 1544 1779 ubi
1566 1730 1713 1795 steterant,

67 1811 124 1869 tui
138 1810 249 1878 fecerit,
265 1810 434 1881 episcopatu
447 1825 500 1864 suo
515 1809 596 1865 cadat
612 1809 713 1880 (Epist.
733 1810 806 1882 loti).
863 1807 937 1861 salsa
967 1822 1044 1879 aqua
1069 1808 1203 1863 Macrobii
1227 1809 1321 1865 clerici
1335 1811 1498 1879 abluerunt,
1514 1814 1591 1884 quod
1618 1814 1713 1886 ipsum

67 1919 71 1950 l
85 1902 115 1953 ct
133 1898 283 1953 Theodoro
306 1897 457 1969 epistolam
479 1896 553 1951 hanc
576 1897 612 1952 ad
633 1899 807 1972 blacrobium
863 1895 1004 1951 familiare
1017 1895 1074 1950 illis
1088 1896 1175 1951 fuisse
1185 1897 1264 1952 testis
1277 1903 1320 1952 est
1331 1900 1449 1971 Optatus
1462 1901 1596 1971 (Optatus,
1606 1905 1654 1959 lib.
1667 1905 1713 1976 tu:

67 1986 140 2043 dam
153 1986 283 2042 tradidit.
301 1986 351 2040 llic
369 1986 497 2057 primum
511 1985 587 2049 illos,
602 2001 639 2040 ne
655 1986 809 2057 Augustini
864 2000 950 2056 quem
972 2000 1040 2040 vero
1063 1985 1157 2039 locum
1179 1985 1428 2042 Circumcelliones
1452 1997 1668 2061 occupaverant,
1690 1993 1714 2047 is

75 2075 105 2131 ei
118 2075 284 2143 recitarent,
299 2074 450 2129 admittere
464 2072 495 2128 in
509 2073 686 2144 colloquium
702 2074 806 2142 noluit;
863 2073 900 2128 ad
914 2073 1047 2128 eumdem
1061 2074 1180 2128 modum
1191 2090 1372 2147 nequaquam
1385 2076 1515 2147 expiatus
1530 2078 1593 2134 fuit.

67 2164 144 2221 idem
169 2164 341 2235 urgentibus
363 2163 478 2230 cedens,
504 2178 552 2216 eas
571 2161 624 2216 sibi
638 2162 695 2233 legi
709 2179 808 2233 passus
899 2165 928 2218 6.
958 2162 1099 2217 Honorius
1121 2163 1290 2218 duodecimo
1308 2163 1446 2220 kalendas
1460 2165 1619 2222 februarias
1639 2184 1713 2239 prae-

77 2269 151 2327 quas
161 2252 222 2307 hac
233 2253 296 2324 ejus
311 2251 368 2306 fuit
386 2248 554 2321 responsio:
566 2250 811 2319 Neupossumaisl
863 2249 951 2303 sentis
970 2250 1039 2304 anni
1053 2251 1146 2322 legem
1160 2252 1267 2322 posuit,
1283 2269 1341 2324 qua
1357 2252 1433 2308 iuter
1446 2259 1549 2309 caetera
1558 2256 1650 2327 jubet,
1667 2274 1716 2313 eos

67 2344 193 2398 tmicates
207 2343 353 2410 suscipere.
368 2343 394 2394 et
412 2339 509 2394 iisdem
522 2338 603 2408 fidem
622 2353 704 2406 quum
713 2341 808 2407 postu·
864 2338 914 2408 qui
923 2337 1099 2406 detinentur,
1111 2340 1475 2412 quiquealiopostmodum
1486 2348 1552 2399 suut
1562 2345 1713 2401 traducen-

67 2434 71 2484 1
91 2431 160 2487 dare
181 2447 187 2485 :
213 2430 270 2484 hoc
285 2433 328 2484 est
348 2428 484 2483 iteratum
507 2425 662 2498 baptisma.
678 2425 759 2490 Quod
772 2425 808 2479 ad
862 2427 892 2482 di
906 2431 939 2482 ut
949 2426 1063 2499 judiciis
1079 2430 1279 2500 exhibeantur,
1298 2429 1380 2501 prius
1399 2431 1496 2503 rogari
1510 2448 1607 2488 coram
1622 2437 1713 2508 magi·

67 2536 136 2578 num
159 2524 280 2592 spectat,
304 2536 321 2573 a
344 2534 402 2590 quo
418 2521 446 2573 et
462 2517 619 2572 Felicianus
633 2519 662 2571 et
674 2531 746 2588 quos
762 2515 808 2569 hie
863 2515 1008 2585 stratibus,
1033 2519 1159 2574 velintne
1180 2519 1240 2574 dies
1255 2520 1376 2591 triginta
1389 2521 1420 2575 in
1436 2537 1468 2577 ea
1483 2522 1595 2578 civitate
1609 2523 1640 2579 in
1659 2542 1716 2598 qua

67 2615 150 2667 rarat
162 2609 281 2665 admissi
292 2608 417 2677 fuerant,
428 2623 494 2662 cum
504 2606 669 2662 adllaximo
679 2621 711 2660 ae
721 2605 809 2660 Theo
864 2606 1063 2676 comprehensi
1084 2612 1160 2674 suut,
1184 2609 1238 2663 sub
1261 2609 1408 2664 moderata
1429 2611 1558 2667 custodia
1577 2613 1713 2680 residere,

67 2703 237 2771 terrogatus
251 2701 333 2759 esset,
357 2696 426 2769 quid
440 2695 570 2767 responsi
584 2695 619 2749 ad
634 2694 664 2749 id
679 2693 806 2761 afferret;
863 2697 925 2748 tum
933 2699 965 2749 ut
971 2695 1133 2751 domesticis
1141 2696 1299 2752 rationibus
1310 2699 1471 2766 cousulant,
1478 2703 1539 2755 tum
1546 2704 1716 2774 utsumptus
1728 2707 1730 2712 '

67 2788 99 2846 Se
110 2803 199 2858 nuper
218 2787 377 2842 ordinatum
388 2787 481 2856 putris
501 2785 547 2839 sut
554 2784 675 2853 judicem
689 2798 745 2838 esse
754 2798 809 2838 riou
864 2782 919 2838 sibi
933 2784 1106 2840 necessarios
1120 2790 1236 2856 parent;
1251 2786 1344 2858 iisque
1359 2786 1431 2842 illud
1446 2789 1541 2859 spatii,
1557 2790 1582 2844 si
1594 2805 1628 2845 co
1644 2793 1715 2846 velle

67 2877 103 2934 ed
115 2879 145 2933 ia
159 2877 190 2931 id
205 2875 308 2945 quoda
329 2875 468 2946 prioribus
483 2875 540 2929 suis
555 2875 686 2942 occeperit
697 2888 808 2942 permu-
864 2871 906 2925 uti
920 2871 1091 2942 significent,
1111 2888 1146 2927 er
1165 2873 1228 2944 lege
1244 2891 1260 2928 a
1274 2875 1446 2943 Theodosio,
1470 2877 1556 2931 tertio
1579 2877 1716 2934 kalendas

67 2968 137 3038 hist.
166 2964 238 3035 107).
265 2966 342 3020 llanc
361 2961 496 3019 llacrohii
510 2961 727 3033 responsionem
742 2977 807 3016 eum
859 2960 1006 3031 januarias
1016 2961 1283 3018 annitrecenlesimi
1291 2964 1458 3035 octogesimi
1469 2967 1715 3038 promulgatanou

67 3054 170 3125 melino
182 3052 404 3125 significassent,
420 3051 444 3106 is
458 3050 561 3107 timore
570 3050 655 3104 simul
666 3055 694 3104 et
708 3049 807 3104 dolore
863 3049 1052 3121 negatiwod.
1063 3051 1210 3119 Theod.,da
1216 3053 1367 3109 liutdrudis
1378 3054 1420 3108 vel
1426 3056 1712 3123 transmittendum,

67 3134 102 3201 ns
115 3143 153 3199 ad
167 3142 302 3198 eumdem
317 3141 448 3214 pluribus
463 3139 645 3195 scribendum
659 3138 806 3211 judicarit.
863 3140 919 3206 teqa
933 3142 957 3209 6)
975 3155 982 3195 :
1000 3138 1044 3194 siu
1058 3156 1150 3211 secus,
1172 3140 1236 3195 illos
1252 3157 1267 3195 e
1287 3141 1406 3212 vestigio
1424 3159 1491 3198 cum
1503 3145 1713 3202 accusatoribus

67 3247 106 3288 im
121 3230 152 3287 in
167 3231 300 3304 epistola,
321 3232 489 3301 argumento
505 3243 537 3282 ex
552 3227 655 3282 eodem
666 3227 741 3282 facto
757 3228 807 3282 Fe·
861 3227 980 3298 perduci
989 3243 1055 3284 eum
1067 3228 1097 3283 in
1107 3229 1213 3297 locum,
1226 3230 1275 3302 qui
1283 3231 1392 3303 judicio
1405 3232 1441 3286 sit
1450 3232 1607 3289 destinatus
1617 3235 1715 3306 (thid,

67 3324 149 3394 atque
164 3336 199 3375 ex
212 3319 275 3391 ipsa
289 3318 427 3374 Primiani
442 3322 471 3373 et
485 3315 648 3373 Maximiani
662 3331 747 3371 causa
760 3332 808 3386 pe·
863 3317 967 3385 11913).
985 3317 1075 3389 liujus
1090 3318 1265 3389 Augustinus
1280 3319 1351 3391 legis
1370 3320 1399 3374 iu
1423 3321 1554 3392 pluribus
1575 3323 1715 3394 epistolis,

67 3423 143 3482 cgere
168 3408 272 3480 pergit,
298 3407 445 3479 magisque
472 3421 590 3478 operose
619 3406 807 3475 demonstrat,
863 3421 951 3459 unam
961 3407 1195 3480 eamdemqueob
1207 3424 1320 3463 eausam
1331 3408 1454 3480 scriptis,
1466 3411 1599 3466 meminit
1610 3412 1711 3483 (Epist.

67 3496 97 3555 id
121 3497 158 3553 ab
177 3512 211 3552 eo
225 3498 325 3551 contra
340 3494 492 3550 Ecclesiam
508 3493 604 3550 allerri
618 3492 807 3564 excogitarira
864 3495 1002 3566 113-115).
1016 3495 1165 3551 Faventius
1179 3511 1247 3566 ergo
1262 3496 1380 3567 qnidam
1392 3497 1533 3553 conducto
1549 3500 1635 3566 saltu,
1648 3517 1714 3555 cum

77 3585 109 3643 id
130 3601 217 3641 omne
238 3585 292 3640 hac
315 3584 400 3639 unica
421 3583 540 3639 historia
560 3582 691 3649 convelli,
719 3596 808 3652 quam
863 3583 899 3637 ab
914 3583 975 3655 ejus
988 3599 1151 3654 possessore
1166 3583 1317 3655 quidpiam
1332 3584 1386 3638 sibi
1401 3584 1525 3653 timeret,
1542 3587 1672 3659 confugit
1684 3588 1716 3643 in

67 3676 264 3747 'caspeculum
274 3674 343 3746 ipsis
353 3672 536 3728 correctionis
547 3688 563 3727 a
574 3670 670 3726 divina
682 3671 807 3725 clemen·
862 3671 1009 3726 ecclesiam
1022 3671 1245 3742 Hipponensem‚
1256 3670 1354 3742 ibique
1368 3672 1509 3744 tantisper
1520 3680 1714 3731 commoratus

76 3765 175 3820 oculos
194 3762 324 3834 positum
337 3767 420 3817 rocat
446 3778 453 3817 ε
472 3761 513 3816 ita
532 3766 564 3816 ut
579 3761 673 3815 omnis
689 3760 807 3814 omnino
863 3764 917 3829 est,
933 3760 1003 3815 dum
1017 3760 1165 3831 negotium
1177 3759 1260 3827 illud,
1271 3764 1384 3815 sanctus
1395 3762 1503 3817 Praesul
1518 3769 1714 3834 componeret.

67 3856 108 3910 tas
127 3852 240 3908 sublata
263 3851 309 3907 sit.
333 3853 433 3923 ltaque
452 3866 519 3906 cum
533 3850 708 3917 cohortatur,
724 3853 756 3904 ut
773 3849 807 3904 de
863 3849 904 3903 Re
918 3852 1014 3905 autem
1029 3864 1140 3904 moram
1154 3849 1296 3917 trahente,
1312 3849 1418 3905 sensim
1432 3850 1523 3906 lactus
1537 3852 1621 3924 quasi
1635 3870 1715 3909 secu·

67 3947 92 3999 la
112 3940 275 4013 objectione
298 3943 461 4012 cognoscat,
488 3939 635 4011 illamque,
659 3937 682 3993 si
705 3938 805 4009 possit,
863 3937 932 4008 rior,
954 3936 999 3994 sui
1020 3939 1153 3995 servandi
1175 3942 1260 4012 atque
1274 3938 1350 3995 intra
1365 3939 1470 3996 limites
1486 3942 1611 3998 ecclesia
1626 3943 1716 3999 conti-

80 4027 128 4086 sin
141 4045 210 4085 xero
223 4045 283 4084 nou
296 4028 398 4100 possit,
413 4043 451 4082 ne
465 4032 612 4099 susceptas
627 4027 730 4082 Donati
744 4042 808 4099 par·
862 4027 950 4082 nendi
969 4043 1068 4083 curam
1092 4027 1181 4083 ferme
1204 4029 1357 4100 adjecerat.
1382 4029 1453 4084 llinc
1471 4030 1589 4095 factum,
1604 4036 1637 4087 ut
1651 4029 1718 4089 cum¹

74 4118 174 4175 timori
187 4117 372 4191 propriaeque
387 4117 471 4175 saluti
485 4119 650 4188 anteponat.
665 4116 756 4181 Quam
771 4117 807 4172 ob
862 4114 1017 4187 aliquando
1032 4115 1067 4171 ab
1082 4116 1184 4184 amico,
1201 4132 1325 4188 quocum
1339 4133 1397 4171 una
1410 4123 1580 4186 coenaverai,
1597 4120 1713 4189 rediret,

67 4253 69 4264 .
93 4207 121 4266 ci
144 4213 208 4263 tum
231 4206 392 4263 schismatis
417 4205 494 4262 mala
512 4205 639 4277 exponit,
654 4209 718 4260 tum
732 4206 808 4261 hona
863 4219 930 4259 eum
953 4205 1133 4260 Florentinus
1158 4206 1274 4276 quidam
1299 4206 1416 4262 Comitis
1442 4205 1544 4261 Africae
1569 4208 1716 4279 apparitor

67 4312 72 4352 ι
95 4298 197 4371 (Epist.
226 4295 436 4361 l081.llicendi
459 4311 551 4367 genus
575 4309 681 4365 magna
698 4293 807 4365 ubique
863 4309 928 4348 cum
944 4292 1062 4348 militari
1073 4310 1159 4349 manu
1168 4295 1361 4367 interciperet,
1372 4298 1410 4361 et,
1422 4295 1561 4351 incertum
1576 4312 1713 4368 quoper-

67 4389 277 4459 itemperatum
292 4402 350 4441 non
365 4387 440 4441 male
454 4385 577 4457 quadrat
591 4383 621 4438 iu
636 4388 750 4454 tempus
764 4384 806 4438 in·
863 4381 998 4436 traheret.
1021 4381 1082 4446 Qua
1097 4381 1128 4436 in
1141 4398 1172 4437 re
1184 4399 1242 4437 nou
1264 4388 1388 4438 serratas
1410 4382 1496 4438 fuisse
1511 4383 1599 4455 leges,
1615 4385 1715 4440 asserit

67 4491 108 4533 ter
121 4475 281 4531 honorium
295 4474 446 4537 libertatis,
460 4474 495 4528 ad
509 4488 596 4545 quam
611 4472 689 4527 haud
702 4472 808 4528 scimus
862 4468 1040 4541 Augustinus
1064 4472 1164 4540 (Epist.
1186 4475 1256 4540 1151.
1278 4472 1314 4539 11,
1331 4470 1380 4526 ubi
1395 4471 1522 4543 primum
1537 4472 1657 4544 hujusce
1671 4491 1715 4530 ra-

67 4562 152 4636 lpiam
163 4568 240 4619 velet
254 4562 354 4618 referri
364 4561 442 4634 quod
453 4560 493 4615 ait
507 4577 514 4615 :
530 4562 602 4615 Ante
616 4563 699 4615 istum
713 4561 807 4630 leuem,
862 4562 928 4629 ptus
951 4558 1041 4613 factus
1067 4562 1111 4614 est
1134 4560 1247 4627 certior,
1272 4560 1354 4614 illum
1373 4559 1468 4615 statim
1483 4577 1535 4632 per
1549 4562 1712 4619 schedulam

67 4648 806 4720 uetavobisredduamtuertoren.nequeenimJam,
863 4646 1014 4702 Cresconio
1036 4647 1163 4714 tribuno,
1176 4647 1234 4718 ,cui
1258 4647 1407 4719 provincia
1427 4648 1528 4710 tuendi
1538 4650 1714 4707 maritimam

67 4742 186 4799 lerando
203 4739 375 4812 baptismate
391 4738 542 4804 deterreat,
559 4738 657 4809 legum
672 4737 808 4792 severita-
863 4751 943 4792 oram
959 4736 1110 4792 commissa
1124 4736 1227 4802 fuerat,
1244 4735 1497 4807 nuntiaritlllpist.
1516 4740 1575 4803 113)
1593 4756 1599 4795 :
1615 4738 1714 4795 abhoc

67 4831 190 4899 carubio,
211 4829 459 4902 quemadmodum
476 4827 520 4881 vel
536 4831 601 4881 aute
623 4826 695 4880 latas
710 4831 806 4897 poste·
862 4825 943 4880 missi
964 4824 1076 4898 aliquot
1096 4825 1196 4894 esuis,
1212 4823 1283 4878 nihil
1299 4839 1431 4895 reperere
1448 4826 1551 4896 (Epist.
1572 4829 1641 4898 llbl.
1660 4831 1713 4884 Po·

69 4918 216 4991 Crispino,
245 4917 396 4973 minitatur
422 4915 609 4987 Augustinus.
635 4915 806 4986 Quanquam
862 4917 938 4969 steno
952 4913 998 4969 dio
1019 4930 1085 4969 cum
1101 4913 1259 4982 diluxisset,
1272 4913 1437 4970 Ferentium
1451 4914 1480 4969 in
1492 4916 1578 4971 domo
1589 4917 1712 4988 quadam

67 5026 79 5066 s
96 5024 166 5080 erga
185 5008 268 5063 illum
288 5007 328 5062 ita
342 5022 371 5060 se
391 5005 519 5076 gesserit,
535 5020 571 5058 ne
586 5003 662 5058 illius
677 5003 806 5057 animum
862 5005 975 5057 noctem
990 5001 1092 5074 egisse,
1113 5018 1145 5056 ac
1165 5018 1279 5057 summo
1294 5018 1380 5056 mane
1394 5008 1505 5059 certum
1527 5004 1558 5059 in
1583 5005 1675 5060 locum
1697 5024 1712 5060 u

67 5101 146 5164 uret,
166 5095 297 5151 futurum
313 5109 440 5166 sperans,
457 5096 489 5148 ut
503 5091 723 5147 mansuetudine
738 5091 805 5146 laci·
863 5090 1026 5146 Florentino
1040 5090 1202 5145 traductum
1218 5089 1304 5145 fuisse
1318 5092 1495 5163 Augustinus
1509 5093 1658 5163 comperit.
1674 5094 1712 5147 Eo

67 5189 243 5261 regnaretur.
261 5187 456 5254 Praeterquam
471 5181 547 5253 quod
564 5180 737 5236 blacrobium
752 5179 807 5234 exi·
861 5179 1012 5235 confestim
1028 5179 1131 5235 direxit
1143 5173 1235 5234 uuum
1248 5196 1263 5234 e
1278 5179 1336 5234 suis
1345 5181 1519 5253 presbyteris
1527 5181 1642 5235 nomine
1655 5181 1713 5237 Coe-

67 5280 88 5332 tt
109 5275 197 5332 honae
220 5273 474 5344 indolisjurenem
491 5287 497 5326 :
512 5269 559 5325 cui
570 5269 681 5342 ingenii
691 5285 806 5341 quoque
862 5269 1008 5338 lestinum,
1028 5269 1091 5339 lege
1111 5268 1296 5340 Imperatoris
1312 5268 1494 5336 instructum,
1510 5268 1560 5340 qui
1575 5269 1711 5324 Florenti-

67 5363 173 5422 uentiae
188 5362 302 5418 laudem
317 5360 435 5416 tribuit.
452 5361 478 5414 ls
492 5375 591 5430 porro,
607 5374 671 5414 cum
687 5359 724 5414 ad
739 5375 806 5415 eum
862 5374 933 5413 num
952 5356 988 5412 de
1008 5356 1058 5412 illa
1073 5356 1250 5413 observanda
1263 5359 1458 5431 compellaret.
1476 5356 1615 5413 Recitavit
1629 5358 1657 5412 ei
1671 5359 1711 5415 le·

67 5455 129 5509 urus
147 5444 261 5506 litteras
284 5450 372 5512 dedit,
395 5464 454 5504 non
478 5448 518 5502 ita
531 5447 644 5519 pridem
659 5447 806 5503 ordinatus
862 5463 928 5518 gem
953 5445 1136 5514 Caelestinus3
1159 5446 1208 5502 sed
1223 5463 1258 5502 ne
1278 5445 1372 5519 potuit
1387 5446 1502 5518 quidem
1517 5444 1552 5500 ab
1566 5460 1599 5500 eo
1618 5446 1712 5520 impe-

67 5541 230 5615 hipponem
246 5537 368 5594 solemni
382 5552 490 5609 pompa
505 5536 659 5608 perductus
672 5538 723 5603 est,
739 5535 798 5607 epi·
862 5541 948 5602 trare,
973 5537 1006 5589 ut
1019 5534 1073 5591 sibi
1087 5535 1230 5608 caplirum
1248 5535 1362 5591 videndi
1378 5538 1502 5605 potestas
1516 5533 1598 5590 lieret
1610 5536 1709 5607 (Epist.
