3884 6112
84 204 135 258 923

85 324 178 383 adhue
190 322 277 380 facim
289 323 402 380 viderie
411 328 440 381 te
451 340 512 380 non
522 329 627 396 potest,
642 325 732 396 ipsius
745 326 933 397 philosophiae

86 416 183 486 posset
196 413 318 468 audiri?
341 413 483 469 Mirareris
504 415 650 486 prolect0;
674 415 797 470 sednon
816 416 933 483 rideres,

88 520 148 558 non
163 503 338 574 desperares.
361 503 449 558 Crede
469 503 552 571 milri,
571 503 606 556 de
624 502 703 556 nullo
724 503 934 574 desperandum

89 594 141 658 est,
158 591 194 646 de
208 591 312 646 talibus
327 597 424 647 autem
438 591 566 646 minime.
577 591 699 647 Omnino
710 597 777 646 sunt
790 595 935 663 exempla;

89 678 171 734 facile
187 679 290 745 evadit,
307 679 389 732 lacile
403 673 534 733 revolat¹
550 679 605 734 huc
615 695 704 751 genus
716 680 822 748 avium,
838 682 936 736 multis

88 767 204 823 inclusis
217 767 341 822 multum
355 766 536 822 mirantibus.

123 859 150 909 8.
167 855 221 909 Sed
235 854 271 908 ad
286 870 338 909 nos
361 856 521 922 redeamus,
536 873 588 912 uos
602 858 732 929 inquam,
748 858 934 926 llomaniane,

88 943 339 1015 philosophemur:
361 944 478 1000 reddam
494 944 546 1000 tibi
559 947 691 1017 gratiam,
708 946 784 1002 lilius
798 951 864 1003 tuus
879 963 935 1002 cua-

88 1031 131 1102 pit
142 1031 202 1101 jum
216 1032 427 1104 philosophari:
444 1050 572 1104 egoeum
585 1035 721 1107 reprimo,
736 1041 767 1091 ut
777 1036 935 1107 disciplinis

89 1119 255 1174 necessariis
266 1120 346 1192 prius
357 1123 483 1176 excultus
493 1122 636 1195 vigentior
645 1124 934 1196 etlirmiorinsurgat,

87 1224 210 1279 quarum
224 1213 252 1263 te
266 1214 423 1264 nemetuas
437 1216 593 1281 expertem,
612 1211 635 1265 si
650 1212 722 1267 bene
740 1217 768 1267 te
783 1212 858 1278 novi,
884 1228 934 1266 au-

88 1300 154 1350 ras¹
168 1296 221 1352 tibi
233 1296 339 1352 liberas
349 1303 461 1353 tantum
476 1304 553 1370 opto.
570 1301 642 1355 Nam
657 1300 691 1354 de
705 1300 801 1355 indole
811 1299 880 1371 quid
895 1299 935 1354 di-

87 1400 149 1439 cam
161 1385 175 1439 i
186 1385 298 1441 Utinam
313 1402 372 1440 non
386 1390 444 1440 tam
458 1403 521 1441 rara
533 1392 607 1442 esset
617 1388 647 1442 in
661 1387 834 1456 hominibus,
848 1404 935 1459 quam

87 1478 165 1528 certa
182 1477 225 1528 est
237 1473 268 1527 iu
278 1472 323 1527 tei
338 1475 456 1529 Restant
469 1474 525 1529 duo
540 1475 617 1542 vitia,
633 1480 662 1530 et
671 1475 879 1547 impedimenta
890 1476 934 1530 in-

87 1561 236 1616 veniendae
250 1561 386 1630 veritatis,
401 1579 417 1616 a
432 1563 536 1632 quibus
550 1563 603 1619 tibi
618 1580 675 1618 uon
689 1565 813 1618 multum
827 1563 932 1630 timeo;

88 1650 176 1705 timeo
186 1654 282 1704 tamen
296 1666 332 1705 ue
347 1655 374 1704 te
386 1656 564 1718 contemnas,
580 1657 665 1723 atque
675 1653 859 1707 inventurum
874 1668 935 1707 esse

88 1739 230 1809 desperes,
247 1742 296 1792 aut
323 1743 399 1792 certe
423 1755 459 1793 ue
474 1738 613 1794 invenisse
637 1744 664 1794 te
684 1741 790 1794 eredas.
807 1742 934 1805 Quorum

87 1826 221 1897 primum,
238 1825 262 1879 si
274 1830 371 1881 tamen
393 1826 475 1894 inest,
496 1827 550 1882 ista
569 1827 622 1883 tibi
641 1828 796 1900 disputatio
815 1830 934 1884 fortasse

87 1917 225 1972 detrahet.
252 1915 361 1987 Saepius
389 1917 466 1972 enim
485 1919 670 1973 succensuisti
693 1919 879 1987 Academicis,
900 1936 934 1974 eo

87 2005 203 2077 quidem
215 2006 340 2077 gravius,
354 2021 411 2077 quo
427 2006 522 2061 minus
536 2007 666 2062 eruditus
680 2024 755 2063 esses
767 2025 773 2074 ;
790 2009 837 2064 sed
853 2023 887 2064 eo
903 2008 935 2063 li·

87 2093 212 2162 bentius,
229 2095 305 2165 quod
319 2094 446 2149 veritatis
461 2110 559 2151 amore
572 2095 745 2152 illiciebaris.
763 2097 861 2169 ltaque
874 2098 935 2168 jam

87 2197 153 2235 eum
167 2181 308 2252 Aypio,³te
318 2182 440 2248 lautore,
452 2183 616 2254 conlligam,
632 2189 660 2238 et
670 2183 721 2239 tibi
730 2184 936 2256 lacilepersua-

3 2314 6 2322 .
86 2269 159 2324 debo
167 2269 324 2339 quodvolo,
335 2268 523 2339 probabiliter
529 2276 635 2327 tamen
646 2273 717 2327 Nam
728 2272 824 2343 ipsum
835 2289 934 2328 verum

87 2373 146 2412 non
160 2356 279 2424 videbis,
288 2356 344 2411 nisi
359 2357 390 2411 in
405 2357 615 2429 philosophiam
623 2363 700 2414 totus
714 2359 876 2416 intraveris.
892 2362 934 2416 ll-

86 2444 137 2499 lud
152 2449 248 2499 autem
259 2445 381 2499 alterum
394 2446 471 2516 quod
486 2449 513 2501 te
529 2446 649 2501 sortasse
664 2447 773 2520 aliquid
792 2448 935 2504 invenisse

88 2532 249 2605 praesumis,
263 2533 393 2604 quamvis
403 2550 420 2588 a
432 2534 514 2589 nobis
521 2534 583 2605 jam
592 2551 732 2607 quaerens,
743 2536 934 2610 dubitansque

89 2621 262 2691 discesseris,
271 2626 370 2677 tamen
384 2622 485 2694 siquid
493 2624 703 2695 superstitionis
713 2625 878 2681 inanimum
890 2644 935 2681 re·

89 2711 218 2765 volutum
233 2713 285 2776 est,
300 2710 430 2781 ejicietur
442 2711 581 2781 prolecto,
595 2713 640 2768 vel
656 2729 723 2768 cum
743 2713 795 2769 tibi
810 2714 939 2786 aliquam*

88 2798 164 2853 inter
177 2813 229 2853 nos
244 2798 469 2870 disputationem
482 2800 517 2855 de
531 2800 671 2871 religione
681 2801 795 2869 misero,
812 2803 855 2856 vel
870 2818 935 2857 cum

89 2902 215 2958 praesens
229 2891 325 2942 tecum
337 2887 429 2943 multa
441 2889 599 2945 contulero.

123 2979 149 3030 a.
165 2977 222 3046 Ego
243 2975 320 3030 enim
342 2991 418 3030 nunc
437 2975 516 3032 aliud
537 2976 610 3032 nihil
625 2993 689 3049 ago,
704 2994 792 3049 quam
814 2994 861 3033 me
874 2979 936 3052 ipse

85 3079 180 3133 purgo
195 3079 212 3116 a
226 3063 305 3118 vanis
318 3064 542 3136 perniciosisque
557 3065 750 3137 opinionibus.
766 3069 865 3140 ltaque
877 3085 936 3124 non

88 3150 189 3205 dubito
204 3149 307 3205 melius
322 3150 393 3205 mlhi
409 3168 479 3218 esse,
496 3168 582 3223 quam
594 3153 657 3209 tibi.
670 3155 764 3210 Unum
774 3158 884 3210 tautum
894 3162 937 3211 est

89 3238 164 3293 unde
179 3237 321 3295 invideam
336 3239 458 3294 fortunae
474 3245 542 3309 tuae,
556 3242 632 3313 quod
647 3243 723 3297 solus
737 3242 842 3297 frueris
856 3244 936 3299 Luci·

89 3325 166 3381 liano
181 3341 245 3380 meo
257 3331 282 3381 ⁸:
298 3342 335 3380 an
360 3332 390 3382 et
406 3331 438 3382 tu
461 3327 571 3383 invides
591 3330 659 3400 quia
678 3330 747 3399 dixi,
771 3334 861 3386 mec‘l
881 3332 936 3388 Sed

89 3413 158 3486 quid
172 3413 230 3469 dixi
252 3413 331 3471 aliud
357 3431 445 3488 quam
466 3420 528 3486 tuo,
557 3422 585 3472 et
609 3418 738 3473 omnium
763 3419 937 3492 quicumque

93 3518 184 3557 unum
199 3502 322 3558 sumus?
337 3504 377 3558 lle
390 3520 448 3576 quo
462 3509 557 3560 lumen
572 3510 605 3560 ut
625 3506 775 3562 subvenias
797 3508 938 3566 desiderio

91 3606 167 3659 meo,
181 3590 251 3662 quid
265 3595 294 3646 te
307 3607 404 3664 rogem
417 3594 432 3648 ‘l
445 3594 486 3648 'lu
498 3600 526 3648 te
545 3593 606 3664 ipse
630 3611 682 3667 pro
695 3612 742 3651 me
755 3613 826 3669 roga
850 3615 938 3671 quan-

90 3685 154 3734 tum
167 3680 230 3748 seis,
244 3680 313 3751 quia
324 3681 419 3736 debes.
436 3682 492 3737 Sed
506 3699 583 3738 nunc
597 3684 736 3739 ambobus
754 3685 827 3754 dica
843 3693 938 3742 cavete

92 3783 128 3822 ue
143 3767 214 3838 quid
227 3783 277 3822 vos
292 3784 374 3822 nosse
388 3769 579 3838 arbitremini,
595 3771 652 3826 nisi
665 3774 742 3842 quod
754 3773 794 3828 ita
806 3773 938 3829 didiceri-

90 3855 137 3920 tis,
154 3857 253 3909 saltem
269 3861 302 3910 ut
316 3856 416 3924 nostis,
431 3872 531 3923 uuum,
548 3859 615 3926 duo,
631 3859 697 3929 tria,
718 3867 841 3932 quatuor
854 3863 937 3918 simul

91 3944 209 3998 collecta
224 3943 253 3997 in
268 3959 412 3998 summam
427 3944 489 3999 lieri
503 3945 612 4000 decem.
627 3947 682 4003 Sed
697 3948 766 4004 item
788 3957 882 4006 cavete
902 3968 939 4006 ne

92 4048 142 4087 vos
155 4032 185 4086 in
201 4031 383 4103 philosophia
396 4033 545 4089 veritatem
559 4039 608 4091 aut
623 4053 681 4091 nou
699 4038 874 4109 cognituros,
891 4045 940 4096 aut

91 4121 172 4176 nullo
187 4121 273 4175 modo
287 4120 420 4191 itapusse
435 4123 568 4194 cognosci
583 4124 773 4181 arbitremini.
785 4129 856 4182 Nam
867 4129 939 4184 mibi

90 4210 134 4265 vel
160 4209 258 4280 potius
284 4209 327 4265 illi
351 4210 457 4265 credite
479 4212 529 4283 qui
552 4213 603 4283 ait,
619 4218 735 4287 Quarite
753 4221 778 4271 et
798 4219 939 4273 irtuua'elis

91 4296 202 4368 (Mutila.
222 4315 270 4366 vn,
295 4300 333 4369 7),
353 4315 405 4354 nec
425 4300 618 4372 cognitionem
639 4303 845 4375 desperandam
868 4323 938 4374 esse,

92 4393 121 4443 et
145 4386 372 4443 manifestiorem
393 4388 529 4458 futuram,
556 4406 642 4462 quam
658 4378 732 4447 sunl
747 4392 789 4447 illi
815 4395 938 4449 numeri.

91 4476 171 4529 Nune
191 4475 226 4530 ad
239 4474 420 4547 propositum
440 4477 598 4533 veniamus.
612 4480 674 4534 ium
693 4480 770 4535 enim
786 4497 848 4537 sero
867 4482 940 4554 caepi

91 4567 232 4630 metuere,
247 4580 284 4619 ne
298 4565 352 4619 hoc
365 4564 538 4637 principium
546 4567 665 4622 modum
680 4569 836 4637 excederet,
848 4576 939 4625 elnon

91 4655 135 4704 est
149 4650 223 4706 leve.
235 4652 517 4726 Nammodusprocul
526 4654 731 4712 dubiodivinus
743 4662 798 4712 est:
809 4658 941 4713 sedlelel·

92 4737 158 4793 lerit
169 4753 235 4793 eum
249 4740 370 4796 dulciter
378 4742 467 4811 ducit,
478 4759 526 4799 era
534 4743 716 4800 cautiorcum
725 4745 838 4821 sapiens
847 4747 938 4802 luero.

376 4855 536 4896 nrsauaano
556 4858 646 4897 aaran.

128 4934 243 4992 CAPUT
258 4935 302 4990 lV.
319 4965 353 4974 —
367 4938 534 5007 Repetuntur
548 4942 577 4994 in
593 4944 685 5010 priore
704 4940 772 4996 libro
787 4941 938 5011 disputato.

130 5036 176 5089 ld.
200 5034 267 5088 Post
289 5031 444 5104 pristinum
467 5053 638 5106 sermonem,
654 5054 740 5110 quem
760 5039 790 5093 in
812 5038 940 5110 primum

126 5153 133 5188 ¹
151 5151 194 5200 Sic
202 5150 260 5199 Am.
268 5149 311 5198 Er.
322 5152 349 5198 et
360 5162 441 5212 prope
447 5153 605 5202 omnesllss.
612 5153 645 5202 At
652 5152 715 5202 Bad.
726 5157 752 5203 et
760 5153 832 5212 Lon,
844 5153 938 5204 evolet.

123 5213 205 5263 ²Am.
220 5212 262 5262 Er.
273 5215 300 5261 et
310 5211 483 5269 hommes.
500 5213 696 5278 Sedlegendum
705 5214 835 5264 eumllad.
845 5217 938 5265 etllss.

91 5289 182 5331 uaros.
193 5288 259 5338 quas
266 5272 430 5323 Romaniano
439 5274 533 5324 liberas
544 5290 559 5324 o
578 5280 617 5327 tat
625 5277 798 5340 Augustinus,
815 5282 844 5328 ut
855 5291 939 5329 assur·

93 5343 138 5401 gat
151 5342 177 5387 et
191 5338 300 5388 revolet.
310 5362 341 5375 -
353 5339 450 5396 Aures,
461 5336 539 5399 juxta
571 5353 608 5390 ar.
626 5340 660 5389 bl.

123 5403 133 5435 ³
149 5400 191 5449 Sic
202 5400 325 5449 scribitur
339 5399 367 5448 in
381 5399 569 5448 vetustioribus
583 5401 803 5465 etplurihusblss.
814 5403 895 5452 Porro
912 5402 939 5451 iu

91 5461 164 5526 prius
173 5463 237 5512 Edd.
248 5464 394 5513 luciniano
404 5466 511 5520 maaet
520 5461 614 5514 inllss.
622 5467 744 5527 quatuor,
751 5466 876 5516 Lucieno.

621 202 765 261 CONTRA
786 203 1025 272 ACADEMICOS,
1049 205 1079 261 S.
1100 202 1293 262 AUGUS’I'INl
1800 212 1846 266 Sti

988 325 1096 382 librum
1126 323 1311 392 contulimus,
1346 330 1457 397 septem
1486 326 1551 382 lere
1584 324 1698 382 diebus
1719 342 1736 380 a
1759 327 1848 400 d'npa-

987 413 1075 469 tundo
1091 412 1198 467 luimus
1214 411 1310 477 otiosi,
1331 427 1396 466 cum
1419 417 1477 467 tres
1493 415 1619 468 mutum
1638 412 1758 484 Virgilii
1773 415 1851 473 libros

987 508 1053 573 post
1066 500 1192 572 primum
1207 516 1431 570 recenseremus,
1444 506 1532 574 atque
1547 500 1628 556 utin
1643 506 1781 574 tempore
1791 519 1851 559 con·

988 605 1091 663 gruere
1106 589 1266 657 videbatur,
1288 593 1484 645 tractaremus.
1502 589 1570 655 Quo
1585 594 1694 646 tamen
1709 607 1800 662 opere
1813 593 1852 648 li·

988 679 1096 735 centius
1111 678 1140 731 in
1156 677 1276 748 poeticae
1290 675 1300 711 ¹
1317 678 1444 734 studium
1463 679 1505 734 sic
1526 678 1739 735 inflammatus
1753 682 1807 747 est,
1824 687 1855 737 ut

987 766 1169 837 aliquantum
1190 764 1262 821 mibi
1285 766 1371 821 etiam
1386 767 1595 838 reprimendus
1611 766 1780 824 videretur.
1796 770 1852 826 tam

988 853 1065 909 euim
1080 853 1113 908 ad
1143 854 1196 908 hac
1221 852 1381 909 intentione
1399 854 1436 911 ad
1450 855 1564 911 nullam
1582 871 1618 911 se
1642 870 1711 910 rem
1727 855 1854 913 devocari

987 943 1111 998 libenter
1135 941 1254 997 ferebat.
1281 942 1407 998 Tandem
1441 947 1542 999 tamen
1565 944 1606 1000 ad
1637 945 1852 1001 nuectandtr

988 1046 1075 1104 quam
1099 1029 1301 1086 distuleramus
1316 1030 1351 1086 de
1363 1031 1541 1086 Academicis
1556 1031 1852 1104 quaestionemque

988 1134 1080 1185 ame,
1101 1122 1241 1189 quantum
1260 1118 1350 1190 potui,
1375 1119 1473 1174 lumen
1496 1119 1706 1191 philosophias
1726 1120 1850 1178 laudare·

988 1212 1045 1275 tur,
1061 1224 1120 1262 non
1141 1208 1248 1262 invitas
1273 1206 1404 1263 accessit:
1429 1212 1458 1262 et
1480 1209 1555 1263 iurte
1577 1208 1647 1264 dies
1672 1208 1717 1264 ita
1740 1223 1852 1264 serenus

989 1296 1143 1364 effulserat,
1160 1300 1192 1351 ut
1206 1295 1278 1351 nudi
1292 1312 1409 1367 prorsus
1420 1297 1463 1351 rei
1478 1297 1584 1369 magis.
1603 1312 1702 1368 quam
1718 1312 1852 1352 serenan·

988 1387 1032 1442 dis
1046 1384 1265 1441 animisnostris
1283 1401 1442 1456 congruere
1456 1385 1622 1441 videretur.
1640 1385 1791 1442 Maturius
1804 1386 1853 1440 ita

989 1491 1044 1548 que
1058 1475 1140 1529 solito
1164 1475 1253 1529 lectos
1273 1473 1453 1545 reliquimus,
1475 1474 1703 1546 paululumque
1725 1490 1794 1528 eum
1807 1490 1850 1528 ru·

988 1563 1066 1618 sticis
1087 1562 1207 1633 egimus,
1232 1562 1309 1632 quod
1330 1567 1444 1633 tempus
1458 1562 1594 1633 urgebat.
1616 1563 1696 1616 Tum
1714 1561 1848 1634 Alypius:

987 1655 1148 1723 Antequam
1163 1666 1222 1716 vos,
1238 1650 1341 1722 inquit,
1357 1651 1473 1706 audiam
1487 1650 1524 1705 de
1536 1644 1733 1706 Academicis
1760 1651 1848 1722 dispu-

988 1745 1090 1807 tantes,
1104 1740 1168 1794 volu
1183 1739 1256 1794 mihi
1275 1739 1386 1810 legatur
1400 1754 1495 1793 sermo
1510 1739 1559 1793 ille
1573 1744 1678 1794 vester
1699 1754 1791 1810 quem
1812 1739 1848 1794 di-

988 1828 1051 1883 citis
1062 1844 1108 1883 me
1125 1828 1241 1883 absente
1254 1827 1412 1897 perfectum
1424 1843 1431 1881 :
1442 1842 1503 1881 uon
1518 1825 1602 1881 enim
1618 1843 1748 1898 possum
1764 1828 1848 1897 aliter,

989 1933 1054 1972 cum
1078 1916 1145 1971 iude
1166 1915 1251 1986 hujus
1277 1914 1491 1985 disceptationis
1521 1914 1638 1970 occasio
1661 1920 1739 1970 nata
1755 1917 1800 1983 sit,
1821 1918 1847 1971 in

989 2004 1139 2060 audiendis
1161 2003 1241 2058 vohis
1261 2018 1319 2058 non
1346 2007 1396 2057 aut
1410 2018 1516 2069 errare,
1533 2006 1586 2057 aut
1601 2008 1687 2058 certe
1712 2004 1844 2059 laborare.

988 2094 1071 2159 Quod
1087 2109 1152 2147 cum
1167 2093 1274 2147 lactum
1285 2095 1369 2158 esset,
1386 2095 1416 2146 et
1427 2091 1459 2145 in
1471 2106 1505 2145 eu
1516 2107 1594 2162 pene
1608 2095 1711 2147 totum
1727 2098 1845 2148 antem·

989 2182 1134 2239 ridianum
1147 2186 1261 2251 tempus
1275 2183 1480 2251 consumptum
1493 2180 1666 2235 videremus
1681 2200 1692 2248 3
1709 2181 1805 2237 redire
1816 2183 1846 2236 ab

990 2287 1068 2341 agro,
1082 2269 1133 2342 qui
1147 2269 1363 2325 deambulantes
1379 2285 1432 2323 nos
1445 2272 1608 2339 acceperat,
1627 2269 1759 2324 domum
1772 2270 1844 2324 insti·

988 2360 1105 2414 tuimus.
1122 2360 1156 2413 Et
1170 2357 1329 2413 licentius:
1347 2358 1458 2423 Quaeso,
1475 2356 1583 2428 inquit,
1607 2361 1681 2412 ante
1698 2358 1846 2429 prandium

990 2448 1061 2503 mihi
1074 2448 1199 2503 breviter
1213 2450 1303 2501 totam
1317 2444 1553 2500 Academicorum
1561 2446 1750 2501 sententiam
1763 2462 1842 2518 erpo

990 2536 1084 2591 nendo
1097 2539 1225 2606 repetere
1241 2550 1276 2588 ne
1289 2533 1425 2605 graveris,
1445 2549 1482 2586 ns
1497 2533 1568 2604 quid
1584 2533 1618 2588 in
1631 2549 1670 2589 ea
1689 2549 1739 2590 me
1752 2535 1843 2608 fugiat,

990 2624 1066 2695 quud
1080 2639 1134 2693 pro
1160 2621 1288 2694 partibus
1307 2621 1378 2676 meis
1398 2620 1444 2675 sit.
1470 2620 1595 2688 Faciam,
1615 2621 1758 2694 inquam,
1774 2627 1801 2678 et
1816 2638 1843 2677 eu

989 2711 1125 2766 libentius
1139 2726 1196 2782 qua
1209 2710 1245 2765 de
1255 2711 1310 2764 hac
1321 2725 1352 2765 re
1368 2709 1495 2781 cogitans
1508 2725 1616 2781 parum
1630 2713 1791 2782 prandeas
1802 2713 1842 2774 lta.

989 2799 1084 2872 inquit
1106 2799 1165 2865 ille,
1188 2798 1291 2853 isthinc
1311 2813 1429 2853 securus
1450 2797 1506 2852 sis:
1531 2814 1602 2853 nam
1632 2806 1665 2855 et
1687 2801 1804 2867 multos,
1821 2805 1843 2853 st

989 2889 1114 2943 maxime
1139 2891 1251 2959 patrem
1277 2901 1374 2941 meum
1408 2902 1484 2957 saepe
1506 2885 1710 2943 animadverti
1729 2906 1765 2954 eo
1786 2888 1841 2944 eda·

989 2978 1106 3044 ciorem,
1121 2992 1178 3048 quo
1202 2975 1334 3031 refertior
1355 2973 1431 3029 cuns
1451 2977 1533 3029 esset.
1551 2973 1671 3031 Deinde
1688 2980 1725 3032 tu
1740 2991 1842 3049 quoque

990 3067 1025 3122 de
1036 3066 1096 3121 istis
1109 3062 1207 3118 metris
1220 3062 1392 3135 cogitantem
1404 3077 1464 3116 non
1477 3063 1516 3116 sic
1527 3067 1673 3133 expertus
1679 3079 1725 3134 es,
1742 3069 1772 3119 ut
1785 3079 1843 3119 cara

990 3170 1054 3209 mea
1067 3167 1273 3208 mensasecura
1286 3151 1334 3206 sit.
1358 3151 1440 3215 Quod
1457 3150 1576 3222 quidem
1599 3155 1685 3222 apud
1711 3154 1841 3225 meipsum

990 3242 1090 3297 mirari
1103 3241 1194 3295 soleo:
1211 3239 1280 3311 quid
1296 3238 1373 3294 enim
1386 3238 1441 3293 sibi
1464 3239 1534 3309 vult,
1558 3240 1642 3311 quod
1669 3245 1744 3297 tuuc
1759 3241 1842 3297 cibum

990 3330 1164 3402 pertinacius
1177 3328 1338 3400 appetimus
1360 3342 1425 3381 eum
1443 3327 1473 3381 iu
1489 3327 1571 3382 aliud
1590 3328 1778 3386 intendimus
1791 3328 1841 3384 mi·

991 3420 1097 3474 mum?
1111 3419 1168 3471 Aut
1182 3415 1252 3486 quid
1266 3418 1309 3468 est
1322 3414 1398 3486 quod
1410 3417 1421 3451 ¹
1440 3414 1576 3469 manibus
1592 3421 1623 3471 et
1637 3416 1780 3474 dentibus
1799 3433 1842 3471 uo

991 3506 1068 3576 stris,
1082 3505 1225 3575 occupatis
1244 3503 1336 3568 nobis,
1360 3503 1475 3557 animus
1499 3502 1682 3574 imperiosus
1701 3506 1760 3562 litt
1781 3504 1844 3560 Audi

991 3594 1098 3668 potius,
1114 3593 1243 3665 inquam,
1260 3593 1295 3647 de
1307 3591 1485 3646 Academicis
1497 3591 1577 3663 quod
1591 3608 1763 3663 rogaveras,
1779 3597 1843 3649 nete

992 3687 1083 3737 metra
1099 3681 1153 3735 ista
1167 3681 1338 3746 volventem,
1356 3695 1413 3734 non
1433 3678 1527 3734 solum
1541 3678 1574 3732 in
1591 3681 1694 3750 epulis
1710 3683 1772 3737 sine
1792 3697 1842 3735 me·

992 3775 1046 3831 tro,
1062 3770 1111 3825 sed
1126 3768 1213 3824 etiam
1224 3768 1255 3822 in
1268 3768 1474 3840 questionibus
1488 3767 1596 3838 patiar.
1614 3769 1647 3825 Si
1663 3771 1738 3843 quid
1761 3775 1843 3826 auteur

992 3875 1045 3932 pro
1058 3874 1123 3913 mea
1135 3862 1216 3929 parte
1231 3856 1388 3924 occultabo,
1413 3855 1517 3927 prodet
1536 3856 1674 3928 Alypius.
1703 3860 1784 3914 Bona
1797 3858 1844 3913 lide

992 3953 1043 4002 tua
1056 3963 1128 4018 opus
1143 3950 1195 4009 est,
1210 3945 1306 4016 inquit
1320 3944 1457 4016 Alypius:
1473 3960 1540 3999 nam
1549 3944 1575 3998 si
1589 3948 1789 4003 metuendum
1802 3950 1843 4010 est,

992 4052 1030 4091 ne
1042 4034 1152 4107 aliquid
1176 4033 1312 4102 occultes,
1328 4049 1344 4087 a
1362 4048 1407 4088 me
1426 4031 1605 4104 deprehendi
1627 4034 1751 4091 difficile
1773 4049 1844 4107 posse

993 4125 1117 4180 arbitror
1131 4138 1208 4190 eum,
1222 4139 1239 4177 a
1253 4138 1312 4193 quo
1326 4138 1372 4177 me
1395 4122 1450 4176 ista
1468 4115 1601 4177 didicisse
1616 4124 1724 4180 nullus
1738 4125 1789 4197 qui
1807 4138 1845 4178 me

992 4215 1072 4270 novit
1097 4213 1222 4285 ignorat,
1248 4211 1409 4282 praesertim
1436 4226 1502 4265 cum
1527 4210 1559 4265 in
1592 4213 1754 4282 prodendo
1787 4227 1845 4267 vem

993 4319 1052 4358 uon
1066 4301 1158 4373 magis
1172 4299 1310 4369 victuriae,
1322 4315 1410 4371 quam
1422 4299 1518 4354 animo
1534 4303 1585 4354 tuo
1600 4302 1791 4357 consulturus
1804 4301 1844 4355 sis.

1135 4408 1249 4463 CAPUT
1265 4408 1297 4461 v.
1310 4436 1344 4447 —
1354 4406 1581 4462 Academicorum
1588 4409 1710 4478 placitu.

1030 4511 1073 4561 ll.
1090 4510 1190 4576 Agam,
1218 4504 1349 4576 inquam,
1376 4504 1453 4559 bona
1476 4503 1542 4571 lide,
1568 4506 1715 4576 quoniam
1737 4506 1846 4578 dejure

992 4594 1163 4666 praescribis.
1194 4594 1266 4648 Nam
1298 4597 1327 4648 el
1359 4592 1536 4648 Academicis
1570 4593 1693 4664 placuit,
1730 4612 1783 4651 nec
1806 4594 1846 4649 bc

993 4683 1066 4737 mini
1087 4681 1235 4737 scientiam
1255 4696 1340 4752 posse
1354 4681 1519 4751 contingere
1529 4696 1631 4736 earum
1649 4682 1795 4738 duntaxat
1806 4698 1845 4737 re·

992 4787 1070 4841 rum,
1086 4787 1150 4844 quae
1175 4771 1211 4826 ad
1233 4769 1448 4842 philosophiam
1465 4769 1627 4840 pertinent;
1652 4787 1725 4827 nam
1751 4776 1847 4827 catera

993 4876 1092 4916 curare
1113 4876 1142 4914 se
1172 4859 1332 4915 Carneades
1362 4857 1500 4930 negabat3
1526 4862 1678 4914 ettamen
1702 4860 1847 4916 hominem

992 4964 1077 5020 posse
1093 4964 1153 5003 esse
1168 4949 1337 5019 sapientem,
1354 4946 1549 5019 sapientisque
1561 4949 1658 5004 totum
1682 4964 1802 5015 munus,
1819 4952 1848 5003 ut

995 5042 1087 5096 abste
1110 5054 1238 5111 quoque,
1259 5035 1380 5106 Licenti,
1394 5037 1443 5090 illo
1465 5051 1600 5091 sermone
1624 5036 1785 5093 dmsenum
1799 5041 1846 5103 est,

1027 5157 1034 5190 ¹
1046 5156 1162 5212 Poenis,
1173 5153 1251 5218 juxta
1265 5153 1323 5202 Par.
1341 5151 1473 5204 Poeticunt
1487 5149 1618 5210 stadium.
1632 5150 1769 5214 juxtam.
1787 5152 1846 5202 t'cn.

994 5217 1168 5390 Lotvitemtque
1176 5278 1248 5335 llas,
1260 5275 1425 5339 uutqaisest
1436 5274 1623 5339 carmanum.
1633 5275 1699 5326 ilex
1710 5290 1743 5328 ex
1751 5277 1849 5326 iisnou·

992 5340 1099 5393 nullast
1131 5340 1236 5390 colibus
1251 5339 1354 5389 nostris
1368 5338 1440 5388 nous
1449 5337 1585 5400 compotis
1597 5338 1681 5388 nimis
1694 5341 1849 5409 munimus

992 5398 1030 5462 fit.
1046 5402 1097 5453 Alii
1106 5406 1252 5465 porrotrea
1265 5403 1288 5451 et
1299 5401 1422 5452 motibus
1431 5403 1530 5453 uostris
1539 5402 1683 5465 occupatis
1692 5405 1847 5453 mansione

993 5478 1050 5515 mos
1061 5465 1225 5530 imperiosas
1238 5461 1278 5530 fit.
