3884 6112
108 185 175 254 'oto

124 327 169 378 ter
200 318 321 392 quaesite
348 315 485 382 raritate;
511 311 677 386 postpositis
704 309 812 365 coetcris
840 307 973 362 omnibus

126 409 222 475 rebus,
238 406 332 473 nobis,
348 405 370 459 si
386 404 462 460 beati
477 418 537 457 esse
555 402 697 468 volumus,
712 396 905 469 perquirenda
920 400 972 451 est.

128 496 320 562 Quamobrem
333 494 393 565 jam
404 494 497 557 istam,
511 495 544 545 ut
559 489 627 555 dixi,
639 486 864 558 disputationem
875 483 974 539 termi-

129 602 242 652 nemus,
258 589 287 639 et
300 584 418 638 relatam
435 582 465 635 iu
480 579 588 633 litteras
615 577 773 641 mittamus,
792 573 909 642 Licenti,
923 590 976 645 po-

130 674 272 730 tissimum
300 671 374 743 patri
401 675 461 735 tuo,
486 668 567 738 cujus
593 681 660 736 erga
687 662 900 735 philosophiam
916 662 977 732 jam

131 779 246 835 prorsus
269 761 397 815 animum
429 762 521 811 teneo.
552 755 606 810 Sed
633 754 727 809 adhuc
751 769 816 825 qaas
835 752 977 818 admittat,

132 866 230 922 quaero
245 850 398 902 fortunam.
416 844 532 899 lucendi
551 847 647 899 autem
662 843 691 896 in
707 843 768 897 baec
789 840 881 895 studia
894 841 978 895 vehe-

132 937 256 992 mentius
271 934 386 1006 poterit,
400 949 464 987 cum
485 932 610 1002 teipsum
633 931 695 1002 jam
709 931 850 984 intentum
866 944 979 984 mecum

673 186 814 244 tutatur
833 184 1069 250 Aelaniticus,
1091 184 1119 240 S.
1140 182 1332 240 AUGUS'l'lNl

1838 187 1884 239 sto

1030 307 1069 362 sic
1082 307 1186 373 vivere,
1202 321 1261 362 non
1270 305 1412 362 audiendo
1426 305 1532 374 solnm,
1546 319 1655 361 rerum
1666 304 1761 361 etiam
1772 304 1888 374 legende

1030 396 1086 451 ista
1100 395 1275 466 cognoverit.
1290 393 1353 449 'libi
1371 398 1466 450 autern
1480 393 1516 463 si,
1543 397 1580 448 ut
1594 391 1706 460 sentio,
1734 392 1889 447 Academici

1030 487 1155 556 placent,
1179 485 1253 539 vires
1275 484 1310 539 ad
1334 499 1383 539 eos
1404 481 1604 539 defendendos
1622 479 1788 536 validiores
1811 496 1889 550 para:

1032 590 1100 629 nem
1114 573 1178 628 illos
1192 589 1245 645 ego
1258 588 1323 628 reos
1344 572 1432 627 citare
1456 571 1572 628 decrevi
1589 572 1611 626 ¹.
1627 571 1706 635 Quae
1720 583 1792 624 cam
1806 574 1891 623 essem

1033 659 1117 726 dicte,
1134 658 1288 748 prandiam
1303 663 1435 730 paratum
1448 674 1510 714 esse
1515 656 1737 713 annuntiatum
1749 658 1805 722 est,
1816 658 1891 726 atquc

1033 753 1217 793 surreximus.

1066 829 1074 861 ¹
1088 826 1209 890 Antiquae
1224 825 1412 887 editiones,epo
1424 836 1556 876 ‘aremare
1567 824 1694 878 dxreet.
1711 820 1759 871 Sic
1765 821 1847 870 etiarn
1856 821 1891 870 ali

1034 888 1168 952 quotbles.
1176 887 1393 951 vetustioree,qni
1402 887 1548 951 paulopost
1557 899 1615 936 uon
1625 884 1738 934 habent
1749 883 1889 932 bmcrerha

1033 950 1177 1014 prandiam
1189 952 1321 1013 paratam
1333 961 1386 999 esse
1396 950 1591 1000 annuntiatam
1606 949 1660 1005 est,
1677 948 1779 1010 atque.

629 1122 887 1244 LIBER
933 1113 1386 1243 SECUNDUS.

165 1292 359 1342 liemanienum
370 1290 540 1339 Maecenatem
548 1300 626 1335 suum
636 1287 668 1335 ad
678 1287 888 1350 amplectendam
898 1282 1091 1348 philosophiam
1100 1294 1190 1351 rursus
1200 1293 1261 1329 eum
1271 1279 1338 1343 grati
1348 1279 1430 1329 animi
1439 1277 1638 1343 significatione
1648 1275 1792 1348 hortatur,
1800 1277 1889 1346 tresque

133 1354 171 1404 illi
188 1353 313 1403 describit
326 1351 489 1409 collationes,
505 1349 532 1397 in
544 1362 656 1411 quarem
674 1349 758 1411 prime
776 1349 942 1410 explicantur
958 1345 1053 1408 prlaeita
1066 1343 1292 1414 Academicorum.
1310 1341 1470 1391 insecundo
1486 1353 1564 1390 novae
1582 1353 1614 1388 ec
1631 1343 1738 1388 veteris
1748 1337 1889 1410 ¹Acetlemre

135 1416 289 1466 discrimina
301 1413 466 1471 referuntur;
481 1414 507 1459 et
518 1410 669 1473 exploditur
680 1410 810 1459 sententia
823 1410 916 1457 horum
930 1406 1157 1471 philosophorum,
1168 1418 1213 1476 qur
1223 1417 1283 1476 cum
1294 1417 1385 1452 verum
1399 1403 1471 1474 haud
1485 1414 1564 1466 posse
1579 1399 1756 1464 deprehendi
1770 1403 1888 1463 putarent

134 1478 188 1527 reri
203 1483 292 1527 tamea
307 1475 391 1525 simile
406 1487 433 1523 se
446 1473 519 1535 sequi
534 1472 728 1535 profiterentur.
745 1473 775 1521 ln
790 1471 866 1521 tertia
881 1470 977 1520 dicitur
992 1469 1056 1532 quid
1071 1468 1110 1516 illi
1122 1466 1263 1516 verrermrle
1275 1479 1321 1515 eeu
1333 1465 1470 1529 probabile
1479 1463 1662 1528 appellarent.

137 1641 249 1697 CAPUT
268 1637 416 1693 PRIMUM.
439 1667 467 1674 -
496 1637 595 1691 Contra
623 1635 850 1690 Academicorum
866 1638 984 1690 rationes

403 1726 451 1779 liei
465 1725 572 1778 auxilio
587 1738 653 1793 opus
672 1728 721 1777 est.

175 1820 200 1871 l.
225 1814 254 1870 si
281 1829 368 1885 quam
392 1827 508 1866 necesse
537 1814 580 1864 est
607 1809 758 1880 disciplina
783 1813 867 1882 atque
895 1809 985 1865 scien·

137 1902 178 1957 tia
190 1900 338 1971 sapientiae
349 1914 470 1953 vacuum
485 1913 545 1951 esse
570 1913 626 1950 uon
649 1912 731 1968 posse
746 1897 913 1968 sapientem,
927 1902 987 1952 tem

139 2007 201 2046 eam
216 2005 330 2044 necesse
343 1992 418 2043 esset
431 1985 634 2041 inveniredum
649 1985 804 2057 quieritur3
819 1986 912 2039 omnis
922 2001 987 2056 pro-

138 2078 212 2134 fecto
231 2076 467 2150 Academicorum
478 2074 522 2128 vel
537 2072 690 2138 calumnie,
707 2073 750 2126 vel
765 2072 932 2143 pertinacia,
943 2071 985 2127 vel

139 2166 306 2238 pervicacia,
322 2166 377 2231 vel,
394 2167 427 2218 ut
437 2178 489 2233 ego
504 2161 650 2216 interdum
664 2159 797 2227 arbitror,
807 2175 933 2231 congrua
945 2159 988 2215 illi

140 2252 264 2323 tempori
279 2251 362 2319 ratio,
377 2250 462 2304 simul
476 2247 613 2317 cumipse
625 2251 764 2317 tempore,
780 2252 883 2301 etcum
899 2247 989 2318 ipsius

141 2340 292 2397 Carneadis
304 2337 506 2405 Ciceronisque
532 2335 699 2405 corporibus
713 2337 824 2405 sepulta
838 2336 919 2390 foret.
935 2336 990 2391 Sed

142 2429 209 2502 quia
224 2429 281 2483 sive
300 2428 365 2482 vitm
389 2426 474 2497 hujus
494 2424 592 2478 multis
615 2423 757 2495 variisque
777 2424 989 2494 jactationibus,

142 2517 329 2584 Romaniane,
344 2515 420 2569 utin
440 2513 540 2568 eodem
555 2517 584 2567 te
598 2512 713 2583 probas,
729 2511 786 2565 sive
809 2512 990 2583 ingeniorum

143 2606 268 2678 quodam
288 2608 414 2674 stupore,
437 2602 481 2656 rel
504 2600 632 2654 socordia
657 2602 702 2654 vel
723 2599 855 2654 tarditate
874 2605 990 2671 torpea-

142 2693 226 2761 tium,
238 2692 297 2746 sive
310 2689 508 2762 desperatione
530 2687 714 2753 inveniendi,
739 2688 806 2758 quia
832 2703 889 2741 nou
904 2703 992 2760 qnam

143 2781 224 2837 facile
240 2779 328 2834 oculis
343 2779 396 2833 ista
411 2779 471 2845 lux,
493 2780 553 2830 tam
574 2776 656 2830 facile
678 2775 823 2830 meatibus
845 2775 992 2846 sapientiae

144 2868 221 2923 sidus
234 2867 382 2934 oboritur;
397 2866 455 2920 sive
470 2864 555 2919 etiam
571 2865 620 2934 qui
643 2880 723 2918 error
745 2863 874 2918 omnium
902 2880 994 2935 popu·

143 2954 238 3008 lorum
253 2957 305 3019 est,
321 2953 391 3006 falsa
413 2951 549 3022 opinione
573 2951 698 3005 iuventte
713 2967 730 3005 a
745 2966 774 3004 se
784 2951 920 3017 veritatis,
940 2967 992 3006 nec

144 3041 297 3111 diligenter
311 3039 440 3094 homines
455 3037 837 3111 quaerunt,siqulquaerunt,
854 3044 882 3093 et
893 3055 994 3111 aquoe·

146 3128 225 3183 rendi
245 3128 391 3182 voluntate
409 3130 594 3192 avertuntur;
616 3126 711 3181 evenit
737 3132 767 3180 ut
790 3127 906 3182 scientia
929 3144 993 3182 raro

146 3213 302 3286 paucisque
325 3216 476 3283 proveniat
497 3229 504 3266 ε
524 3228 616 3283 coque
639 3213 681 3281 tit,
706 3218 737 3267 ut
759 3216 995 3270 Academicorum

146 3317 235 3368 arma,
252 3299 367 3372 quando
382 3314 449 3353 eum
463 3299 504 3352 eis
519 3299 554 3353 ad
570 3315 672 3353 manus
684 3301 807 3370 venitur,
824 3319 876 3357 nee
887 3303 995 3357 medio·

146 3388 330 3455 cribusriris,
357 3388 406 3442 sed
427 3386 517 3441 acutis
541 3391 569 3441 et
587 3387 660 3442 bene
682 3390 812 3457 eruditis,
836 3390 940 3445 invicta
966 3396 995 3446 et

147 3476 229 3551 quasi
245 3475 381 3532 Vulcania
403 3474 565 3530 videantur.
589 3476 782 3540 Quamobrem
810 3483 909 3533 contre
932 3478 995 3533 illos

147 3569 249 3622 fluctus
263 3566 459 3636 procellasque
474 3564 608 3634 fortuna,
621 3580 686 3619 cum
702 3566 891 3621 obnitendum
909 3566 995 3621 remis

148 3654 402 3728 qualiumcumque
422 3652 573 3721 virtutum,
602 3656 664 3708 tum
687 3654 718 3709 in
740 3655 840 3726 primis
866 3654 995 3710 divinum

147 3743 286 3800 auxilium
301 3741 381 3796 omni
395 3742 542 3796 devotione
558 3748 643 3813 atque
658 3742 764 3813 pietate
782 3744 995 3815 implorandum

148 3836 208 3898 est;
226 3829 391 3885 utinteutio
413 3829 641 3884 constantissima
665 3831 810 3886 bonorum
835 3833 995 3887 studiorum

148 3923 244 3974 teneat
258 3933 372 3972 cursum
383 3932 477 3983 suum,
493 3932 509 3969 a
524 3933 581 3989 quo
591 3932 655 3972 eam
666 3918 762 3973 nullus
771 3936 851 3975 casus
861 3920 994 3987 excutiat,

149 4005 305 4079 quominus
329 4005 409 4059 illem
428 4004 616 4075 philosophia
642 4005 801 4061 tutissimus
822 4009 996 4080 jucundissi-

149 4112 271 4168 musque
286 4099 388 4167 portus
401 4093 531 4164 accipiat.
552 4096 617 4150 llaee
639 4095 733 4166 prima
754 4101 802 4152 tua
825 4114 909 4153 causa
936 4104 994 4166 est;

149 4187 217 4241 binc
227 4171 280 4241 tibi
293 4188 401 4250 metuo,
417 4183 483 4238 hinc
500 4187 528 4238 te
539 4184 623 4255 cupio
637 4184 762 4253 liberari,
777 4185 853 4254 hinc,
871 4187 895 4241 si
910 4187 995 4242 modo

97 4281 100 4288 '
150 4275 255 4347 dignus
267 4274 322 4328 sim
337 4273 387 4345 qui
396 4273 559 4346 impetrem,
573 4274 747 4345 quotidianis
758 4275 830 4330 votis
845 4291 928 4331 auras
944 4276 997 4332 tibi

149 4379 299 4436 prosperas
313 4377 395 4416 orare
410 4377 468 4416 non
483 4376 581 4430 ccsso;
598 4378 647 4417 oro
666 4367 761 4418 autem
786 4364 879 4435 ipsam
891 4365 997 4418 summi

150 4452 201 4507 Dei
215 4451 354 4506 Virtutem
367 4454 451 4520 etque
475 4449 658 4520 Sapientiam.
673 4451 747 4515 Quid
758 4459 801 4507 est
815 4453 892 4508 enim
907 4455 995 4522 aliud,

149 4556 236 4612 quem
250 4538 384 4610 mysteria
398 4537 479 4593 nobis
493 4538 610 4592 tradunt
624 4538 675 4593 liei
689 4540 815 4594 filium?

185 4631 211 4682 t.
228 4626 347 4681 llultum
357 4629 454 4680 autem
468 4642 514 4680 me
527 4626 674 4698 adjuvabis
679 4643 731 4697 pro
745 4632 772 4683 te
784 4629 995 4701 deprecantem,

150 4713 997 4786 sinonnosexaudiripossedesperes,nitarisquenobiscum

150 4806 178 4857 et
192 4807 224 4857 tn
237 4817 295 4856 non
310 4803 402 4856 solum
417 4802 497 4870 votis,
514 4803 563 4857 sed
578 4803 665 4858 etiem
679 4805 834 4872 voluntate,
851 4811 936 4878 atque
950 4807 997 4861 illa

149 4895 200 4947 tua
213 4889 336 4946 naturali
352 4889 455 4944 montis
468 4890 627 4957 altitudine,
643 4897 761 4965 propter
777 4909 863 4965 quam
880 4899 907 4949 te
921 4912 999 4967 quae·

149 4995 192 5048 ro,
208 4995 265 5051 qua
277 4977 459 5048 singulariter
478 4979 612 5049 delector,
628 4998 715 5053 quam
730 4998 843 5053 semper
860 4984 997 5050 admiror,

150 5084 215 5141 quie
227 5068 258 5123 in
273 5072 310 5134 te,
327 5067 398 5137 proh
414 5066 511 5121 nefasl
528 5069 583 5123 illis
594 5086 689 5125 rerum
704 5071 924 5126 domesticarum
944 5089 997 5127 nu·

148 5156 234 5211 bibus
246 5153 328 5228 quasi
354 5154 464 5207 fulmen
490 5155 654 5224 involvitur,
671 5164 699 5212 et
723 5159 839 5225 multos,
862 5174 895 5212 ac
922 5176 996 5230 pene

149 5261 248 5300 omnes
262 5244 352 5299 latet:
369 5257 415 5296 me
430 5246 536 5309 autem,
552 5247 580 5298 et
594 5245 693 5313 alium,
709 5247 753 5301 vel
767 5245 896 5313 tertium,
912 5247 995 5302 fami-

111 5355 113 5359 ·
148 5333 388 5399 liarissimostuos
403 5331 490 5386 latere
503 5347 561 5386 non
576 5334 736 5406 potest,qni
746 5351 821 5407 saepe
833 5350 891 5390 non
901 5336 995 5391 solnm

1039 1633 1154 1704 fulgura
1167 1631 1335 1686 fulminibus
1347 1629 1482 1702 propiora
1491 1628 1715 1701 conspeximus.
1731 1628 1805 1694 Quis
1813 1629 1889 1698 enin,

1041 1726 1072 1775 ut
1086 1725 1189 1775 catera
1201 1736 1252 1792 pro
1260 1724 1391 1790 tempore
1404 1723 1512 1774 taceam
1519 1722 1652 1774 etenum
1659 1733 1889 1785 commemorem

1040 1808 1115 1881 quis,
1129 1808 1258 1881 inquam.
1274 1813 1334 1863 tam
1349 1807 1443 1863 subito
1460 1822 1587 1879 unquam
1612 1811 1737 1862 tantum
1767 1807 1889 1873 intonuit,
1933 1826 1935 1831 ·

1041 1902 1212 1970 tantumque
1226 1898 1336 1952 lumine
1348 1897 1453 1951 mentis
1466 1896 1595 1963 emicuit,
1613 1903 1652 1952 ut
1672 1895 1731 1951 sub
1748 1899 1831 1950 uno¹
1849 1897 1890 1951 tre

1042 1986 1112 2040 mitu
1130 1986 1261 2057 rationis,
1276 1991 1306 2041 et
1318 1986 1444 2058 quodam
1463 1984 1668 2040 coruscamine
1689 1985 1890 2056 temperentia,

1041 2090 1100 2129 nno
1117 2074 1218 2129 dieilla
1231 2074 1323 2145 pridie
1329 2074 1482 2128 sevissima
1491 2073 1608 2145 penitus
1619 2073 1716 2129 libido
1727 2076 1892 2129 moreretur?

1043 2164 1154 2234 Ergone
1160 2178 1219 2218 non
1227 2162 1517 2235 erumpetaliqnando
1526 2161 1581 2216 ista
1589 2162 1695 2229 virtus,
1704 2166 1738 2218 et
1749 2164 1892 2218 multos-nn

1043 2251 1256 2322 desperantium
1268 2251 1341 2305 risus
1354 2251 1386 2304 in
1400 2251 1547 2306 horrorem
1557 2255 1781 2323 stuporemque
1791 2267 1893 2306 conmr

1043 2344 1101 2406 tet;
1117 2344 1145 2394 et
1160 2341 1252 2394 locuta
1261 2339 1382 2394 interris
1392 2339 1473 2411 quasi
1486 2339 1622 2410 quasdam
1632 2339 1893 2411 futororumsigna,

1044 2444 1143 2483 rursus
1157 2429 1285 2498 projecto
1295 2428 1381 2482 totius
1397 2427 1523 2499 corporis
1537 2443 1629 2482 onere
1654 2433 1794 2482 recum
1808 2429 1837 2482 in
1853 2444 1895 2481 ca

1045 2518 1128 2571 lum‘f
1143 2518 1253 2588 Ergone
1268 2517 1444 2587 Augustinus
1464 2516 1498 2570 de
1518 2516 1707 2571 Romaniano
1732 2517 1840 2572 frustra
1852 2517 1895 2570 ista

1045 2605 1137 2659 dirit‘?
1152 2606 1213 2660 Non
1228 2605 1302 2659 siuet
1319 2605 1368 2659 ille
1378 2605 1424 2659 cui
1442 2620 1487 2659 me
1503 2608 1595 2659 totum
1618 2605 1704 2672 dedi,
1721 2622 1814 2678 quem
1829 2621 1894 2660 nunc

1045 2708 1247 2764 recognoscere
1262 2692 1443 2764 aliquantum
1457 2693 1540 2763 coepi.

1046 2799 1158 2853 CAPUT
1173 2799 1209 2854 ll.
1222 2826 1254 2837 -
1270 2799 1442 2853 Romaniano
1460 2800 1535 2864 arati
1547 2800 1640 2853 animi
1658 2800 1897 2870 obsequimeeii

1170 2886 1222 2954 bet,
1237 2901 1349 2955 cumque
1362 2887 1400 2941 od
1413 2886 1614 2957 philosophiam
1636 2889 1787 2946 hortatur.

1083 2995 1108 3048 3.
1126 2992 1199 3063 Ergo
1216 2991 1371 3063 aggredere
1400 3008 1512 3047 mecum
1534 2991 1785 3065 philosophiam:
1805 2995 1848 3050 hie
1866 2997 1898 3048 m

1047 3079 1188 3152 quidquid
1201 3084 1229 3134 te
1244 3080 1359 3135 anxium
1373 3096 1458 3152 soepe,
1488 3086 1575 3153 atque
1605 3082 1802 3139 dubitantem
1824 3083 1897 3138 mira·

1046 3167 1143 3223 biliter
1157 3169 1231 3222 solet
1245 3184 1369 3223 movere.
1387 3168 1449 3223 Non
1464 3168 1541 3224 enim
1557 3174 1662 3225 metuo
1679 3177 1737 3226 aut
1752 3190 1770 3227 a
1784 3170 1897 3227 socordia

1048 3271 1173 3322 morum,
1186 3257 1392 3312 autetarditate
1402 3256 1511 3328 ingenii
1520 3256 1573 3311 tui.
1584 3257 1789 3322 Quisenimte
1799 3260 1896 3333 quando

1049 3344 1228 3416 aliquantam
1244 3345 1384 3416 respirare
1399 3361 1565 3400 concessum
1586 3340 1643 3412 est,
1664 3346 1701 3403 in
1729 3348 1896 3405 sermonibus

1046 3433 1135 3487 notris
1147 3432 1333 3504 vigilantior?
1349 3432 1697 3504 quisacntiorapparuit‘f
1714 3437 1831 3508 Ergone
1849 3434 1894 3508 atti

1048 3520 1169 3592 gratim
1184 3536 1243 3575 non
1256 3520 1436 3591 repensabo?
1445 3537 1481 3575 an
1500 3520 1624 3576 fortasse
1637 3523 1801 3593 paululum
1809 3522 1895 3580 debeo?

1048 3611 1088 3664 Tu
1105 3625 1150 3663 me
1160 3609 1405 3664 adolescentulum
1416 3625 1572 3680 pauperem
1589 3610 1627 3665 ad
1638 3611 1894 3684 peregrina¹studir

1049 3702 1227 3768 pergentem,
1243 3697 1363 3752 etdomo
1372 3701 1401 3752 et
1415 3702 1541 3769 sumptu,
1555 3701 1594 3765 et,
1607 3700 1692 3770 quod
1704 3701 1777 3772 pius
1786 3707 1836 3766 est,
1846 3701 1894 3755 eni·

1049 3800 1096 3839 mo
1112 3784 1255 3855 excepisti.
1278 3787 1320 3840 Tu
1343 3789 1423 3857 patre
1438 3785 1569 3840 orbatum
1592 3787 1731 3843 amicitia
1751 3790 1894 3845 consolatus

1050 3888 1090 3942 es,
1105 3873 1265 3927 hortatione
1291 3871 1433 3937 animasti,
1454 3887 1507 3943 ope
1530 3872 1678 3944 adjuvisti.
1703 3878 1749 3932 'l'u
1769 3877 1800 3932 in
1816 3879 1894 3933 nostro

1048 3961 1110 4032 ipso
1125 3959 1292 4032 municipio,
1304 3961 1411 4028 favore,
1425 3960 1630 4030 familiaritate,
1641 3965 1894 4022 communicatione

1050 4049 1152 4104 domne
1166 4053 1223 4103 ture
1233 4065 1305 4120 pene
1318 4054 1413 4104 tecum
1426 4050 1533 4104 claram
1546 4050 1774 4127 primatemque
1789 4071 1833 4110 me
1843 4054 1894 4109 feei·

1049 4138 1093 4192 sti.
1109 4139 1151 4193 Tu
1159 4138 1359 4208 Carthaginem
1372 4138 1537 4194 illustrioris
1551 4139 1751 4210 professionis
1765 4143 1895 4216 gratare

1050 4230 1204 4290 meantem,
1219 4242 1282 4281 cum
1298 4225 1350 4280 tibi
1369 4226 1421 4280 soli
1437 4230 1484 4281 ’et
1500 4241 1634 4282 meorum
1656 4231 1736 4285 nulli
1761 4231 1895 4288 consilinm

1050 4330 1147 4369 meum
1162 4330 1299 4386 spemque
1314 4315 1498 4386 aperuissem,
1511 4317 1645 4386 quamvis
1659 4317 1847 4391 aliquantum
1859 4320 1897 4373 illo

1051 4402 1103 4457 tibi
1118 4403 1214 4470 insito,
1231 4403 1298 4475 quia
1311 4402 1351 4457 ibi
1362 4404 1423 4474 jam
1434 4403 1580 4471 docebam,
1597 4406 1706 4475 patriae
1727 4425 1828 4464 amore
1840 4425 1898 4463 cun·

1051 4495 1141 4545 ctatus
1155 4507 1184 4545 es
1201 4507 1208 4544 ε
1225 4497 1319 4546 tamen
1337 4491 1387 4546 ubi
1401 4491 1529 4547 evincere
1547 4492 1745 4552 adolescentis
1767 4498 1898 4570 cupidiu-

1051 4583 1120 4649 tem,
1135 4579 1171 4634 ad
1185 4596 1218 4634 ca
1233 4596 1297 4651 quae
1308 4579 1477 4636 videbantur
1491 4580 1611 4636 meliora
1627 4584 1792 4655 tendentis,
1808 4585 1899 4659 nequi·

1052 4669 1103 4735 sti;
1119 4685 1151 4723 ex
1168 4668 1349 4723 dehortatore
1366 4669 1396 4724 in
1411 4669 1573 4740 adjutorem
1601 4671 1677 4726 mira
1697 4673 1900 4732 benevolentia

1052 4757 1246 4812 moderatione
1274 4772 1425 4812 conversus
1448 4773 1486 4812 es.
1513 4759 1556 4812 Tu
1580 4762 1756 4817 necessariis
1775 4764 1901 4819 omnibus

1052 4846 1107 4902 iter
1121 4845 1329 4901 adminiculasti
1339 4862 1445 4902 meum.
1459 4848 1500 4901 Tu
1510 4845 1616 4901 ibidem
1628 4863 1744 4918 rursus,
1761 4853 1814 4924 qui
1824 4868 1901 4907 euua-

1052 4934 1129 4999 hula,
1141 4937 1170 4987 et
1184 4932 1265 5004 qnasi
1280 4932 1380 4987 nidum
1390 4933 1549 4989 studiorum
1564 4949 1701 4992 meorum
1715 4938 1839 5007 foveras,
1848 4941 1901 5011 jam

1052 5021 1147 5075 volare
1162 5020 1293 5076 audeatis
1308 5022 1471 5077 sustentasti
1485 5022 1659 5079 rudimenta.
1675 5027 1723 5083 'l'u
1738 5027 1830 5084 etiam
1843 5043 1901 5083 cunt

1051 5112 1078 5162 te
1090 5109 1205 5164 absente
1226 5115 1311 5181 atque
1326 5111 1475 5181 ignorante
1490 5111 1683 5183 navigassem,
1698 5116 1775 5172 nihil
1791 5133 1902 5173 succen-

1084 5252 1089 5283 ¹
1106 5250 1306 5311 Quatuorllss.,
1324 5251 1382 5304 ttto.

1080 5312 1134 5360 'tn
1149 5313 1210 5362 tiss.
1226 5315 1383 5377 pervetustis
1400 5314 1472 5364 deest
1483 5328 1545 5373 vox.
1559 5321 1718 5378 peremtum.

1080 5374 1090 5407 ²
1108 5375 1149 5423 Sic
1157 5375 1234 5438 justa
1248 5388 1340 5427 omnes
1354 5376 1430 5435 aaa,
1446 5381 1541 5440 praeter
1555 5376 1594 5437 B.,
1606 5378 1634 5428 in
1652 5383 1757 5445 quihus
1776 5385 1901 5434 omittitur

149 5424 255 5478 attente
269 5421 430 5477 audivimus
445 5434 594 5482 murmura
610 5428 669 5487 tua,
686 5423 733 5478 scd
751 5423 836 5479 etiam
852 5425 992 5480 nonnulla
1048 5436 1106 5485 soit.
1121 5437 1153 5485 tt.
