3884 6112
86 259 133 312 err
687 245 973 315 sonrnoumonuu
992 246 1019 302 s.
1042 245 1235 303 suuusrmr
1801 234 1850 306 esi

87 378 241 434 minamur.
258 377 333 430 Deus
346 391 398 446 per
411 387 497 445 quem
512 370 647 427 discimus
669 370 762 426 atiena
783 385 843 426 esse
866 385 931 441 quae
990 373 1041 425 tuo
1060 368 1158 441 paucis
1172 368 1336 425 notissimo.

85 463 240 537 aliquando
268 467 375 530 nostra,
405 467 433 516 et
460 465 557 515 nostra
584 475 644 514 esse
683 476 748 531 quae
779 458 933 530 aliquando
1023 462 1048 512 5.
1064 458 1361 523 lamtesolumamu,
1384 461 1412 512 te
1435 458 1529 512 sulum
1558 471 1676 528 sequor,
1707 461 1739 513 te
1756 459 1846 514 solum

85 554 178 610 aliena
201 553 383 624 putabamus.
414 551 488 605 Usus
511 564 672 620 perquem
694 549 838 603 malorum
863 545 935 602 escis
988 562 1097 619 quaero,
1113 547 1163 602 tibi
1178 546 1229 601 soli
1256 545 1362 600 servire
1390 550 1506 617 paratus
1532 562 1609 612 sum,
1629 546 1702 618 quia
1725 550 1761 601 tu
1777 547 1851 603 solus

86 647 171 712 atque
185 639 326 695 illecebris
353 655 410 694 non
435 639 589 694 haeremus.
620 639 693 693 Deus
715 652 867 709 perquem
883 651 934 689 llus
985 633 1061 705 juste
1075 633 1252 700 dominaris;
1278 633 1320 689 tui
1341 633 1416 705 juris
1435 649 1497 688 esse
1518 634 1616 705 capio.
1637 633 1727 700 lube,
1743 650 1851 706 queso.

86 746 132 784 res
159 729 277 783 minutae
308 743 366 783 non
394 726 540 782 minuunt.
560 726 699 798 Deusper
721 741 808 797 quem
831 723 935 778 melius
990 728 1075 793 alque
1089 722 1201 795 impera
1214 722 1354 795 quidquid
1367 720 1420 790 vis,
1445 722 1494 776 sed
1519 738 1589 776 sana
1604 726 1637 776 et
1659 722 1748 793 aperi
1773 739 1853 778 eures

85 821 214 873 nostrum
229 814 365 872 deteriori
374 815 534 884 subjectum
547 818 671 870 nonest.
688 815 764 869 Deus
779 828 834 885 per
850 825 936 884 quem
990 825 1078 878 ineas,
1092 810 1197 882 quibus
1208 826 1291 865 voces
1305 817 1368 865 tuas
1382 808 1508 864 audiam.
1519 809 1596 865 Sana
1610 813 1639 865 et
1652 809 1743 881 speri
1758 813 1854 865 oculos

86 922 163 960 mors
177 903 344 960 absorbetur
366 903 397 957 in
416 902 562 957 victoriam
584 902 607 973 (l
627 904 686 959 Uer.
714 918 761 971 xv,
790 901 846 972 54).
865 901 938 954 oeus
990 913 1079 965 meos,
1096 897 1199 971 quibus
1214 903 1301 954 nutus
1324 904 1388 954 tuos
1403 898 1523 953 videam.
1541 899 1659 971 Expelle
1674 915 1694 954 a
1710 915 1761 954 me
1775 899 1853 954 insa·

87 994 137 1065 qui
151 1009 203 1048 nos
216 992 356 1047 convertis
379 990 429 1063 qui
453 1007 504 1045 nus
531 1005 565 1045 eo
592 989 670 1061 quod
691 1005 749 1045 non
775 993 818 1043 est
843 987 937 1053 exuis,

84 1086 112 1136 οι
128 1098 161 1136 ee
176 1080 253 1153 qued
263 1086 305 1135 est
319 1079 423 1134 induis.
438 1080 511 1134 Ueus
527 1077 577 1149 qui
593 1093 644 1132 nos
659 1077 836 1133 exaudibiles
849 1074 934 1130 facis.

89 1171 161 1226 lleus
173 1169 225 1241 qui
239 1185 291 1224 nos
305 1166 400 1223 munis
416 1168 434 1221 ¹.
452 1165 578 1237 Ueusqui
593 1181 646 1220 nos
671 1165 701 1220 in
725 1180 841 1221 omnem
864 1163 937 1218 veri·

88 1263 176 1314 tatem
191 1257 311 1312 inducis.
327 1257 401 1309 lleus
417 1253 466 1325 qui
490 1253 575 1308 nubis
595 1253 692 1308 omnia
706 1254 781 1309 bone
800 1251 938 1323 loqueris,

88 1362 140 1401 nec
154 1346 270 1399 insanos
292 1343 372 1407 facis,
389 1357 472 1396 neca
493 1357 640 1414 quoquam
667 1340 730 1396 lieri
758 1339 836 1395 sinis.
865 1341 940 1394 Deus

88 1433 138 1505 qui
155 1449 207 1486 nus
222 1417 336 1485 revocas
356 1429 386 1483 in
405 1429 492 1495 viam,
514 1431 589 1482 Deus
612 1427 662 1501 qui
689 1444 742 1483 uos
765 1427 880 1484 deducis
906 1425 941 1481 ad

87 1523 215 1591 januam,
243 1520 316 1574 Deus
344 1516 396 1588 qui
423 1517 490 1571 facis
520 1520 552 1570 ut
582 1515 762 1587 pulsantibus
796 1515 941 1587 aperiatur

89 1609 196 1679 (Mettis.
210 1623 258 1674 ιιι,
274 1607 315 1678 8).
335 1606 409 1660 Deus
428 1605 478 1676 qui
492 1602 576 1658 nobis
590 1604 639 1658 das
653 1619 759 1674 panem
774 1603 849 1658 vitae.
866 1602 941 1656 Deus

90 1714 141 1769 per
157 1712 243 1768 quem
258 1694 372 1748 sitimur
385 1697 495 1763 potum,
511 1708 568 1763 quo
583 1692 686 1746 hausto
703 1707 852 1763 nunquam
866 1690 941 1745 sitia·

90 1800 154 1839 mus
170 1786 255 1854 (loun.
271 1799 310 1848 v1,
324 1782 379 1850 35),
395 1781 469 1834 Deus
484 1780 535 1852 qui
555 1780 652 1851 arguis
667 1780 803 1835 saeculum
819 1780 854 1834 de
872 1793 941 1850 pec·

90 1877 162 1939 cato,
178 1872 213 1926 de
225 1870 346 1942 justitia,
363 1874 392 1923 et
405 1869 440 1924 de
452 1868 560 1940 judicio
574 1867 627 1937 (ld.
656 1884 713 1935 xvi,
734 1868 774 1939 8).
792 1869 866 1922 Deus
890 1882 943 1937 per

92 1976 180 2033 quem
194 1975 314 2013 noanon
329 1961 447 2012 movent
460 1957 510 2029 qui
525 1956 645 2011 minime
658 1956 789 2011 creduut.
806 1957 881 2010 Ueris
891 1971 943 2026 per

92 2064 179 2121 quem
194 2045 391 2119 improbamus
420 2061 520 2101 eorrrm
548 2060 685 2108 errorem,
711 2045 761 2116 qui
780 2044 942 2098 animarum

92 2136 195 2193 merito
207 2136 287 2190 nulla
301 2151 362 2190 esse
376 2134 452 2206 apud
467 2138 494 2189 ιο
505 2137 618 2206 putant.
635 2134 710 2187 Dens
717 2148 769 2204 per
783 2147 870 2203 quem
884 2147 943 2186 non

94 2223 233 2280 servimus
247 2221 371 2278 infirmis
385 2225 414 2277 et
433 2221 532 2292 egenis
554 2221 703 2276 elementis
715 2221 819 2290 (Gulut.
845 2236 882 2285 ιν,
899 2222 938 2290 9).

95 2314 168 2368 Deus
183 2312 233 2386 qni
245 2327 299 2367 nos
311 2325 429 2381 purgas,
447 2314 476 2364 et
488 2309 523 2365 ad
537 2308 633 2364 diviua
645 2324 792 2381 preparas
811 2308 942 2380 premia,

94 2399 197 2456 adveni
211 2398 283 2454 mihi
298 2397 441 2470 propitius
456 2402 498 2453 lu.

130 2491 158 2545 ι.
173 2486 319 2558 Quidquid
330 2503 348 2541 a
360 2501 407 2541 me
421 2486 592 2555 dictumest,
606 2500 680 2539 unus
689 2485 763 2539 Ueus
773 2488 815 2552 tu,
831 2488 862 2539 tu
876 2483 942 2539 veni

94 2577 167 2633 mibi
177 2576 208 2631 in
222 2574 378 2640 auxilium;
407 2590 464 2629 una
479 2579 588 2629 aeterna
600 2589 667 2629 vera
693 2572 861 2639 substantia,
894 2572 943 2628 ubi

94 2665 173 2721 nulla
196 2663 395 2734 discrepantia,
423 2664 503 2718 nulla
527 2663 666 2726 confusio,
694 2662 773 2717 nulla
799 2660 941 2727 transitio,

95 2754 174 2809 nulla
186 2751 355 2823 indigentia,
369 2752 449 2806 nulla
463 2767 550 2807 mors.
568 2750 620 2806 Ubi
642 2766 755 2805 summa
780 2749 942 2817 concordia,

94 2857 207 2897 summa
221 2838 373 2908 evidentia,
395 2854 509 2895 summa
534 2839 704 2908 constantia,
725 2853 838 2893 summa
851 2835 942 2909 pleni-

94 2931 177 2998 tudo,
193 2945 306 2984 summa
321 2928 388 2983 vita.
414 2927 468 2982 Ubi
490 2927 564 2982 nihil
588 2927 677 2996 deest,
691 2925 764 2980 nihil
791 2924 941 2980 redundat.

96 3017 149 3074 Ubi
163 3017 214 3090 qui
226 3016 328 3088 giguit,
342 3020 372 3071 et
386 3030 473 3086 quem
490 3014 584 3087 gignit
599 3029 689 3068 unum
699 3018 742 3067 est
757 3014 802 3083 tut.
818 3010 944 3066 Ueuscui

94 3107 222 3162 serviunt
236 3105 345 3179 omnia,
361 3121 425 3176 quae
441 3103 584 3179 serviunt3
597 3101 643 3157 cui
656 3100 836 3172 obtemperet
850 3099 943 3154 omnis

94 3199 168 3252 buna
182 3195 288 3252 anima.
301 3179 388 3265 Cujus
401 3193 513 3265 legibus
528 3196 661 3247 rotantur
674 3189 743 3260 poli,
759 3204 858 3243 cursus
875 3204 942 3243 suos

93 3285 188 3340 sidera
201 3287 354 3356 peragunt,
371 3282 412 3337 sol
424 3284 535 3336 exercet
550 3280 637 3346 (ιιοιιι,
654 3279 724 3333 luna
737 3280 879 3346 temperat
892 3293 942 3331 no·

93 3377 167 3428 ctem
183 3390 190 3428 ε
207 3371 359 3443 omnisque
374 3371 498 3426 mundus
513 3384 565 3441 per
579 3368 648 3436 dies,
665 3364 859 3420 vicissitudine
871 3364 944 3419 lucis

93 3467 121 3516 et
133 3461 241 3529 noctis;
262 3475 315 3532 per
342 3475 465 3527 menses,
486 3455 669 3512 incrementis
699 3452 944 3523 decrementisque

94 3549 260 3605 lunaribus:
276 3564 329 3620 per
343 3564 446 3615 annos,
461 3547 545 3608 veris,
561 3545 678 3612 aestatis,
694 3541 824 3598 autumni
836 3545 866 3596 οι
878 3541 942 3596 bie-

93 3639 148 3693 mis
161 3637 405 3703 successionibus;
421 3651 475 3708 per
489 3635 588 3701 lustra,
605 3631 776 3706 perfectione
787 3645 886 3685 cursus
901 3646 944 3683 so·

92 3726 179 3792 laris;
195 3741 248 3796 per
260 3741 380 3795 magnos
395 3725 490 3790 orbes,
506 3738 621 3776 recursu
638 3721 668 3776 in
682 3725 760 3774 ortus
788 3734 854 3773 suos
870 3717 929 3772 side

93 3828 167 3877 rum,
181 3827 316 3882 magnam
328 3827 424 3865 rerum
435 3811 636 3875 constantiam,
650 3811 791 3879 quantum
805 3804 944 3860 sensibilis

94 3898 214 3954 materia
230 3898 348 3970 patitur,
363 3903 528 3970 temporum
539 3895 687 3951 ordinibus
701 3892 945 3964 replicationibus·

93 4004 149 4059 que
159 3987 290 4043 custodit.
322 3989 397 4041 lleus
411 3986 493 4058 cujus
518 3983 630 4054 legibus
653 3983 684 4037 in
706 3998 766 4037 evo
792 3981 943 4044 stantibus,

93 4080 189 4131 motus
208 4073 349 4131 instabilis
362 4090 467 4141 ,rerum
486 4071 670 4127 mutabilium
683 4069 866 4142 perturbatus
883 4084 944 4123 esse

95 4181 152 4219 ιιοιι
163 4164 276 4234 sinitur,
288 4160 679 4235 frenisquecircumenntium
687 4158 859 4214 saeculorum
869 4172 944 4211 sem·

95 4269 145 4325 per
161 4255 197 4309 ad
211 4253 431 4308 similitudinem
443 4248 605 4305 stabilitatis
619 4251 768 4303 revocatur
783 4265 791 4313 3
807 4245 887 4316 cujus
903 4245 944 4299 le·
981 4253 985 4261 ’

94 4342 177 4413 gibus
192 4341 343 4397 arbitrium
352 4340 455 4395 animae
470 4338 594 4393 liberum
609 4340 660 4403 est,
673 4336 811 4407 bonisque
824 4333 945 4406 praemia

94 4434 124 4485 et
136 4430 221 4485 malis
237 4445 340 4502 poenae,
353 4427 418 4482 fixis
432 4443 484 4498 per
499 4427 597 4482 omnia
618 4425 832 4481 necessitatibus
848 4423 944 4479 distri·

94 4519 170 4572 butue
185 4521 261 4572 sunt.
279 4519 353 4572 Deus
368 4533 384 4570 a
399 4532 457 4587 quo
471 4519 590 4570 manant
603 4530 693 4586 usque
716 4514 752 4568 ad
772 4529 824 4567 nes
848 4511 945 4566 omnia

93 4605 178 4672 bona,
194 4621 210 4659 a
225 4621 282 4677 que
297 4608 465 4659 coercentur
476 4619 493 4656 a
506 4602 588 4658 nobis
599 4602 698 4657 omnia
712 4601 795 4655 mala.
810 4602 884 4655 Deus
900 4616 945 4655 su·

94 4708 145 4765 pra
161 4708 246 4764 quem
262 4692 345 4758 nihil,
362 4695 442 4746 extra
456 4707 543 4764 quem
553 4689 636 4757 nibil,
654 4689 715 4743 sine
732 4704 789 4760 quo
804 4688 877 4743 nibil
891 4691 941 4742 est

95 4781 169 4835 Ueus
183 4780 306 4852 subque
322 4783 415 4835 totum
428 4785 480 4848 est,
491 4780 745 4850 inquototumest,
759 4793 824 4832 cum
834 4792 891 4848 quo
900 4781 944 4831 to·

93 4873 155 4924 tum
170 4871 222 4923 est.
238 4866 291 4932 Qui
305 4867 396 4922 fecisti
409 4866 555 4922 hominem
567 4866 602 4922 ad
621 4865 777 4936 imaginem
798 4868 825 4920 et
846 4863 945 4918 simili·

94 4957 224 5013 tudinem
252 4959 343 5022 tuam,
372 4955 449 5026 quod
478 4955 528 5027 qui
555 4970 585 5008 se
611 4953 671 5023 ipse
696 4953 775 5007 novit
801 4950 940 5022 agnoscit.

95 5045 211 5112 Exaudi,
220 5042 333 5105 exaudi,
341 5043 444 5098 exaudi
458 5059 516 5109 me,
526 5042 600 5097 lleus
611 5057 702 5108 meus,
717 5039 838 5095 Domine
849 5055 941 5106 meus,

95 5151 142 5191 rex
157 5149 249 5201 meus,
260 5136 343 5203 pater
357 5146 448 5198 meus,
464 5146 548 5185 causa
562 5145 636 5197 mea,
653 5144 717 5200 spes
729 5144 805 5197 mea,
818 5141 944 5195 resmea,

57 5236 61 5243 ’
94 5223 184 5279 honor
196 5237 287 5288 meus,
305 5220 409 5276 domus
423 5234 498 5286 mea,
513 5218 607 5289 patria
627 5233 702 5288 mea,
715 5217 792 5272 salus
805 5232 880 5285 mea,
895 5216 944 5270 lux

95 5327 169 5380 mea,
185 5311 242 5366 vita
254 5325 327 5364 mea.
345 5306 462 5374 Exaudi,
479 5306 591 5376 exaudi,
608 5305 771 5363 exaudime
795 5320 875 5360 more
895 5303 944 5359 illo

126 5419 134 5451 ¹
150 5416 183 5466 Se
202 5421 254 5467 ιοιιι
268 5417 339 5474 ιιιο..
352 5416 426 5466 unte.

127 5480 161 5538 tul
200 5480 266 5530 idel
282 5479 407 5538 Retract„
419 5491 476 5540 esp.
489 5477 512 5536 ι,
528 5489 555 5525 ιι.
571 5476 595 5525 3.

991 987 1080 1056 niam,
1095 990 1128 1041 ut
1139 1001 1340 1057 recognoscam
1354 991 1392 1041 ιο.
1410 985 1459 1040 ιιιο
1474 986 1545 1041 ιιιιιιι
1561 1002 1622 1058 qua
1636 986 1806 1055 attendam,
1821 992 1851 1041 ut

993 1075 1129 1146 aspiciam
1147 1078 1185 1140 te,
1205 1080 1233 1129 et
1255 1075 1352 1130 omnia
1373 1091 1419 1129 me
1443 1090 1527 1146 spero
1552 1091 1620 1147 quae
1649 1075 1780 1146 jusseris
1794 1090 1852 1129 esse

992 1163 1144 1218 facturum.
1159 1163 1274 1234 Recipe,
1289 1180 1348 1232 oro,
1364 1163 1516 1234 fugitivum
1530 1168 1626 1231 tuum,
1642 1164 1787 1231 Domine,
1796 1165 1852 1218 cle-

993 1251 1168 1306 montissime
1182 1256 1263 1323 pater
1280 1268 1287 1306 :
1299 1251 1419 1323 jamjam
1434 1251 1502 1306 satis
1514 1268 1615 1323 peenas
1629 1251 1853 1319 dederimsuis

992 1338 1116 1395 inimicis
1136 1339 1204 1408 tuis,
1219 1355 1291 1411 quos
1309 1340 1361 1395 sub
1373 1339 1494 1411 pedibus
1508 1341 1607 1406 babes,
1623 1339 1798 1409 servierim,
1812 1356 1855 1394 sa·

994 1428 1030 1482 tis
1044 1427 1147 1484 fuerim
1161 1429 1340 1483 fallaciarum
1360 1428 1528 1483 ludibrium.
1543 1429 1651 1500 Accipe
1676 1444 1728 1483 me
1744 1429 1782 1483 ab
1795 1428 1853 1483 istis

993 1516 1151 1589 lugientem
1164 1518 1304 1573 famulum
1319 1523 1412 1585 tuum,
1421 1517 1495 1590 -quia
1507 1522 1535 1573 et
1544 1517 1651 1572 istime
1660 1516 1785 1588 quando
1799 1521 1853 1571 ate

994 1605 1139 1677 fugiebam
1148 1610 1318 1677 acceperunt
1326 1606 1464 1661 alienum.
1479 1605 1557 1662 aeta
1572 1605 1649 1661 mibi
1666 1604 1848 1660 redeundum

995 1695 1155 1750 essesentio
1169 1695 1360 1766 :pateatmihi
1373 1695 1498 1767 pulsanti
1509 1696 1601 1766 janua
1614 1699 1693 1763 tua;
1709 1694 1850 1766 quomodo

996 1785 1030 1839 ad
1045 1789 1073 1839 ιο
1086 1783 1270 1854 perveniatur
1283 1785 1352 1838 doce
1367 1799 1423 1838 me.
1444 1783 1520 1839 Nihil
1539 1782 1621 1837 aliud
1650 1783 1750 1838 habeo
1772 1798 1851 1854 quem

996 1871 1188 1938 voluntatem3
1204 1871 1277 1927 nihil
1288 1871 1366 1926 aliud
1381 1871 1438 1926 scio
1448 1871 1502 1925 nisi
1517 1870 1597 1925 lluxa
1609 1875 1641 1926 et
1656 1870 1770 1925 caduca
1782 1886 1851 1941 sper·

995 1961 1091 2016 nenda
1106 1965 1270 2027 esse3oerta
1284 1963 1313 2017 et
1336 1964 1443 2015 aeterna
1463 1959 1650 2031 requirenda.
1687 1959 1746 2014 llo'e
1773 1958 1849 2023 facio,

997 2049 1090 2115 Pater,
1106 2049 1175 2121 quia
1188 2050 1242 2105 hoc
1251 2049 1344 2104 solam
1359 2049 1426 2104 novi
1438 2067 1447 2115 3
1461 2048 1511 2104 sed
1520 2047 1599 2103 unde
1613 2048 1653 2103 ad
1668 2052 1700 2103 te
1710 2046 1849 2119 pervenis

996 2141 1044 2191 tur
1061 2137 1173 2207 ignore.
1188 2138 1229 2192 Tu
1246 2137 1318 2192 mihi
1331 2151 1463 2208 suggere,
1476 2142 1507 2192 tu
1523 2136 1658 2204 ostende,
1674 2139 1710 2190 tu
1723 2136 1848 2190 viaticum

996 2224 1101 2296 praebe.
1117 2224 1145 2280 Si
1159 2224 1215 2280 ilde
1229 2229 1256 2280 ιο
1271 2224 1420 2279 inveniunt
1433 2224 1484 2296 qui
1497 2223 1533 2280 ad
1544 2227 1574 2278 te
1590 2223 1758 2296 refugiunt,
1773 2223 1847 2278 fidu

996 2314 1049 2380 da3
1063 2313 1088 2367 si
1103 2312 1217 2382 virtute,
1233 2312 1367 2368 virtutem
1378 2329 1385 2379 ;
1398 2312 1422 2367 si
1437 2310 1566 2378 scientia,
1582 2312 1759 2367 scientiam.
1777 2314 1847 2382 ange

997 2401 1028 2455 in
1042 2416 1088 2456 me
1102 2401 1199 2465 fidem,
1217 2417 1289 2472 auge
1309 2416 1399 2472 spem,
1413 2415 1486 2470 auge
1500 2399 1690 2456 charitatem
1715 2399 1739 2455 0
1767 2398 1848 2455 adrui·

997 2489 1086 2544 randa
1102 2494 1130 2543 et
1141 2489 1294 2559 singularis
1312 2487 1424 2543 bonitas
1438 2491 1503 2543 tuat

1033 2580 1059 2632 6.
1075 2578 1117 2632 Ad
1132 2582 1160 2632 te
1173 2577 1279 2643 ambio,
1295 2575 1441 2649 atquibus
1452 2576 1538 2631 rebus
1562 2576 1601 2631 ad
1615 2579 1646 2631 te
1666 2576 1850 2643 ambiatur,a

997 2670 1025 2720 ιο
1035 2681 1150 2720 rursum
1163 2670 1241 2736 peto.
1257 2666 1300 2720 Tu
1311 2664 1389 2719 enim
1402 2664 1425 2718 si
1440 2664 1557 2732 deseris,
1579 2664 1700 2736 peritur
1713 2681 1721 2719 ε
1736 2665 1789 2720 sed
1802 2679 1850 2719 non

997 2753 1114 2822 deseris,
1130 2754 1199 2826 quia
1209 2757 1241 2808 tu
1252 2767 1437 2808 essummum
1449 2751 1570 2820 bouum,
1587 2753 1669 2821 quod
1682 2769 1774 2808 nemo
1785 2759 1851 2808 recte

997 2843 1139 2915 quesivit,
1155 2848 1184 2897 et
1199 2842 1317 2896 minime
1331 2841 1450 2896 invenit.
1460 2840 1560 2897 Omnis
1573 2846 1677 2895 autem
1691 2846 1850 2913 recteque·

998 2931 1072 2999 sivit,
1089 2947 1176 3002 quem
1195 2935 1227 2985 tu
1241 2935 1317 2985 recte
1333 2943 1463 3001 quaerere
1487 2929 1591 2984 fecisti.
1609 2929 1669 2984 Fac
1688 2945 1748 2994 me,
1766 2931 1850 2993 Peter.

997 3035 1127 3092 quarere
1146 3025 1185 3086 te,
1201 3019 1313 3074 vindica
1327 3033 1373 3072 me
1392 3017 1428 3072 ab
1443 3032 1555 3084 errore;
1581 3017 1732 3090 quaerenti
1744 3024 1774 3074 te
1788 3019 1851 3074 mibi

998 3109 1071 3163 nihil
1087 3108 1164 3164 aliud
1180 3124 1233 3178 pro
1247 3109 1358 3179 tejam,
1380 3122 1488 3179 quaeso,
1516 3108 1609 3162 Pater.
1635 3107 1668 3162 Si
1692 3113 1793 3163 eutem
1814 3112 1851 3162 est

998 3197 1028 3252 in
1041 3213 1086 3252 me
1096 3197 1234 3269 superssui
1248 3197 1369 3267 alicujus
1381 3194 1529 3267 appetitio,
1541 3199 1573 3250 tu
1586 3195 1651 3267 ipse
1668 3212 1718 3252 me
1738 3195 1849 3265 munde,

998 3285 1237 3342 etlacidoneunr
1252 3284 1459 3341 adridendum
1477 3290 1515 3342 ιο.
1531 3284 1680 3341 Caeterum
1709 3286 1747 3342 de
1768 3287 1850 3341 salute

998 3373 1354 3446 hujusmortaliscorporis
1360 3373 1427 3440 mei,
1437 3373 1577 3445 quamdiu
1586 3374 1687 3429 nescio
1701 3375 1776 3447 qnid
1786 3373 1850 3429 mibi

998 3479 1080 3519 exeo
1095 3461 1165 3517 utile
1184 3461 1230 3529 sit,
1246 3463 1291 3516 vel
1316 3460 1357 3516 eis
1385 3477 1457 3533 quos
1470 3459 1571 3531 diligo,
1587 3461 1644 3516 tibi
1673 3462 1751 3519 illud
1778 3478 1850 3518 eom·

997 3551 1092 3619 mitto,
1108 3552 1191 3605 Peter
1205 3549 1411 3621 sapientissime
1434 3553 1519 3622 atque
1545 3550 1669 3622 optime,
1699 3555 1732 3607 et
1748 3568 1800 3624 pro
1821 3566 1850 3605 eo

997 3638 1074 3711 quud
1089 3639 1124 3694 ad
1139 3637 1442 3709 tempusadmonueris
1452 3637 1631 3710 deprecabor
1648 3655 1654 3694 :
1672 3642 1793 3694 tantum
1805 3655 1849 3693 ore

998 3725 1264 3781 excellentissimam
1276 3725 1458 3780 clementiam
1472 3729 1563 3794 tuam,
1579 3729 1612 3780 ut
1627 3741 1677 3781 me
1690 3727 1810 3798 penitus
1819 3727 1850 3780 ad

999 3821 1025 3870 ιο
1038 3818 1186 3870 convertas
1197 3813 1328 3885 nihilque
1342 3813 1415 3869 mihi
1428 3829 1590 3886 repugnare
1604 3814 1696 3870 lacius
1724 3813 1849 3871 tendenti

999 3903 1033 3958 ad
1048 3907 1086 3969 te,
1099 3903 1258 3975 jubeasque
1271 3918 1318 3957 me
1330 3902 1461 3958 dumhoc
1470 3903 1566 3975 ipsum
1575 3918 1683 3974 corpus
1697 3919 1757 3974 ago
1772 3909 1850 3974 atque

997 3995 1092 4063 porto,
1107 4007 1223 4063 purum,
1240 3991 1468 4063 magnanimum,
1480 3990 1602 4063 justum,
1617 3991 1851 4063 prudentemque

998 4095 1070 4147 esse,
1091 4079 1306 4151 perlectumquc
1335 4083 1492 4135 amatorem
1517 4084 1784 4152 perceptoremque
1812 4096 1849 4135 se·

998 4168 1187 4240 pientiaeture,
1195 4173 1222 4221 el
1234 4167 1548 4239 dignumhabitatione,
1559 4169 1850 4241 atquebabitaturem

997 4259 1154 4315 beatissimi
1168 4257 1251 4330 regni
1265 4258 1317 4314 tui.
1331 4259 1432 4321 Amen,
1448 4273 1546 4313 amen.

1183 4383 1295 4439 CAPUT
1309 4383 1345 4438 11.
1364 4413 1396 4423 -
1410 4382 1482 4449 Quid
1498 4381 1662 4439 emendum.

1032 4494 1060 4544 7.
1088 4490 1125 4545 A.
1155 4490 1223 4544 Ecce
1248 4489 1326 4544 oravi
1363 4489 1464 4544 ileum.
1497 4492 1529 4547 ιι.
1554 4488 1631 4554 Quid
1666 4505 1742 4562 ergo
1780 4489 1848 4546 scire

997 4577 1061 4632 vis‘l
1083 4579 1119 4634 Α.
1147 4579 1211 4632 llaec
1238 4577 1300 4649 ipsa
1327 4578 1424 4632 omnia
1450 4592 1515 4648 qua
1541 4576 1630 4632 oravi.
1662 4580 1698 4634 a.
1729 4580 1852 4635 Breviter

998 4681 1032 4720 ea
1057 4665 1169 4736 collige.
1195 4667 1230 4720 Α.
1262 4667 1354 4721 ιιοιιιιι
1381 4669 1410 4720 οι
1433 4664 1559 4720 animam
1586 4663 1662 4721 scire
1691 4667 1793 4739 cupio.
1820 4669 1868 4722 ll.¹

999 4754 1112 4809 Nihilne
1142 4755 1231 4826 plus?
1252 4755 1289 4809 A.
1319 4753 1394 4809 Nihil
1416 4752 1557 4809 omnimo.
1582 4755 1619 4808 lt.
1652 4755 1731 4827 Ergo
1763 4756 1850 4826 incipe

1000 4858 1137 4914 quaerere.
1165 4842 1220 4897 Sed
1245 4842 1326 4913 prius
1351 4842 1460 4914 explica
1486 4841 1632 4914 quomodo
1664 4842 1721 4899 tibi
1751 4845 1776 4899 si
1802 4843 1848 4899 de·

998 4934 1173 4985 monstretur
1188 4931 1272 4993 Uens,
1295 4930 1386 5001 possis
1408 4930 1512 4998 dicere,
1536 4930 1585 4985 Sat
1607 4935 1662 4986 est.
1688 4934 1728 4988 Α.
1758 4931 1850 4988 Nescio

1000 5019 1144 5090 quomode
1157 5016 1229 5073 mihi
1244 5017 1436 5074 demonstrari
1450 5018 1562 5089 debeat,
1576 5021 1609 5073 ιιι
1624 5017 1735 5089 dicam,
1743 5021 1792 5077 Sat
1803 5022 1848 5075 est:

998 5123 1058 5163 non
1073 5107 1151 5162 enim
1163 5106 1247 5162 credo
1261 5123 1307 5162 me
1322 5106 1392 5162 scire
1417 5106 1528 5179 aliquid
1541 5106 1590 5174 sic,
1616 5109 1770 5179 quomodo
1787 5108 1849 5164 seire

999 5197 1090 5251 Deum
1105 5196 1244 5252 desidero.
1259 5199 1292 5252 lt.
1310 5195 1384 5261 Quid
1398 5211 1467 5268 ergo
1487 5195 1624 5266 agimus?
1640 5197 1746 5255 Nonne
1759 5211 1849 5253 censes

999 5285 1080 5355 prius
1091 5285 1144 5340 tibi
1158 5300 1219 5339 esse
1233 5284 1391 5352 sciendum,
1407 5284 1550 5356 quomodo
1565 5283 1620 5339 tibi
1631 5285 1848 5342 Ileumscirese·

999 5373 1035 5428 tis
1051 5373 1096 5442 sit,
1118 5390 1174 5446 quo
1189 5390 1254 5429 cum
1267 5373 1431 5445 perveneris
1443 5388 1502 5429 non
1517 5373 1644 5446 amplius
1671 5376 1805 5449 quaeresl
1816 5374 1846 5429 A.

1000 5462 1106 5517 Censeo
1122 5462 1257 5535 quidem;
1274 5463 1323 5518 sed
1332 5479 1389 5534 quo
1404 5467 1486 5535 pactu
1501 5461 1563 5517 lieri
1578 5463 1674 5533 possit
1687 5480 1750 5521 non
1763 5462 1846 5527 video,
