<?xml version="1.0" encoding="UTF-8"?>
<!DOCTYPE html PUBLIC "-//W3C//DTD XHTML 1.0 Transitional//EN"
    "http://www.w3.org/TR/xhtml1/DTD/xhtml1-transitional.dtd">
<html xmlns="http://www.w3.org/1999/xhtml" xml:lang="en" lang="en">
 <head>
  <title>
</title>
<meta http-equiv="Content-Type" content="text/html;charset=utf-8" />
  <meta name='ocr-system' content='tesseract 3.04.00' />
  <meta name='ocr-capabilities' content='ocr_page ocr_carea ocr_par ocr_line ocrx_word'/>
</head>
<body>
  <div class='ocr_page' id='page_1' title='image "./patrologiaecurs02migngoog_0294.png"; bbox 0 0 3884 6112; ppageno 0'>
   <div class='ocr_carea' id='block_1_1' title="bbox 87 176 1848 265">
    <p class='ocr_par' dir='ltr' id='par_1_1' title="bbox 87 176 1848 265">
     <span class='ocr_line' id='line_1_1' title="bbox 87 176 1848 265; baseline -0.001 -3"><span class='ocrx_word' id='word_1_1' title='bbox 87 208 138 262; x_wconf 72' lang='lat' dir='ltr'><strong>aas</strong></span> <span class='ocrx_word' id='word_1_2' title='bbox 696 205 773 260; x_wconf 80' lang='lat' dir='ltr'><strong>vrrs</strong></span> <span class='ocrx_word' id='word_1_3' title='bbox 792 205 819 261; x_wconf 91' lang='lat' dir='ltr'><strong>s.</strong></span> <span class='ocrx_word' id='word_1_4' title='bbox 840 208 1027 265; x_wconf 77' lang='lat' dir='ltr'><strong>aucusnru</strong></span> <span class='ocrx_word' id='word_1_5' title='bbox 1048 206 1213 264; x_wconf 74' lang='lat' dir='ltr'><strong>miscam.</strong></span> <span class='ocrx_word' id='word_1_6' title='bbox 1392 176 1397 189; x_wconf 81' lang='grc'><strong><em>’</em></strong></span> <span class='ocrx_word' id='word_1_7' title='bbox 1799 204 1848 260; x_wconf 81' lang='lat' dir='ltr'><strong>sss</strong></span> 
     </span>
    </p>
   </div>
   <div class='ocr_carea' id='block_1_2' title="bbox 28 323 1861 5577">
    <p class='ocr_par' dir='ltr' id='par_1_2' title="bbox 28 323 1861 5577">
     <span class='ocr_line' id='line_1_2' title="bbox 86 323 1850 402; baseline -0.004 -15"><span class='ocrx_word' id='word_1_8' title='bbox 86 333 205 388; x_wconf 88' lang='lat' dir='ltr'><strong>cessaria</strong></span> <span class='ocrx_word' id='word_1_9' title='bbox 220 347 228 385; x_wconf 76' lang='grc' dir='ltr'><strong><em>ε</em></strong></span> <span class='ocrx_word' id='word_1_10' title='bbox 244 343 308 383; x_wconf 90' lang='lat' dir='ltr'><strong>nam</strong></span> <span class='ocrx_word' id='word_1_11' title='bbox 322 328 391 383; x_wconf 85' lang='lat' dir='ltr'><strong>mibi</strong></span> <span class='ocrx_word' id='word_1_12' title='bbox 400 328 498 396; x_wconf 73' lang='lat' dir='ltr'><strong>sufficit</strong></span> <span class='ocrx_word' id='word_1_13' title='bbox 513 329 675 383; x_wconf 81' lang='lat' dir='ltr'><strong>aorrscientia</strong></span> <span class='ocrx_word' id='word_1_14' title='bbox 688 345 754 384; x_wconf 88' lang='lat' dir='ltr'><strong>mea.</strong></span> <span class='ocrx_word' id='word_1_15' title='bbox 770 332 844 385; x_wconf 85' lang='lat' dir='ltr'><strong>Emit</strong></span> <span class='ocrx_word' id='word_1_16' title='bbox 856 333 936 387; x_wconf 88' lang='lat' dir='ltr'><strong>etium</strong></span> <span class='ocrx_word' id='word_1_17' title='bbox 993 331 1067 386; x_wconf 89' lang='lat' dir='ltr'><strong>hane</strong></span> <span class='ocrx_word' id='word_1_18' title='bbox 1080 326 1267 402; x_wconf 79' lang='lat' dir='ltr'><strong>provinciam.</strong></span> <span class='ocrx_word' id='word_1_19' title='bbox 1283 327 1316 382; x_wconf 88' lang='lat' dir='ltr'><strong>ln</strong></span> <span class='ocrx_word' id='word_1_20' title='bbox 1332 341 1395 382; x_wconf 89' lang='lat' dir='ltr'><strong>eam</strong></span> <span class='ocrx_word' id='word_1_21' title='bbox 1406 340 1467 382; x_wconf 89' lang='lat' dir='ltr'><strong>rem</strong></span> <span class='ocrx_word' id='word_1_22' title='bbox 1477 326 1603 399; x_wconf 90' lang='lat' dir='ltr'><strong>papulas</strong></span> <span class='ocrx_word' id='word_1_23' title='bbox 1613 325 1654 381; x_wconf 92' lang='lat' dir='ltr'><strong>illi</strong></span> <span class='ocrx_word' id='word_1_24' title='bbox 1670 324 1778 398; x_wconf 85' lang='lat' dir='ltr'><strong>quinas</strong></span> <span class='ocrx_word' id='word_1_25' title='bbox 1793 323 1850 380; x_wconf 88' lang='lat' dir='ltr'><strong>dies</strong></span> 
     </span>
     <span class='ocr_line' id='line_1_3' title="bbox 86 415 1849 491; baseline -0.002 -17"><span class='ocrx_word' id='word_1_26' title='bbox 86 421 217 490; x_wconf 87' lang='lat' dir='ltr'><strong>spatium,</strong></span> <span class='ocrx_word' id='word_1_27' title='bbox 233 416 328 489; x_wconf 91' lang='lat' dir='ltr'><strong>pergit</strong></span> <span class='ocrx_word' id='word_1_28' title='bbox 349 416 537 488; x_wconf 77' lang='lat' dir='ltr'><strong>Augustinus,</strong></span> <span class='ocrx_word' id='word_1_29' title='bbox 560 416 595 471; x_wconf 89' lang='lat' dir='ltr'><strong>ab</strong></span> <span class='ocrx_word' id='word_1_30' title='bbox 619 419 674 472; x_wconf 87' lang='lat' dir='ltr'><strong>ista</strong></span> <span class='ocrx_word' id='word_1_31' title='bbox 696 423 792 490; x_wconf 88' lang='lat' dir='ltr'><strong>pastea</strong></span> <span class='ocrx_word' id='word_1_32' title='bbox 805 421 936 486; x_wconf 87' lang='lat' dir='ltr'><strong>Ecclesia,</strong></span> <span class='ocrx_word' id='word_1_33' title='bbox 993 436 1044 491; x_wconf 89' lang='lat' dir='ltr'><strong>per</strong></span> <span class='ocrx_word' id='word_1_34' title='bbox 1083 417 1276 475; x_wconf 78' lang='lat' dir='ltr'><strong>hebdomadas</strong></span> <span class='ocrx_word' id='word_1_35' title='bbox 1301 416 1427 488; x_wconf 91' lang='lat' dir='ltr'><strong>singulas</strong></span> <span class='ocrx_word' id='word_1_36' title='bbox 1455 418 1642 471; x_wconf 85' lang='lat' dir='ltr'><strong>concesserat.</strong></span> <span class='ocrx_word' id='word_1_37' title='bbox 1656 415 1767 470; x_wconf 82' lang='lat' dir='ltr'><strong>Verum</strong></span> <span class='ocrx_word' id='word_1_38' title='bbox 1796 431 1849 470; x_wconf 92' lang='lat' dir='ltr'><strong>nan</strong></span> 
     </span>
     <span class='ocr_line' id='line_1_4' title="bbox 87 504 1852 578; baseline -0.003 -15"><span class='ocrx_word' id='word_1_39' title='bbox 87 512 179 563; x_wconf 89' lang='lat' dir='ltr'><strong>natum</strong></span> <span class='ocrx_word' id='word_1_40' title='bbox 200 506 287 575; x_wconf 85' lang='lat' dir='ltr'><strong>uobis,</strong></span> <span class='ocrx_word' id='word_1_41' title='bbox 308 509 333 561; x_wconf 90' lang='lat' dir='ltr'><strong>et</strong></span> <span class='ocrx_word' id='word_1_42' title='bbox 351 521 402 561; x_wconf 90' lang='lat' dir='ltr'><strong>sua</strong></span> <span class='ocrx_word' id='word_1_43' title='bbox 413 508 530 576; x_wconf 89' lang='lat' dir='ltr'><strong>pecunia</strong></span> <span class='ocrx_word' id='word_1_44' title='bbox 543 506 689 578; x_wconf 73' lang='lat' dir='ltr'><strong>autuman</strong></span> <span class='ocrx_word' id='word_1_45' title='bbox 708 508 835 576; x_wconf 83' lang='lat' dir='ltr'><strong>damum;</strong></span> <span class='ocrx_word' id='word_1_46' title='bbox 850 514 876 565; x_wconf 90' lang='lat' dir='ltr'><strong>ct</strong></span> <span class='ocrx_word' id='word_1_47' title='bbox 890 509 938 565; x_wconf 88' lang='lat' dir='ltr'><strong>bac</strong></span> <span class='ocrx_word' id='word_1_48' title='bbox 993 509 1043 565; x_wconf 91' lang='lat' dir='ltr'><strong>din</strong></span> <span class='ocrx_word' id='word_1_49' title='bbox 1058 508 1133 564; x_wconf 91' lang='lat' dir='ltr'><strong>istud</strong></span> <span class='ocrx_word' id='word_1_50' title='bbox 1147 510 1291 562; x_wconf 85' lang='lat' dir='ltr'><strong>serratum</strong></span> <span class='ocrx_word' id='word_1_51' title='bbox 1307 509 1365 561; x_wconf 90' lang='lat' dir='ltr'><strong>csl:</strong></span> <span class='ocrx_word' id='word_1_52' title='bbox 1384 520 1477 577; x_wconf 86' lang='lat' dir='ltr'><strong>neque</strong></span> <span class='ocrx_word' id='word_1_53' title='bbox 1494 504 1591 560; x_wconf 87' lang='lat' dir='ltr'><strong>minus</strong></span> <span class='ocrx_word' id='word_1_54' title='bbox 1613 519 1699 560; x_wconf 89' lang='lat' dir='ltr'><strong>mane</strong></span> <span class='ocrx_word' id='word_1_55' title='bbox 1723 520 1816 576; x_wconf 86' lang='lat' dir='ltr'><strong>quarn</strong></span> <span class='ocrx_word' id='word_1_56' title='bbox 1836 521 1852 558; x_wconf 83' lang='lat' dir='ltr'><strong>a</strong></span> 
     </span>
     <span class='ocr_line' id='line_1_5' title="bbox 86 590 1852 671; baseline -0.003 -18"><span class='ocrx_word' id='word_1_57' title='bbox 86 600 181 655; x_wconf 87' lang='lat' dir='ltr'><strong>nostis.</strong></span> <span class='ocrx_word' id='word_1_58' title='bbox 207 597 280 652; x_wconf 85' lang='lat' dir='ltr'><strong>Ante</strong></span> <span class='ocrx_word' id='word_1_59' title='bbox 286 611 387 666; x_wconf 91' lang='lat' dir='ltr'><strong>paucas</strong></span> <span class='ocrx_word' id='word_1_60' title='bbox 405 597 462 652; x_wconf 83' lang='lat' dir='ltr'><strong>dies</strong></span> <span class='ocrx_word' id='word_1_61' title='bbox 473 598 636 667; x_wconf 83' lang='lat' dir='ltr'><strong>priusquam</strong></span> <span class='ocrx_word' id='word_1_62' title='bbox 651 613 797 654; x_wconf 74' lang='lat' dir='ltr'><strong>samonem</strong></span> <span class='ocrx_word' id='word_1_63' title='bbox 809 599 939 655; x_wconf 68' lang='lat' dir='ltr'><strong>minere</strong></span> <span class='ocrx_word' id='word_1_64' title='bbox 993 599 1114 671; x_wconf 89' lang='lat' dir='ltr'><strong>prandio</strong></span> <span class='ocrx_word' id='word_1_65' title='bbox 1131 613 1229 652; x_wconf 83' lang='lat' dir='ltr'><strong>causas</strong></span> <span class='ocrx_word' id='word_1_66' title='bbox 1244 596 1343 652; x_wconf 89' lang='lat' dir='ltr'><strong>audire</strong></span> <span class='ocrx_word' id='word_1_67' title='bbox 1359 594 1408 649; x_wconf 82' lang='lat' dir='ltr'><strong>Vir</strong></span> <span class='ocrx_word' id='word_1_68' title='bbox 1420 599 1535 649; x_wconf 88' lang='lat' dir='ltr'><strong>sanctus</strong></span> <span class='ocrx_word' id='word_1_69' title='bbox 1559 592 1723 664; x_wconf 77' lang='lat' dir='ltr'><strong>cogebatur.</strong></span> <span class='ocrx_word' id='word_1_70' title='bbox 1746 594 1783 648; x_wconf 86' lang='lat' dir='ltr'><strong>Et</strong></span> <span class='ocrx_word' id='word_1_71' title='bbox 1799 590 1852 648; x_wconf 87' lang='lat' dir='ltr'><strong>hoc</strong></span> 
     </span>
     <span class='ocr_line' id='line_1_6' title="bbox 88 682 1851 761; baseline -0.002 -20"><span class='ocrx_word' id='word_1_72' title='bbox 88 687 210 743; x_wconf 81' lang='lat' dir='ltr'><strong>haberem</strong></span> <span class='ocrx_word' id='word_1_73' title='bbox 229 685 374 752; x_wconf 84' lang='lat' dir='ltr'><strong>uobiscum,</strong></span> <span class='ocrx_word' id='word_1_74' title='bbox 394 701 453 740; x_wconf 90' lang='lat' dir='ltr'><strong>eam</strong></span> <span class='ocrx_word' id='word_1_75' title='bbox 473 685 586 740; x_wconf 71' lang='lat' dir='ltr'><strong>donant</strong></span> <span class='ocrx_word' id='word_1_76' title='bbox 600 687 732 742; x_wconf 78' lang='lat' dir='ltr'><strong><em>Ecclesia.</em></strong></span> <span class='ocrx_word' id='word_1_77' title='bbox 756 689 939 759; x_wconf 82' lang='lat' dir='ltr'><strong>Euspeetabot</strong></span> <span class='ocrx_word' id='word_1_78' title='bbox 995 688 1110 761; x_wconf 88' lang='lat' dir='ltr'><strong>quidem</strong></span> <span class='ocrx_word' id='word_1_79' title='bbox 1135 687 1200 754; x_wconf 86' lang='lat' dir='ltr'><strong>luit,</strong></span> <span class='ocrx_word' id='word_1_80' title='bbox 1215 702 1267 742; x_wconf 89' lang='lat' dir='ltr'><strong>eur</strong></span> <span class='ocrx_word' id='word_1_81' title='bbox 1290 684 1367 758; x_wconf 88' lang='lat' dir='ltr'><strong>plebi</strong></span> <span class='ocrx_word' id='word_1_82' title='bbox 1388 683 1572 756; x_wconf 77' lang='lat' dir='ltr'><strong>supplicaret,</strong></span> <span class='ocrx_word' id='word_1_83' title='bbox 1597 683 1705 738; x_wconf 90' lang='lat' dir='ltr'><strong>malem</strong></span> <span class='ocrx_word' id='word_1_84' title='bbox 1729 683 1809 738; x_wconf 76' lang='lat' dir='ltr'><strong>hanc</strong></span> <span class='ocrx_word' id='word_1_85' title='bbox 1824 682 1851 738; x_wconf 91' lang='lat' dir='ltr'><strong>in</strong></span> 
     </span>
     <span class='ocr_line' id='line_1_7' title="bbox 88 773 1849 846; baseline -0.003 -15"><span class='ocrx_word' id='word_1_86' title='bbox 88 778 158 831; x_wconf 88' lang='lat' dir='ltr'><strong>enim</strong></span> <span class='ocrx_word' id='word_1_87' title='bbox 186 780 216 829; x_wconf 92' lang='lat' dir='ltr'><strong>ut</strong></span> <span class='ocrx_word' id='word_1_88' title='bbox 237 790 295 829; x_wconf 88' lang='lat' dir='ltr'><strong>eam</strong></span> <span class='ocrx_word' id='word_1_89' title='bbox 312 776 459 845; x_wconf 67' lang='lat' dir='ltr'><strong>perficeret,</strong></span> <span class='ocrx_word' id='word_1_90' title='bbox 480 779 505 829; x_wconf 85' lang='lat' dir='ltr'><strong>et</strong></span> <span class='ocrx_word' id='word_1_91' title='bbox 523 776 673 846; x_wconf 71' lang='lat' dir='ltr'><strong>perlectam</strong></span> <span class='ocrx_word' id='word_1_92' title='bbox 694 775 818 831; x_wconf 87' lang='lat' dir='ltr'><strong>donaret.</strong></span> <span class='ocrx_word' id='word_1_93' title='bbox 841 778 938 832; x_wconf 82' lang='lat' dir='ltr'><strong>Fabri·</strong></span> <span class='ocrx_word' id='word_1_94' title='bbox 995 777 1155 834; x_wconf 83' lang='lat' dir='ltr'><strong>Heraclium</strong></span> <span class='ocrx_word' id='word_1_95' title='bbox 1184 773 1333 832; x_wconf 72' lang='lat' dir='ltr'><strong>transferri</strong></span> <span class='ocrx_word' id='word_1_96' title='bbox 1368 773 1485 840; x_wconf 91' lang='lat' dir='ltr'><strong>sineret,</strong></span> <span class='ocrx_word' id='word_1_97' title='bbox 1509 776 1727 845; x_wconf 76' lang='lat' dir='ltr'><strong>annueretque:</strong></span> <span class='ocrx_word' id='word_1_98' title='bbox 1761 786 1849 843; x_wconf 85' lang='lat' dir='ltr'><strong>qnam</strong></span> 
     </span>
     <span class='ocr_line' id='line_1_8' title="bbox 89 859 1851 937; baseline -0.003 -18"><span class='ocrx_word' id='word_1_99' title='bbox 89 865 171 920; x_wconf 86' lang='lat' dir='ltr'><strong>condi</strong></span> <span class='ocrx_word' id='word_1_100' title='bbox 185 868 273 919; x_wconf 89' lang='lat' dir='ltr'><strong>autem</strong></span> <span class='ocrx_word' id='word_1_101' title='bbox 287 863 396 919; x_wconf 89' lang='lat' dir='ltr'><strong>domum</strong></span> <span class='ocrx_word' id='word_1_102' title='bbox 410 866 555 919; x_wconf 87' lang='lat' dir='ltr'><strong>necessitas</strong></span> <span class='ocrx_word' id='word_1_103' title='bbox 570 865 780 933; x_wconf 89' lang='lat' dir='ltr'><strong>illinuttaerat,</strong></span> <span class='ocrx_word' id='word_1_104' title='bbox 800 868 856 921; x_wconf 88' lang='lat' dir='ltr'><strong>nisi</strong></span> <span class='ocrx_word' id='word_1_105' title='bbox 874 868 941 936; x_wconf 79' lang='lat' dir='ltr'><strong>puio</strong></span> <span class='ocrx_word' id='word_1_106' title='bbox 993 866 1163 937; x_wconf 84' lang='lat' dir='ltr'><strong>petitionem</strong></span> <span class='ocrx_word' id='word_1_107' title='bbox 1188 864 1260 920; x_wconf 91' lang='lat' dir='ltr'><strong>nihil</strong></span> <span class='ocrx_word' id='word_1_108' title='bbox 1293 867 1425 919; x_wconf 86' lang='lat' dir='ltr'><strong>cunctata</strong></span> <span class='ocrx_word' id='word_1_109' title='bbox 1448 861 1529 935; x_wconf 87' lang='lat' dir='ltr'><strong>plebs</strong></span> <span class='ocrx_word' id='word_1_110' title='bbox 1549 864 1662 934; x_wconf 88' lang='lat' dir='ltr'><strong>gratam</strong></span> <span class='ocrx_word' id='word_1_111' title='bbox 1694 876 1724 915; x_wconf 89' lang='lat' dir='ltr'><strong>se</strong></span> <span class='ocrx_word' id='word_1_112' title='bbox 1744 859 1851 915; x_wconf 88' lang='lat' dir='ltr'><strong>habere</strong></span> 
     </span>
     <span class='ocr_line' id='line_1_9' title="bbox 88 948 1852 1027; baseline -0.005 -17"><span class='ocrx_word' id='word_1_113' title='bbox 88 955 218 1022; x_wconf 82' lang='lat' dir='ltr'><strong>cogitauit</strong></span> <span class='ocrx_word' id='word_1_114' title='bbox 233 958 345 1008; x_wconf 89' lang='lat' dir='ltr'><strong>matrem</strong></span> <span class='ocrx_word' id='word_1_115' title='bbox 356 968 434 1008; x_wconf 88' lang='lat' dir='ltr'><strong>suam</strong></span> <span class='ocrx_word' id='word_1_116' title='bbox 448 954 498 1008; x_wconf 85' lang='lat' dir='ltr'><strong>bue</strong></span> <span class='ocrx_word' id='word_1_117' title='bbox 512 969 567 1009; x_wconf 87' lang='lat' dir='ltr'><strong>esse</strong></span> <span class='ocrx_word' id='word_1_118' title='bbox 576 959 717 1010; x_wconf 75' lang='lat' dir='ltr'><strong>ereaturam</strong></span> <span class='ocrx_word' id='word_1_119' title='bbox 732 973 741 1021; x_wconf 89' lang='lat'>;</span> <span class='ocrx_word' id='word_1_120' title='bbox 754 956 780 1010; x_wconf 87' lang='lat' dir='ltr'><strong>si</strong></span> <span class='ocrx_word' id='word_1_121' title='bbox 799 960 940 1012; x_wconf 76' lang='lat' dir='ltr'><strong>arctemur·</strong></span> <span class='ocrx_word' id='word_1_122' title='bbox 994 955 1164 1027; x_wconf 85' lang='lat' dir='ltr'><strong>significarit</strong></span> <span class='ocrx_word' id='word_1_123' title='bbox 1179 953 1272 1024; x_wconf 80' lang='lat' dir='ltr'><strong>(ibid,</strong></span> <span class='ocrx_word' id='word_1_124' title='bbox 1286 969 1314 1008; x_wconf 90' lang='lat' dir='ltr'><strong>n.</strong></span> <span class='ocrx_word' id='word_1_125' title='bbox 1327 953 1365 1023; x_wconf 81' lang='lat'><strong>5).</strong></span> <span class='ocrx_word' id='word_1_126' title='bbox 1382 951 1467 1008; x_wconf 87' lang='lat' dir='ltr'><strong>Petiit</strong></span> <span class='ocrx_word' id='word_1_127' title='bbox 1482 951 1599 1006; x_wconf 89' lang='lat' dir='ltr'><strong>demum</strong></span> <span class='ocrx_word' id='word_1_128' title='bbox 1611 948 1805 1020; x_wconf 74' lang='lat' dir='ltr'><strong>Augustinus,</strong></span> <span class='ocrx_word' id='word_1_129' title='bbox 1821 950 1852 1002; x_wconf 91' lang='lat' dir='ltr'><strong>ut</strong></span> 
     </span>
     <span class='ocr_line' id='line_1_10' title="bbox 88 1035 1850 1117; baseline -0.004 -19"><span class='ocrx_word' id='word_1_130' title='bbox 88 1044 384 1112; x_wconf 67' lang='lat' dir='ltr'><strong>nuset,iurefitiisui</strong></span> <span class='ocrx_word' id='word_1_131' title='bbox 398 1041 645 1098; x_wconf 86' lang='lat' dir='ltr'><strong>babitaret:modo</strong></span> <span class='ocrx_word' id='word_1_132' title='bbox 660 1046 941 1115; x_wconf 86' lang='lat' dir='ltr'><strong>siucnerit‚inoperc</strong></span> <span class='ocrx_word' id='word_1_133' title='bbox 994 1044 1045 1117; x_wconf 89' lang='lat' dir='ltr'><strong>qui</strong></span> <span class='ocrx_word' id='word_1_134' title='bbox 1064 1046 1192 1115; x_wconf 85' lang='lat' dir='ltr'><strong>possent,</strong></span> <span class='ocrx_word' id='word_1_135' title='bbox 1222 1057 1317 1097; x_wconf 91' lang='lat' dir='ltr'><strong>rerum</strong></span> <span class='ocrx_word' id='word_1_136' title='bbox 1340 1039 1370 1096; x_wconf 92' lang='lat' dir='ltr'><strong>in</strong></span> <span class='ocrx_word' id='word_1_137' title='bbox 1399 1038 1551 1113; x_wconf 74' lang='lat' dir='ltr'><strong>praesentia</strong></span> <span class='ocrx_word' id='word_1_138' title='bbox 1572 1041 1718 1111; x_wconf 88' lang='lat' dir='ltr'><strong>gestarum</strong></span> <span class='ocrx_word' id='word_1_139' title='bbox 1740 1035 1850 1092; x_wconf 83' lang='lat' dir='ltr'><strong>tabulas</strong></span> 
     </span>
     <span class='ocr_line' id='line_1_11' title="bbox 88 1123 1849 1203; baseline -0.003 -18"><span class='ocrx_word' id='word_1_140' title='bbox 88 1132 195 1202; x_wconf 66' lang='lat' dir='ltr'><strong>filiisui</strong></span> <span class='ocrx_word' id='word_1_141' title='bbox 208 1131 353 1185; x_wconf 75' lang='lat' dir='ltr'><strong>habitabit.</strong></span> <span class='ocrx_word' id='word_1_142' title='bbox 372 1133 562 1187; x_wconf 84' lang='lat' dir='ltr'><strong>Testimonium</strong></span> <span class='ocrx_word' id='word_1_143' title='bbox 581 1133 607 1186; x_wconf 87' lang='lat' dir='ltr'><strong>ei</strong></span> <span class='ocrx_word' id='word_1_144' title='bbox 623 1133 759 1202; x_wconf 81' lang='lat' dir='ltr'><strong>perhibeo,</strong></span> <span class='ocrx_word' id='word_1_145' title='bbox 776 1148 883 1203; x_wconf 87' lang='lat' dir='ltr'><strong>pauper</strong></span> <span class='ocrx_word' id='word_1_146' title='bbox 897 1148 939 1187; x_wconf 89' lang='lat' dir='ltr'><strong>rc·</strong></span> <span class='ocrx_word' id='word_1_147' title='bbox 995 1132 1188 1203; x_wconf 85' lang='lat' dir='ltr'><strong>obsignarent,</strong></span> <span class='ocrx_word' id='word_1_148' title='bbox 1203 1146 1294 1201; x_wconf 87' lang='lat' dir='ltr'><strong>eaque</strong></span> <span class='ocrx_word' id='word_1_149' title='bbox 1311 1128 1409 1184; x_wconf 91' lang='lat' dir='ltr'><strong>amnia</strong></span> <span class='ocrx_word' id='word_1_150' title='bbox 1421 1128 1547 1200; x_wconf 90' lang='lat' dir='ltr'><strong>populus</strong></span> <span class='ocrx_word' id='word_1_151' title='bbox 1567 1126 1671 1182; x_wconf 90' lang='lat' dir='ltr'><strong>altimo</strong></span> <span class='ocrx_word' id='word_1_152' title='bbox 1685 1140 1739 1181; x_wconf 92' lang='lat' dir='ltr'><strong>sua</strong></span> <span class='ocrx_word' id='word_1_153' title='bbox 1752 1123 1849 1180; x_wconf 82' lang='lat' dir='ltr'><strong>suffra·</strong></span> 
     </span>
     <span class='ocr_line' id='line_1_12' title="bbox 88 1213 1847 1292; baseline -0.004 -16"><span class='ocrx_word' id='word_1_154' title='bbox 88 1222 205 1276; x_wconf 85' lang='lat' dir='ltr'><strong>mansit:</strong></span> <span class='ocrx_word' id='word_1_155' title='bbox 230 1220 278 1275; x_wconf 89' lang='lat' dir='ltr'><strong>sed</strong></span> <span class='ocrx_word' id='word_1_156' title='bbox 302 1222 331 1274; x_wconf 87' lang='lat' dir='ltr'><strong>in</strong></span> <span class='ocrx_word' id='word_1_157' title='bbox 355 1221 499 1277; x_wconf 72' lang='lat' dir='ltr'><strong>exaesam</strong></span> <span class='ocrx_word' id='word_1_158' title='bbox 520 1223 685 1291; x_wconf 86' lang='lat' dir='ltr'><strong>possessione</strong></span> <span class='ocrx_word' id='word_1_159' title='bbox 703 1225 864 1292; x_wconf 87' lang='lat' dir='ltr'><strong>permansit.</strong></span> <span class='ocrx_word' id='word_1_160' title='bbox 878 1223 940 1277; x_wconf 87' lang='lat' dir='ltr'><strong>Ali·</strong></span> <span class='ocrx_word' id='word_1_161' title='bbox 995 1221 1042 1292; x_wconf 92' lang='lat' dir='ltr'><strong>gia</strong></span> <span class='ocrx_word' id='word_1_162' title='bbox 1057 1219 1268 1287; x_wconf 81' lang='lat' dir='ltr'><strong>communiret3</strong></span> <span class='ocrx_word' id='word_1_163' title='bbox 1285 1218 1361 1290; x_wconf 88' lang='lat' dir='ltr'><strong>quad</strong></span> <span class='ocrx_word' id='word_1_164' title='bbox 1374 1222 1402 1273; x_wconf 89' lang='lat' dir='ltr'><strong>et</strong></span> <span class='ocrx_word' id='word_1_165' title='bbox 1420 1217 1526 1273; x_wconf 86' lang='lat' dir='ltr'><strong>lactum</strong></span> <span class='ocrx_word' id='word_1_166' title='bbox 1546 1220 1590 1272; x_wconf 88' lang='lat' dir='ltr'><strong>est</strong></span> <span class='ocrx_word' id='word_1_167' title='bbox 1604 1214 1683 1271; x_wconf 91' lang='lat' dir='ltr'><strong>illico</strong></span> <span class='ocrx_word' id='word_1_168' title='bbox 1701 1213 1792 1270; x_wconf 80' lang='lat' dir='ltr'><strong>variis</strong></span> <span class='ocrx_word' id='word_1_169' title='bbox 1806 1229 1847 1269; x_wconf 85' lang='lat' dir='ltr'><strong>aa·</strong></span> 
     </span>
     <span class='ocr_line' id='line_1_13' title="bbox 89 1302 1847 1381; baseline -0.005 -16"><span class='ocrx_word' id='word_1_170' title='bbox 89 1312 138 1380; x_wconf 86' lang='lat' dir='ltr'><strong>qui</strong></span> <span class='ocrx_word' id='word_1_171' title='bbox 159 1309 262 1364; x_wconf 79' lang='lat' dir='ltr'><strong>servuli</strong></span> <span class='ocrx_word' id='word_1_172' title='bbox 278 1310 303 1362; x_wconf 87' lang='lat' dir='ltr'><strong>ei</strong></span> <span class='ocrx_word' id='word_1_173' title='bbox 326 1309 427 1378; x_wconf 85' lang='lat' dir='ltr'><strong>reliqui</strong></span> <span class='ocrx_word' id='word_1_174' title='bbox 443 1311 565 1377; x_wconf 70' lang='lat' dir='ltr'><strong>lateant,</strong></span> <span class='ocrx_word' id='word_1_175' title='bbox 584 1311 647 1381; x_wconf 81' lang='lat' dir='ltr'><strong>jum</strong></span> <span class='ocrx_word' id='word_1_176' title='bbox 666 1311 777 1380; x_wconf 83' lang='lat' dir='ltr'><strong>quidem</strong></span> <span class='ocrx_word' id='word_1_177' title='bbox 794 1313 822 1365; x_wconf 89' lang='lat' dir='ltr'><strong>in</strong></span> <span class='ocrx_word' id='word_1_178' title='bbox 842 1326 939 1366; x_wconf 85' lang='lat' dir='ltr'><strong>rrroua-</strong></span> <span class='ocrx_word' id='word_1_179' title='bbox 995 1309 1223 1375; x_wconf 90' lang='lat' dir='ltr'><strong>clamationibus,</strong></span> <span class='ocrx_word' id='word_1_180' title='bbox 1249 1323 1320 1380; x_wconf 89' lang='lat' dir='ltr'><strong>quas</strong></span> <span class='ocrx_word' id='word_1_181' title='bbox 1339 1307 1457 1380; x_wconf 86' lang='lat' dir='ltr'><strong>quidem</strong></span> <span class='ocrx_word' id='word_1_182' title='bbox 1482 1305 1513 1361; x_wconf 92' lang='lat' dir='ltr'><strong>in</strong></span> <span class='ocrx_word' id='word_1_183' title='bbox 1542 1304 1684 1378; x_wconf 91' lang='lat' dir='ltr'><strong>episcopis</strong></span> <span class='ocrx_word' id='word_1_184' title='bbox 1711 1302 1847 1375; x_wconf 85' lang='lat' dir='ltr'><strong>eligendis</strong></span> 
     </span>
     <span class='ocr_line' id='line_1_14' title="bbox 88 1386 1846 1471; baseline -0.004 -16"><span class='ocrx_word' id='word_1_185' title='bbox 88 1401 170 1455; x_wconf 89' lang='lat' dir='ltr'><strong>steria</strong></span> <span class='ocrx_word' id='word_1_186' title='bbox 183 1399 310 1464; x_wconf 81' lang='lat' dir='ltr'><strong>vivarias,</strong></span> <span class='ocrx_word' id='word_1_187' title='bbox 338 1413 403 1468; x_wconf 82' lang='lat' dir='ltr'><strong>quos</strong></span> <span class='ocrx_word' id='word_1_188' title='bbox 424 1402 512 1454; x_wconf 82' lang='lat' dir='ltr'><strong>tamen</strong></span> <span class='ocrx_word' id='word_1_189' title='bbox 527 1400 614 1456; x_wconf 84' lang='lat' dir='ltr'><strong>Gestis</strong></span> <span class='ocrx_word' id='word_1_190' title='bbox 635 1386 821 1456; x_wconf 80' lang='lat' dir='ltr'><strong>ecclesiasticis</strong></span> <span class='ocrx_word' id='word_1_191' title='bbox 840 1416 938 1455; x_wconf 90' lang='lat' dir='ltr'><strong>manu·</strong></span> <span class='ocrx_word' id='word_1_192' title='bbox 995 1398 1129 1471; x_wconf 89' lang='lat' dir='ltr'><strong>usurpari</strong></span> <span class='ocrx_word' id='word_1_193' title='bbox 1144 1399 1239 1465; x_wconf 86' lang='lat' dir='ltr'><strong>salita,</strong></span> <span class='ocrx_word' id='word_1_194' title='bbox 1255 1396 1427 1452; x_wconf 85' lang='lat' dir='ltr'><strong>verosimile</strong></span> <span class='ocrx_word' id='word_1_195' title='bbox 1442 1399 1484 1450; x_wconf 91' lang='lat' dir='ltr'><strong>est</strong></span> <span class='ocrx_word' id='word_1_196' title='bbox 1503 1395 1598 1467; x_wconf 78' lang='lat' dir='ltr'><strong>(ibid,</strong></span> <span class='ocrx_word' id='word_1_197' title='bbox 1612 1410 1640 1449; x_wconf 87' lang='lat' dir='ltr'><strong>n.</strong></span> <span class='ocrx_word' id='word_1_198' title='bbox 1657 1394 1696 1464; x_wconf 78' lang='lat' dir='ltr'><strong>a).</strong></span> <span class='ocrx_word' id='word_1_199' title='bbox 1712 1393 1774 1450; x_wconf 86' lang='lat' dir='ltr'><strong>Sub</strong></span> <span class='ocrx_word' id='word_1_200' title='bbox 1792 1392 1846 1449; x_wconf 81' lang='lat' dir='ltr'><strong>hnc</strong></span> 
     </span>
     <span class='ocr_line' id='line_1_15' title="bbox 89 1481 1848 1560; baseline -0.002 -18"><span class='ocrx_word' id='word_1_201' title='bbox 89 1489 223 1542; x_wconf 87' lang='lat' dir='ltr'><strong>missurus</strong></span> <span class='ocrx_word' id='word_1_202' title='bbox 238 1490 278 1541; x_wconf 87' lang='lat' dir='ltr'><strong>est</strong></span> <span class='ocrx_word' id='word_1_203' title='bbox 291 1486 379 1541; x_wconf 87' lang='lat' dir='ltr'><strong>bodie.</strong></span> <span class='ocrx_word' id='word_1_204' title='bbox 404 1490 484 1543; x_wconf 79' lang='lat' dir='ltr'><strong>lt&#39;emo</strong></span> <span class='ocrx_word' id='word_1_205' title='bbox 506 1504 568 1558; x_wconf 81' lang='lat' dir='ltr'><strong>erpo</strong></span> <span class='ocrx_word' id='word_1_206' title='bbox 592 1488 677 1556; x_wconf 79' lang='lat' dir='ltr'><strong>diem,</strong></span> <span class='ocrx_word' id='word_1_207' title='bbox 693 1490 767 1545; x_wconf 87' lang='lat' dir='ltr'><strong>diues</strong></span> <span class='ocrx_word' id='word_1_208' title='bbox 788 1494 845 1545; x_wconf 89' lang='lat' dir='ltr'><strong>cst:</strong></span> <span class='ocrx_word' id='word_1_209' title='bbox 865 1506 940 1545; x_wconf 86' lang='lat' dir='ltr'><strong>nemo</strong></span> <span class='ocrx_word' id='word_1_210' title='bbox 996 1488 1043 1542; x_wconf 86' lang='lat' dir='ltr'><strong>t&#39;ir</strong></span> <span class='ocrx_word' id='word_1_211' title='bbox 1071 1490 1185 1543; x_wconf 89' lang='lat' dir='ltr'><strong>sanetus</strong></span> <span class='ocrx_word' id='word_1_212' title='bbox 1208 1486 1336 1560; x_wconf 79' lang='lat' dir='ltr'><strong>perrexit</strong></span> <span class='ocrx_word' id='word_1_213' title='bbox 1356 1486 1391 1541; x_wconf 91' lang='lat' dir='ltr'><strong>ad</strong></span> <span class='ocrx_word' id='word_1_214' title='bbox 1407 1484 1585 1540; x_wconf 82' lang='lat' dir='ltr'><strong>alterandum</strong></span> <span class='ocrx_word' id='word_1_215' title='bbox 1602 1481 1790 1547; x_wconf 83' lang='lat' dir='ltr'><strong>sacrificinm,</strong></span> <span class='ocrx_word' id='word_1_216' title='bbox 1805 1499 1848 1554; x_wconf 89' lang='lat' dir='ltr'><strong>pa·</strong></span> 
     </span>
     <span class='ocr_line' id='line_1_16' title="bbox 90 1570 1848 1650; baseline -0.003 -20"><span class='ocrx_word' id='word_1_217' title='bbox 90 1577 235 1643; x_wconf 68' lang='lat' dir='ltr'><strong>existimet,</strong></span> <span class='ocrx_word' id='word_1_218' title='bbox 246 1591 321 1631; x_wconf 86' lang='lat' dir='ltr'><strong>ucma</strong></span> <span class='ocrx_word' id='word_1_219' title='bbox 338 1577 408 1631; x_wconf 87' lang='lat' dir='ltr'><strong>male</strong></span> <span class='ocrx_word' id='word_1_220' title='bbox 430 1578 567 1647; x_wconf 83' lang='lat' dir='ltr'><strong>loquatur,</strong></span> <span class='ocrx_word' id='word_1_221' title='bbox 580 1594 655 1632; x_wconf 77' lang='lat' dir='ltr'><strong>eremo</strong></span> <span class='ocrx_word' id='word_1_222' title='bbox 679 1592 706 1633; x_wconf 90' lang='lat' dir='ltr'><strong>se</strong></span> <span class='ocrx_word' id='word_1_223' title='bbox 724 1580 814 1649; x_wconf 87' lang='lat' dir='ltr'><strong>ipsum</strong></span> <span class='ocrx_word' id='word_1_224' title='bbox 827 1579 869 1633; x_wconf 87' lang='lat' dir='ltr'><strong>ael</strong></span> <span class='ocrx_word' id='word_1_225' title='bbox 882 1579 941 1633; x_wconf 89' lang='lat' dir='ltr'><strong>ani-</strong></span> <span class='ocrx_word' id='word_1_226' title='bbox 995 1577 1063 1650; x_wconf 91' lang='lat' dir='ltr'><strong>puta</strong></span> <span class='ocrx_word' id='word_1_227' title='bbox 1079 1577 1162 1648; x_wconf 90' lang='lat' dir='ltr'><strong>prius</strong></span> <span class='ocrx_word' id='word_1_228' title='bbox 1176 1575 1307 1648; x_wconf 91' lang='lat' dir='ltr'><strong>impense</strong></span> <span class='ocrx_word' id='word_1_229' title='bbox 1321 1573 1478 1641; x_wconf 88' lang='lat' dir='ltr'><strong>admonita,</strong></span> <span class='ocrx_word' id='word_1_230' title='bbox 1498 1576 1531 1629; x_wconf 91' lang='lat' dir='ltr'><strong>ut</strong></span> <span class='ocrx_word' id='word_1_231' title='bbox 1543 1588 1630 1628; x_wconf 74' lang='lat' dir='ltr'><strong>sacrae</strong></span> <span class='ocrx_word' id='word_1_232' title='bbox 1645 1570 1736 1643; x_wconf 86' lang='lat' dir='ltr'><strong>hujus</strong></span> <span class='ocrx_word' id='word_1_233' title='bbox 1751 1572 1848 1644; x_wconf 89' lang='lat' dir='ltr'><strong>suppli·</strong></span> 
     </span>
     <span class='ocr_line' id='line_1_17' title="bbox 88 1659 1846 1738; baseline -0.003 -18"><span class='ocrx_word' id='word_1_234' title='bbox 88 1681 157 1720; x_wconf 88' lang='lat' dir='ltr'><strong>mam</strong></span> <span class='ocrx_word' id='word_1_235' title='bbox 171 1680 246 1720; x_wconf 90' lang='lat' dir='ltr'><strong>suam</strong></span> <span class='ocrx_word' id='word_1_236' title='bbox 256 1666 312 1719; x_wconf 69' lang='lat' dir='ltr'><strong>sub</strong></span> <span class='ocrx_word' id='word_1_237' title='bbox 327 1663 452 1720; x_wconf 83' lang='lat' dir='ltr'><strong>dentibus</strong></span> <span class='ocrx_word' id='word_1_238' title='bbox 467 1667 560 1720; x_wconf 85' lang='lat' dir='ltr'><strong>laniet.</strong></span> <span class='ocrx_word' id='word_1_239' title='bbox 576 1668 719 1721; x_wconf 85' lang='lat' dir='ltr'><strong>Pecuniam</strong></span> <span class='ocrx_word' id='word_1_240' title='bbox 738 1667 842 1722; x_wconf 90' lang='lat' dir='ltr'><strong>nullam</strong></span> <span class='ocrx_word' id='word_1_241' title='bbox 857 1667 936 1721; x_wconf 86' lang='lat' dir='ltr'><strong>babet</strong></span> <span class='ocrx_word' id='word_1_242' title='bbox 995 1665 1114 1721; x_wconf 86' lang='lat' dir='ltr'><strong>aetianis</strong></span> <span class='ocrx_word' id='word_1_243' title='bbox 1127 1667 1198 1721; x_wconf 91' lang='lat' dir='ltr'><strong>hara</strong></span> <span class='ocrx_word' id='word_1_244' title='bbox 1226 1682 1255 1719; x_wconf 90' lang='lat' dir='ltr'><strong>se</strong></span> <span class='ocrx_word' id='word_1_245' title='bbox 1281 1663 1404 1738; x_wconf 89' lang='lat' dir='ltr'><strong>quisque</strong></span> <span class='ocrx_word' id='word_1_246' title='bbox 1429 1663 1464 1718; x_wconf 89' lang='lat' dir='ltr'><strong>ab</strong></span> <span class='ocrx_word' id='word_1_247' title='bbox 1480 1660 1544 1717; x_wconf 88' lang='lat' dir='ltr'><strong>aliis</strong></span> <span class='ocrx_word' id='word_1_248' title='bbox 1557 1659 1633 1716; x_wconf 89' lang='lat' dir='ltr'><strong>curis</strong></span> <span class='ocrx_word' id='word_1_249' title='bbox 1660 1659 1846 1726; x_wconf 69' lang='lat' dir='ltr'><strong>avelleretur</strong></span> 
     </span>
     <span class='ocr_line' id='line_1_18' title="bbox 89 1749 1845 1827; baseline -0.002 -21"><span class='ocrx_word' id='word_1_250' title='bbox 89 1756 349 1820; x_wconf 77' lang='lat' dir='ltr'><strong>seruatamutincm</strong></span> <span class='ocrx_word' id='word_1_251' title='bbox 359 1753 523 1822; x_wconf 81' lang='lat' dir='ltr'><strong>quamdebet</strong></span> <span class='ocrx_word' id='word_1_252' title='bbox 531 1757 782 1827; x_wconf 77' lang='lat' dir='ltr'><strong>restituatllSerm.</strong></span> <span class='ocrx_word' id='word_1_253' title='bbox 791 1758 852 1824; x_wconf 83' lang='grc'><strong>356,</strong></span> <span class='ocrx_word' id='word_1_254' title='bbox 865 1755 939 1825; x_wconf 73' lang='lat' dir='ltr'><strong>nt.)</strong></span> <span class='ocrx_word' id='word_1_255' title='bbox 996 1756 1095 1810; x_wconf 92' lang='lat' dir='ltr'><strong>sedula</strong></span> <span class='ocrx_word' id='word_1_256' title='bbox 1107 1771 1160 1826; x_wconf 92' lang='lat' dir='ltr'><strong>pra</strong></span> <span class='ocrx_word' id='word_1_257' title='bbox 1184 1753 1360 1826; x_wconf 78' lang='lat' dir='ltr'><strong>hipponensi</strong></span> <span class='ocrx_word' id='word_1_258' title='bbox 1380 1751 1511 1818; x_wconf 84' lang='lat' dir='ltr'><strong>Ecclesia,</strong></span> <span class='ocrx_word' id='word_1_259' title='bbox 1536 1767 1588 1824; x_wconf 89' lang='lat' dir='ltr'><strong>pro</strong></span> <span class='ocrx_word' id='word_1_260' title='bbox 1604 1766 1634 1804; x_wconf 89' lang='lat' dir='ltr'><strong>se</strong></span> <span class='ocrx_word' id='word_1_261' title='bbox 1657 1752 1747 1822; x_wconf 81' lang='lat' dir='ltr'><strong>atque</strong></span> <span class='ocrx_word' id='word_1_262' title='bbox 1767 1749 1845 1803; x_wconf 87' lang='lat' dir='ltr'><strong>Hera-</strong></span> 
     </span>
     <span class='ocr_line' id='line_1_19' title="bbox 127 1837 1847 1916; baseline -0.001 -22"><span class='ocrx_word' id='word_1_263' title='bbox 127 1843 152 1897; x_wconf 84' lang='lat'><strong>3.</strong></span> <span class='ocrx_word' id='word_1_264' title='bbox 184 1841 242 1894; x_wconf 89' lang='lat' dir='ltr'><strong>iioc</strong></span> <span class='ocrx_word' id='word_1_265' title='bbox 265 1840 342 1912; x_wconf 89' lang='lat' dir='ltr'><strong>apud</strong></span> <span class='ocrx_word' id='word_1_266' title='bbox 366 1841 577 1913; x_wconf 88' lang='lat' dir='ltr'><strong>Hipponensem</strong></span> <span class='ocrx_word' id='word_1_267' title='bbox 605 1843 716 1914; x_wconf 90' lang='lat' dir='ltr'><strong>plebem</strong></span> <span class='ocrx_word' id='word_1_268' title='bbox 745 1843 939 1899; x_wconf 88' lang='lat' dir='ltr'><strong>testimouium</strong></span> <span class='ocrx_word' id='word_1_269' title='bbox 995 1845 1049 1899; x_wconf 90' lang='lat' dir='ltr'><strong>clia</strong></span> <span class='ocrx_word' id='word_1_270' title='bbox 1064 1848 1251 1916; x_wconf 90' lang='lat' dir='ltr'><strong>precarentur</strong></span> <span class='ocrx_word' id='word_1_271' title='bbox 1270 1843 1363 1914; x_wconf 70' lang='lat' dir='ltr'><strong>(lbra,</strong></span> <span class='ocrx_word' id='word_1_272' title='bbox 1380 1859 1407 1897; x_wconf 94' lang='lat' dir='ltr'><strong>n.</strong></span> <span class='ocrx_word' id='word_1_273' title='bbox 1424 1842 1462 1913; x_wconf 79' lang='lat'><strong>7).</strong></span> <span class='ocrx_word' id='word_1_274' title='bbox 1479 1843 1512 1896; x_wconf 90' lang='lat' dir='ltr'><strong>Et</strong></span> <span class='ocrx_word' id='word_1_275' title='bbox 1525 1841 1587 1896; x_wconf 84' lang='lat' dir='ltr'><strong>haee</strong></span> <span class='ocrx_word' id='word_1_276' title='bbox 1601 1854 1690 1912; x_wconf 89' lang='lat' dir='ltr'><strong>porra</strong></span> <span class='ocrx_word' id='word_1_277' title='bbox 1705 1837 1847 1894; x_wconf 85' lang='lat' dir='ltr'><strong>continent</strong></span> 
     </span>
     <span class='ocr_line' id='line_1_20' title="bbox 91 1925 1847 2004; baseline -0.001 -22"><span class='ocrx_word' id='word_1_278' title='bbox 91 1928 192 1983; x_wconf 71' lang='lat' dir='ltr'><strong>seruati</strong></span> <span class='ocrx_word' id='word_1_279' title='bbox 207 1928 297 1984; x_wconf 88' lang='lat' dir='ltr'><strong>sancti</strong></span> <span class='ocrx_word' id='word_1_280' title='bbox 325 1929 466 2000; x_wconf 90' lang='lat' dir='ltr'><strong>propositi</strong></span> <span class='ocrx_word' id='word_1_281' title='bbox 482 1930 589 1986; x_wconf 89' lang='lat' dir='ltr'><strong>Eraclia</strong></span> <span class='ocrx_word' id='word_1_282' title='bbox 605 1932 696 1987; x_wconf 89' lang='lat' dir='ltr'><strong>adhue</strong></span> <span class='ocrx_word' id='word_1_283' title='bbox 720 1931 794 1988; x_wconf 86' lang='lat' dir='ltr'><strong>inter</strong></span> <span class='ocrx_word' id='word_1_284' title='bbox 808 1933 941 1988; x_wconf 89' lang='lat' dir='ltr'><strong>diaconas</strong></span> <span class='ocrx_word' id='word_1_285' title='bbox 996 1934 1113 2004; x_wconf 88' lang='lat' dir='ltr'><strong>hujusce</strong></span> <span class='ocrx_word' id='word_1_286' title='bbox 1129 1934 1372 1997; x_wconf 62' lang='lat' dir='ltr'><strong>consentaneis,</strong></span> <span class='ocrx_word' id='word_1_287' title='bbox 1391 1946 1455 2002; x_wconf 86' lang='lat' dir='ltr'><strong>quae</strong></span> <span class='ocrx_word' id='word_1_288' title='bbox 1470 1929 1545 1984; x_wconf 89' lang='lat' dir='ltr'><strong>inter</strong></span> <span class='ocrx_word' id='word_1_289' title='bbox 1558 1925 1847 2000; x_wconf 86' lang='lat' dir='ltr'><strong>Augustinianesepi·</strong></span> 
     </span>
     <span class='ocr_line' id='line_1_21' title="bbox 89 2015 1847 2090; baseline -0.001 -18"><span class='ocrx_word' id='word_1_290' title='bbox 89 2018 242 2072; x_wconf 90' lang='lat' dir='ltr'><strong>constituto</strong></span> <span class='ocrx_word' id='word_1_291' title='bbox 257 2016 334 2073; x_wconf 87' lang='lat' dir='ltr'><strong>dedit</strong></span> <span class='ocrx_word' id='word_1_292' title='bbox 347 2018 542 2090; x_wconf 91' lang='lat' dir='ltr'><strong>Augustinus;</strong></span> <span class='ocrx_word' id='word_1_293' title='bbox 559 2020 636 2075; x_wconf 93' lang='lat' dir='ltr'><strong>illius</strong></span> <span class='ocrx_word' id='word_1_294' title='bbox 651 2021 727 2077; x_wconf 90' lang='lat' dir='ltr'><strong>haud</strong></span> <span class='ocrx_word' id='word_1_295' title='bbox 748 2021 834 2078; x_wconf 91' lang='lat' dir='ltr'><strong>dubia</strong></span> <span class='ocrx_word' id='word_1_296' title='bbox 852 2023 941 2077; x_wconf 72' lang='lat' dir='ltr'><strong>surius</strong></span> <span class='ocrx_word' id='word_1_297' title='bbox 996 2023 1198 2078; x_wconf 89' lang='lat' dir='ltr'><strong>stolasinserta</strong></span> <span class='ocrx_word' id='word_1_298' title='bbox 1217 2024 1292 2076; x_wconf 90' lang='lat' dir='ltr'><strong>sunl.</strong></span> <span class='ocrx_word' id='word_1_299' title='bbox 1309 2021 1412 2075; x_wconf 83' lang='lat' dir='ltr'><strong>Extant</strong></span> <span class='ocrx_word' id='word_1_300' title='bbox 1426 2017 1547 2074; x_wconf 89' lang='lat' dir='ltr'><strong>lteraclii</strong></span> <span class='ocrx_word' id='word_1_301' title='bbox 1562 2015 1725 2089; x_wconf 77' lang='lat' dir='ltr'><strong>presbyteri</strong></span> <span class='ocrx_word' id='word_1_302' title='bbox 1748 2030 1847 2071; x_wconf 87' lang='lat' dir='ltr'><strong>sermo·</strong></span> 
     </span>
     <span class='ocr_line' id='line_1_22' title="bbox 90 2104 1846 2182; baseline -0.001 -22"><span class='ocrx_word' id='word_1_303' title='bbox 90 2105 299 2162; x_wconf 89' lang='lat' dir='ltr'><strong>incrementum</strong></span> <span class='ocrx_word' id='word_1_304' title='bbox 316 2107 351 2162; x_wconf 92' lang='lat' dir='ltr'><strong>ab</strong></span> <span class='ocrx_word' id='word_1_305' title='bbox 379 2124 413 2163; x_wconf 91' lang='lat' dir='ltr'><strong>eo</strong></span> <span class='ocrx_word' id='word_1_306' title='bbox 433 2112 565 2181; x_wconf 87' lang='lat' dir='ltr'><strong>tempore</strong></span> <span class='ocrx_word' id='word_1_307' title='bbox 581 2126 638 2164; x_wconf 91' lang='lat' dir='ltr'><strong>nan</strong></span> <span class='ocrx_word' id='word_1_308' title='bbox 653 2109 800 2166; x_wconf 91' lang='lat' dir='ltr'><strong>modicum</strong></span> <span class='ocrx_word' id='word_1_309' title='bbox 815 2116 939 2182; x_wconf 89' lang='lat' dir='ltr'><strong>ceperat,</strong></span> <span class='ocrx_word' id='word_1_310' title='bbox 996 2127 1046 2166; x_wconf 92' lang='lat' dir='ltr'><strong>nes</strong></span> <span class='ocrx_word' id='word_1_311' title='bbox 1057 2112 1114 2168; x_wconf 95' lang='lat' dir='ltr'><strong>duo</strong></span> <span class='ocrx_word' id='word_1_312' title='bbox 1126 2128 1132 2166; x_wconf 78' lang='grc' dir='ltr'>ε</span> <span class='ocrx_word' id='word_1_313' title='bbox 1144 2127 1220 2166; x_wconf 89' lang='lat' dir='ltr'><strong>unus</strong></span> <span class='ocrx_word' id='word_1_314' title='bbox 1234 2107 1394 2181; x_wconf 74' lang='lat' dir='ltr'><strong>Augustino</strong></span> <span class='ocrx_word' id='word_1_315' title='bbox 1408 2112 1550 2180; x_wconf 86' lang='lat' dir='ltr'><strong>praeseute</strong></span> <span class='ocrx_word' id='word_1_316' title='bbox 1565 2105 1691 2173; x_wconf 89' lang='lat' dir='ltr'><strong>habitus,</strong></span> <span class='ocrx_word' id='word_1_317' title='bbox 1708 2104 1741 2160; x_wconf 90' lang='lat' dir='ltr'><strong>in</strong></span> <span class='ocrx_word' id='word_1_318' title='bbox 1751 2121 1808 2176; x_wconf 90' lang='lat' dir='ltr'><strong>qua</strong></span> <span class='ocrx_word' id='word_1_319' title='bbox 1821 2119 1846 2159; x_wconf 87' lang='lat' dir='ltr'><strong>se</strong></span> 
     </span>
     <span class='ocr_line' id='line_1_23' title="bbox 90 2191 1846 2272; baseline -0.002 -21"><span class='ocrx_word' id='word_1_320' title='bbox 90 2196 205 2268; x_wconf 85' lang='lat' dir='ltr'><strong>quanda</strong></span> <span class='ocrx_word' id='word_1_321' title='bbox 224 2196 305 2251; x_wconf 91' lang='lat' dir='ltr'><strong>illum</strong></span> <span class='ocrx_word' id='word_1_322' title='bbox 318 2195 509 2268; x_wconf 85' lang='lat' dir='ltr'><strong>Hipponensis</strong></span> <span class='ocrx_word' id='word_1_323' title='bbox 523 2198 689 2269; x_wconf 82' lang='lat' dir='ltr'><strong>Episcopus,</strong></span> <span class='ocrx_word' id='word_1_324' title='bbox 706 2215 763 2254; x_wconf 91' lang='lat' dir='ltr'><strong>nan</strong></span> <span class='ocrx_word' id='word_1_325' title='bbox 776 2199 861 2255; x_wconf 91' lang='lat' dir='ltr'><strong>moda</strong></span> <span class='ocrx_word' id='word_1_326' title='bbox 876 2217 941 2272; x_wconf 87' lang='lat' dir='ltr'><strong>pre·</strong></span> <span class='ocrx_word' id='word_1_327' title='bbox 996 2201 1043 2255; x_wconf 91' lang='lat' dir='ltr'><strong>ille</strong></span> <span class='ocrx_word' id='word_1_328' title='bbox 1059 2199 1234 2272; x_wconf 77' lang='lat' dir='ltr'><strong>praedicandi</strong></span> <span class='ocrx_word' id='word_1_329' title='bbox 1248 2198 1327 2253; x_wconf 84' lang='lat' dir='ltr'><strong>verbi</strong></span> <span class='ocrx_word' id='word_1_330' title='bbox 1342 2197 1392 2253; x_wconf 87' lang='lat' dir='ltr'><strong>Dei</strong></span> <span class='ocrx_word' id='word_1_331' title='bbox 1402 2195 1580 2268; x_wconf 85' lang='lat' dir='ltr'><strong>provinciam</strong></span> <span class='ocrx_word' id='word_1_332' title='bbox 1590 2211 1685 2267; x_wconf 87' lang='lat' dir='ltr'><strong>nuper</strong></span> <span class='ocrx_word' id='word_1_333' title='bbox 1696 2191 1846 2266; x_wconf 87' lang='lat' dir='ltr'><strong>suscepisse</strong></span> 
     </span>
     <span class='ocr_line' id='line_1_24' title="bbox 91 2280 1845 2359; baseline -0.001 -21"><span class='ocrx_word' id='word_1_334' title='bbox 91 2283 225 2356; x_wconf 85' lang='lat' dir='ltr'><strong>sbyterali</strong></span> <span class='ocrx_word' id='word_1_335' title='bbox 240 2280 361 2340; x_wconf 85' lang='lat' dir='ltr'><strong>munere</strong></span> <span class='ocrx_word' id='word_1_336' title='bbox 375 2283 494 2356; x_wconf 89' lang='lat' dir='ltr'><strong>dignum</strong></span> <span class='ocrx_word' id='word_1_337' title='bbox 512 2285 663 2358; x_wconf 86' lang='lat' dir='ltr'><strong>judicavit,</strong></span> <span class='ocrx_word' id='word_1_338' title='bbox 677 2303 777 2343; x_wconf 85' lang='lat' dir='ltr'><strong>rerum</strong></span> <span class='ocrx_word' id='word_1_339' title='bbox 792 2288 877 2343; x_wconf 89' lang='lat' dir='ltr'><strong>etiam</strong></span> <span class='ocrx_word' id='word_1_340' title='bbox 889 2289 942 2345; x_wconf 91' lang='lat' dir='ltr'><strong>sibi</strong></span> <span class='ocrx_word' id='word_1_341' title='bbox 997 2289 1163 2345; x_wconf 89' lang='lat' dir='ltr'><strong>necessitate</strong></span> <span class='ocrx_word' id='word_1_342' title='bbox 1178 2288 1368 2359; x_wconf 88' lang='lat' dir='ltr'><strong>compulsum,</strong></span> <span class='ocrx_word' id='word_1_343' title='bbox 1383 2289 1469 2357; x_wconf 88' lang='lat' dir='ltr'><strong>atque</strong></span> <span class='ocrx_word' id='word_1_344' title='bbox 1484 2284 1555 2341; x_wconf 90' lang='lat' dir='ltr'><strong>illud</strong></span> <span class='ocrx_word' id='word_1_345' title='bbox 1569 2284 1628 2356; x_wconf 85' lang='lat' dir='ltr'><strong>jam</strong></span> <span class='ocrx_word' id='word_1_346' title='bbox 1649 2287 1717 2338; x_wconf 91' lang='lat' dir='ltr'><strong>ante</strong></span> <span class='ocrx_word' id='word_1_347' title='bbox 1743 2282 1845 2355; x_wconf 82' lang='lat' dir='ltr'><strong>pradi-</strong></span> 
     </span>
     <span class='ocr_line' id='line_1_25' title="bbox 91 2370 1844 2450; baseline -0.001 -22"><span class='ocrx_word' id='word_1_348' title='bbox 91 2373 235 2445; x_wconf 88' lang='lat' dir='ltr'><strong>adoptavit</strong></span> <span class='ocrx_word' id='word_1_349' title='bbox 256 2373 286 2428; x_wconf 94' lang='lat' dir='ltr'><strong>iu</strong></span> <span class='ocrx_word' id='word_1_350' title='bbox 311 2388 510 2429; x_wconf 88' lang='lat' dir='ltr'><strong>successorem.</strong></span> <span class='ocrx_word' id='word_1_351' title='bbox 528 2375 587 2429; x_wconf 89' lang='lat' dir='ltr'><strong>llae</strong></span> <span class='ocrx_word' id='word_1_352' title='bbox 606 2376 723 2446; x_wconf 88' lang='lat' dir='ltr'><strong>papula,</strong></span> <span class='ocrx_word' id='word_1_353' title='bbox 740 2375 782 2431; x_wconf 90' lang='lat' dir='ltr'><strong>uti</strong></span> <span class='ocrx_word' id='word_1_354' title='bbox 809 2376 941 2446; x_wconf 86' lang='lat' dir='ltr'><strong>diximus,</strong></span> <span class='ocrx_word' id='word_1_355' title='bbox 996 2395 1060 2434; x_wconf 91' lang='lat' dir='ltr'><strong>care</strong></span> <span class='ocrx_word' id='word_1_356' title='bbox 1075 2378 1192 2450; x_wconf 89' lang='lat' dir='ltr'><strong>coepisse</strong></span> <span class='ocrx_word' id='word_1_357' title='bbox 1205 2375 1376 2449; x_wconf 85' lang='lat' dir='ltr'><strong>profitetur;</strong></span> <span class='ocrx_word' id='word_1_358' title='bbox 1393 2375 1464 2430; x_wconf 88' lang='lat' dir='ltr'><strong>alter</strong></span> <span class='ocrx_word' id='word_1_359' title='bbox 1478 2373 1513 2428; x_wconf 90' lang='lat' dir='ltr'><strong>de</strong></span> <span class='ocrx_word' id='word_1_360' title='bbox 1529 2373 1621 2428; x_wconf 84' lang='lat' dir='ltr'><strong>verbis</strong></span> <span class='ocrx_word' id='word_1_361' title='bbox 1642 2370 1770 2442; x_wconf 86' lang='lat' dir='ltr'><strong>Domini,</strong></span> <span class='ocrx_word' id='word_1_362' title='bbox 1783 2372 1844 2427; x_wconf 77' lang='lat' dir='ltr'><strong>ttet-</strong></span> 
     </span>
     <span class='ocr_line' id='line_1_26' title="bbox 91 2461 1846 2540; baseline -0.002 -22"><span class='ocrx_word' id='word_1_363' title='bbox 91 2462 253 2531; x_wconf 85' lang='lat' dir='ltr'><strong>declararit,</strong></span> <span class='ocrx_word' id='word_1_364' title='bbox 268 2466 296 2517; x_wconf 91' lang='lat' dir='ltr'><strong>et</strong></span> <span class='ocrx_word' id='word_1_365' title='bbox 321 2461 352 2517; x_wconf 92' lang='lat' dir='ltr'><strong>in</strong></span> <span class='ocrx_word' id='word_1_366' title='bbox 365 2462 481 2518; x_wconf 90' lang='lat' dir='ltr'><strong>nomine</strong></span> <span class='ocrx_word' id='word_1_367' title='bbox 497 2463 600 2519; x_wconf 79' lang='lat' dir='ltr'><strong>Christi</strong></span> <span class='ocrx_word' id='word_1_368' title='bbox 617 2463 653 2519; x_wconf 92' lang='lat' dir='ltr'><strong>ad</strong></span> <span class='ocrx_word' id='word_1_369' title='bbox 667 2464 738 2522; x_wconf 92' lang='lat' dir='ltr'><strong>illud</strong></span> <span class='ocrx_word' id='word_1_370' title='bbox 765 2480 870 2521; x_wconf 91' lang='lat' dir='ltr'><strong>munus</strong></span> <span class='ocrx_word' id='word_1_371' title='bbox 892 2466 941 2522; x_wconf 91' lang='lat' dir='ltr'><strong>de·</strong></span> <span class='ocrx_word' id='word_1_372' title='bbox 997 2468 1167 2540; x_wconf 81' lang='lat' dir='ltr'><strong>thaeicapite</strong></span> <span class='ocrx_word' id='word_1_373' title='bbox 1181 2466 1291 2523; x_wconf 91' lang='lat' dir='ltr'><strong>decima</strong></span> <span class='ocrx_word' id='word_1_374' title='bbox 1303 2468 1415 2538; x_wconf 86' lang='lat' dir='ltr'><strong>quarta,</strong></span> <span class='ocrx_word' id='word_1_375' title='bbox 1433 2463 1484 2519; x_wconf 91' lang='lat' dir='ltr'><strong>ubi</strong></span> <span class='ocrx_word' id='word_1_376' title='bbox 1503 2461 1642 2518; x_wconf 83' lang='lat' dir='ltr'><strong>Dominus</strong></span> <span class='ocrx_word' id='word_1_377' title='bbox 1663 2475 1846 2533; x_wconf 73' lang='lat' dir='ltr'><strong>superstruas</strong></span> 
     </span>
     <span class='ocr_line' id='line_1_27' title="bbox 91 2550 1846 2625; baseline -0.001 -19"><span class='ocrx_word' id='word_1_378' title='bbox 91 2550 214 2625; x_wconf 85' lang='lat' dir='ltr'><strong>signavit</strong></span> <span class='ocrx_word' id='word_1_379' title='bbox 233 2553 331 2623; x_wconf 86' lang='lat' dir='ltr'><strong>(Epist.</strong></span> <span class='ocrx_word' id='word_1_380' title='bbox 354 2554 416 2620; x_wconf 73' lang='lat' dir='ltr'><strong>ili,</strong></span> <span class='ocrx_word' id='word_1_381' title='bbox 437 2568 465 2607; x_wconf 88' lang='lat' dir='ltr'><strong>u.</strong></span> <span class='ocrx_word' id='word_1_382' title='bbox 480 2555 525 2618; x_wconf 78' lang='lat'><strong>5)2</strong></span> <span class='ocrx_word' id='word_1_383' title='bbox 552 2555 638 2623; x_wconf 86' lang='lat' dir='ltr'><strong>atque</strong></span> <span class='ocrx_word' id='word_1_384' title='bbox 654 2557 685 2608; x_wconf 92' lang='lat' dir='ltr'><strong>ut</strong></span> <span class='ocrx_word' id='word_1_385' title='bbox 700 2554 799 2609; x_wconf 89' lang='lat' dir='ltr'><strong>eadem</strong></span> <span class='ocrx_word' id='word_1_386' title='bbox 823 2554 872 2609; x_wconf 90' lang='lat' dir='ltr'><strong>illa</strong></span> <span class='ocrx_word' id='word_1_387' title='bbox 886 2572 941 2620; x_wconf 84' lang='lat' dir='ltr'><strong>res,</strong></span> <span class='ocrx_word' id='word_1_388' title='bbox 997 2557 1162 2623; x_wconf 85' lang='lat' dir='ltr'><strong>ambulavit,</strong></span> <span class='ocrx_word' id='word_1_389' title='bbox 1190 2559 1218 2611; x_wconf 89' lang='lat' dir='ltr'><strong>et</strong></span> <span class='ocrx_word' id='word_1_390' title='bbox 1244 2557 1344 2611; x_wconf 88' lang='lat' dir='ltr'><strong>Petrus</strong></span> <span class='ocrx_word' id='word_1_391' title='bbox 1373 2553 1515 2609; x_wconf 86' lang='lat' dir='ltr'><strong>titubavit.</strong></span> <span class='ocrx_word' id='word_1_392' title='bbox 1541 2550 1714 2607; x_wconf 76' lang='lat' dir='ltr'><strong>Maximinus</strong></span> <span class='ocrx_word' id='word_1_393' title='bbox 1740 2550 1846 2606; x_wconf 85' lang='lat' dir='ltr'><strong>Ariana</strong></span> 
     </span>
     <span class='ocr_line' id='line_1_28' title="bbox 92 2638 1848 2718; baseline -0.001 -25"><span class='ocrx_word' id='word_1_394' title='bbox 92 2639 169 2712; x_wconf 90' lang='lat' dir='ltr'><strong>qaod</strong></span> <span class='ocrx_word' id='word_1_395' title='bbox 186 2638 287 2694; x_wconf 88' lang='lat' dir='ltr'><strong>attinet</strong></span> <span class='ocrx_word' id='word_1_396' title='bbox 302 2640 337 2695; x_wconf 91' lang='lat' dir='ltr'><strong>ad</strong></span> <span class='ocrx_word' id='word_1_397' title='bbox 347 2639 490 2710; x_wconf 91' lang='lat' dir='ltr'><strong>homines,</strong></span> <span class='ocrx_word' id='word_1_398' title='bbox 507 2641 590 2696; x_wconf 86' lang='lat' dir='ltr'><strong>firma</strong></span> <span class='ocrx_word' id='word_1_399' title='bbox 605 2646 722 2715; x_wconf 83' lang='lat' dir='ltr'><strong>rataque</strong></span> <span class='ocrx_word' id='word_1_400' title='bbox 741 2649 880 2712; x_wconf 88' lang='lat' dir='ltr'><strong>maneret,</strong></span> <span class='ocrx_word' id='word_1_401' title='bbox 906 2645 942 2700; x_wconf 88' lang='lat' dir='ltr'><strong>ad</strong></span> <span class='ocrx_word' id='word_1_402' title='bbox 997 2651 1082 2701; x_wconf 81' lang='lat' dir='ltr'><strong>saetae</strong></span> <span class='ocrx_word' id='word_1_403' title='bbox 1097 2645 1258 2718; x_wconf 90' lang='lat' dir='ltr'><strong>episcopus,</strong></span> <span class='ocrx_word' id='word_1_404' title='bbox 1274 2644 1324 2716; x_wconf 92' lang='lat' dir='ltr'><strong>qui</strong></span> <span class='ocrx_word' id='word_1_405' title='bbox 1337 2643 1390 2698; x_wconf 90' lang='lat' dir='ltr'><strong>sub</strong></span> <span class='ocrx_word' id='word_1_406' title='bbox 1400 2642 1477 2697; x_wconf 91' lang='lat' dir='ltr'><strong>idem</strong></span> <span class='ocrx_word' id='word_1_407' title='bbox 1493 2645 1605 2712; x_wconf 90' lang='lat' dir='ltr'><strong>tempus</strong></span> <span class='ocrx_word' id='word_1_408' title='bbox 1625 2639 1789 2711; x_wconf 84' lang='lat' dir='ltr'><strong>Hipponem</strong></span> <span class='ocrx_word' id='word_1_409' title='bbox 1805 2653 1848 2692; x_wconf 83' lang='lat' dir='ltr'><strong>re·</strong></span> 
     </span>
     <span class='ocr_line' id='line_1_29' title="bbox 92 2725 1849 2807; baseline -0.002 -23"><span class='ocrx_word' id='word_1_410' title='bbox 92 2729 290 2786; x_wconf 88' lang='lat' dir='ltr'><strong>auctoritatem</strong></span> <span class='ocrx_word' id='word_1_411' title='bbox 310 2730 501 2786; x_wconf 87' lang='lat' dir='ltr'><strong>authenticam</strong></span> <span class='ocrx_word' id='word_1_412' title='bbox 525 2730 600 2786; x_wconf 90' lang='lat' dir='ltr'><strong>actui</strong></span> <span class='ocrx_word' id='word_1_413' title='bbox 619 2731 836 2801; x_wconf 87' lang='lat' dir='ltr'><strong>conciliandam,</strong></span> <span class='ocrx_word' id='word_1_414' title='bbox 857 2733 944 2805; x_wconf 87' lang='lat' dir='ltr'><strong>jussit</strong></span> <span class='ocrx_word' id='word_1_415' title='bbox 997 2735 1051 2805; x_wconf 90' lang='lat' dir='ltr'><strong>nil,</strong></span> <span class='ocrx_word' id='word_1_416' title='bbox 1076 2734 1217 2807; x_wconf 89' lang='lat' dir='ltr'><strong>principio</strong></span> <span class='ocrx_word' id='word_1_417' title='bbox 1244 2731 1411 2804; x_wconf 84' lang='lat' dir='ltr'><strong>disceptarit</strong></span> <span class='ocrx_word' id='word_1_418' title='bbox 1433 2747 1497 2785; x_wconf 88' lang='lat' dir='ltr'><strong>oum</strong></span> <span class='ocrx_word' id='word_1_419' title='bbox 1518 2728 1647 2785; x_wconf 86' lang='lat' dir='ltr'><strong>Heraclia</strong></span> <span class='ocrx_word' id='word_1_420' title='bbox 1662 2728 1723 2783; x_wconf 86' lang='lat' dir='ltr'><strong>sire</strong></span> <span class='ocrx_word' id='word_1_421' title='bbox 1748 2725 1849 2783; x_wconf 82' lang='lat' dir='ltr'><strong>Eraclia</strong></span> 
     </span>
     <span class='ocr_line' id='line_1_30' title="bbox 93 2815 1850 2896; baseline -0.002 -23"><span class='ocrx_word' id='word_1_422' title='bbox 93 2817 241 2874; x_wconf 91' lang='lat' dir='ltr'><strong>anatariis</strong></span> <span class='ocrx_word' id='word_1_423' title='bbox 254 2817 460 2887; x_wconf 84' lang='lat' dir='ltr'><strong>ecclesiasticis,</strong></span> <span class='ocrx_word' id='word_1_424' title='bbox 478 2824 508 2874; x_wconf 91' lang='lat' dir='ltr'><strong>st</strong></span> <span class='ocrx_word' id='word_1_425' title='bbox 521 2835 571 2874; x_wconf 89' lang='lat' dir='ltr'><strong>sua</strong></span> <span class='ocrx_word' id='word_1_426' title='bbox 584 2819 675 2892; x_wconf 90' lang='lat' dir='ltr'><strong>ipsius</strong></span> <span class='ocrx_word' id='word_1_427' title='bbox 690 2822 786 2889; x_wconf 82' lang='lat' dir='ltr'><strong>verba,</strong></span> <span class='ocrx_word' id='word_1_428' title='bbox 797 2826 826 2877; x_wconf 92' lang='lat' dir='ltr'><strong>et</strong></span> <span class='ocrx_word' id='word_1_429' title='bbox 844 2821 943 2896; x_wconf 92' lang='lat' dir='ltr'><strong>populi</strong></span> <span class='ocrx_word' id='word_1_430' title='bbox 998 2824 1176 2896; x_wconf 82' lang='lat' dir='ltr'><strong>presbytero,</strong></span> <span class='ocrx_word' id='word_1_431' title='bbox 1206 2838 1256 2894; x_wconf 88' lang='lat' dir='ltr'><strong>per</strong></span> <span class='ocrx_word' id='word_1_432' title='bbox 1282 2837 1368 2894; x_wconf 90' lang='lat' dir='ltr'><strong>quem</strong></span> <span class='ocrx_word' id='word_1_433' title='bbox 1400 2824 1498 2892; x_wconf 87' lang='lat' dir='ltr'><strong>pastea</strong></span> <span class='ocrx_word' id='word_1_434' title='bbox 1525 2819 1586 2891; x_wconf 91' lang='lat' dir='ltr'><strong>ipse</strong></span> <span class='ocrx_word' id='word_1_435' title='bbox 1611 2815 1793 2890; x_wconf 87' lang='lat' dir='ltr'><strong>Augustinus</strong></span> <span class='ocrx_word' id='word_1_436' title='bbox 1818 2815 1850 2872; x_wconf 88' lang='lat' dir='ltr'><strong>ad</strong></span> 
     </span>
     <span class='ocr_line' id='line_1_31' title="bbox 93 2905 1850 2992; baseline -0.001 -30"><span class='ocrx_word' id='word_1_437' title='bbox 93 2907 146 2962; x_wconf 92' lang='lat' dir='ltr'><strong>sibi</strong></span> <span class='ocrx_word' id='word_1_438' title='bbox 173 2907 373 2979; x_wconf 89' lang='lat' dir='ltr'><strong>respondentis</strong></span> <span class='ocrx_word' id='word_1_439' title='bbox 400 2907 628 2992; x_wconf 80' lang='lat' dir='ltr'><strong>acclamationes,</strong></span> <span class='ocrx_word' id='word_1_440' title='bbox 655 2910 720 2965; x_wconf 91' lang='lat' dir='ltr'><strong>stila</strong></span> <span class='ocrx_word' id='word_1_441' title='bbox 743 2911 845 2984; x_wconf 84' lang='lat' dir='ltr'><strong>excipi.</strong></span> <span class='ocrx_word' id='word_1_442' title='bbox 861 2911 943 2977; x_wconf 89' lang='lat' dir='ltr'><strong>Quod</strong></span> <span class='ocrx_word' id='word_1_443' title='bbox 998 2911 1160 2968; x_wconf 89' lang='lat' dir='ltr'><strong>ineundum</strong></span> <span class='ocrx_word' id='word_1_444' title='bbox 1183 2928 1249 2967; x_wconf 91' lang='lat' dir='ltr'><strong>cum</strong></span> <span class='ocrx_word' id='word_1_445' title='bbox 1264 2911 1366 2967; x_wconf 90' lang='lat' dir='ltr'><strong>eodem</strong></span> <span class='ocrx_word' id='word_1_446' title='bbox 1389 2908 1524 2965; x_wconf 82' lang='lat' dir='ltr'><strong>haeretica</strong></span> <span class='ocrx_word' id='word_1_447' title='bbox 1538 2905 1717 2980; x_wconf 87' lang='lat' dir='ltr'><strong>colloquium</strong></span> <span class='ocrx_word' id='word_1_448' title='bbox 1741 2909 1850 2961; x_wconf 83' lang='lat' dir='ltr'><strong>rosetus</strong></span> 
     </span>
     <span class='ocr_line' id='line_1_32' title="bbox 92 2994 1513 3073; baseline 0.002 -24"><span class='ocrx_word' id='word_1_449' title='bbox 92 3012 160 3051; x_wconf 85' lang='lat' dir='ltr'><strong>rara</strong></span> <span class='ocrx_word' id='word_1_450' title='bbox 174 2995 208 3050; x_wconf 91' lang='lat' dir='ltr'><strong>ad</strong></span> <span class='ocrx_word' id='word_1_451' title='bbox 224 2994 379 3050; x_wconf 82' lang='lat' dir='ltr'><strong>ralirntatis</strong></span> <span class='ocrx_word' id='word_1_452' title='bbox 393 2995 496 3051; x_wconf 76' lang='lat' dir='ltr'><strong>divinae</strong></span> <span class='ocrx_word' id='word_1_453' title='bbox 510 2997 614 3066; x_wconf 89' lang='lat' dir='ltr'><strong>placita</strong></span> <span class='ocrx_word' id='word_1_454' title='bbox 637 3014 669 3053; x_wconf 87' lang='lat' dir='ltr'><strong>ac</strong></span> <span class='ocrx_word' id='word_1_455' title='bbox 692 2999 814 3067; x_wconf 89' lang='lat' dir='ltr'><strong>decreta,</strong></span> <span class='ocrx_word' id='word_1_456' title='bbox 830 3000 943 3072; x_wconf 90' lang='lat' dir='ltr'><strong>plebem</strong></span> <span class='ocrx_word' id='word_1_457' title='bbox 1000 3006 1041 3059; x_wconf 88' lang='lat' dir='ltr'><strong>esi</strong></span> <span class='ocrx_word' id='word_1_458' title='bbox 1057 3003 1160 3073; x_wconf 86' lang='lat' dir='ltr'><strong>(Callai.</strong></span> <span class='ocrx_word' id='word_1_459' title='bbox 1177 3017 1236 3056; x_wconf 91' lang='lat' dir='ltr'><strong>cum</strong></span> <span class='ocrx_word' id='word_1_460' title='bbox 1251 3001 1412 3068; x_wconf 82' lang='lat' dir='ltr'><strong>Maaimina,</strong></span> <span class='ocrx_word' id='word_1_461' title='bbox 1429 3014 1457 3053; x_wconf 90' lang='lat' dir='ltr'><strong>n.</strong></span> <span class='ocrx_word' id='word_1_462' title='bbox 1477 2998 1513 3068; x_wconf 88' lang='lat' dir='ltr'><strong>l).</strong></span> 
     </span>
     <span class='ocr_line' id='line_1_33' title="bbox 93 3082 1851 3161; baseline -0.002 -21"><span class='ocrx_word' id='word_1_463' title='bbox 93 3084 271 3152; x_wconf 87' lang='lat' dir='ltr'><strong>adhortatur,</strong></span> <span class='ocrx_word' id='word_1_464' title='bbox 296 3087 329 3138; x_wconf 90' lang='lat' dir='ltr'><strong>ut</strong></span> <span class='ocrx_word' id='word_1_465' title='bbox 352 3082 459 3155; x_wconf 89' lang='lat' dir='ltr'><strong>junctis</strong></span> <span class='ocrx_word' id='word_1_466' title='bbox 479 3086 622 3157; x_wconf 88' lang='lat' dir='ltr'><strong>precibus,</strong></span> <span class='ocrx_word' id='word_1_467' title='bbox 651 3103 750 3143; x_wconf 90' lang='lat' dir='ltr'><strong>earum</strong></span> <span class='ocrx_word' id='word_1_468' title='bbox 776 3105 841 3161; x_wconf 78' lang='lat' dir='ltr'><strong>quta</strong></span> <span class='ocrx_word' id='word_1_469' title='bbox 870 3090 944 3144; x_wconf 84' lang='lat' dir='ltr'><strong>Deus</strong></span> <span class='ocrx_word' id='word_1_470' title='bbox 1033 3094 1059 3146; x_wconf 82' lang='lat' dir='ltr'><strong>i.</strong></span> <span class='ocrx_word' id='word_1_471' title='bbox 1075 3090 1151 3146; x_wconf 91' lang='lat' dir='ltr'><strong>Libri</strong></span> <span class='ocrx_word' id='word_1_472' title='bbox 1165 3089 1198 3144; x_wconf 91' lang='lat' dir='ltr'><strong>ad</strong></span> <span class='ocrx_word' id='word_1_473' title='bbox 1216 3088 1372 3144; x_wconf 90' lang='lat' dir='ltr'><strong>monachas</strong></span> <span class='ocrx_word' id='word_1_474' title='bbox 1384 3084 1588 3143; x_wconf 89' lang='lat' dir='ltr'><strong>Adrumetinus</strong></span> <span class='ocrx_word' id='word_1_475' title='bbox 1602 3099 1699 3156; x_wconf 88' lang='lat' dir='ltr'><strong>neque</strong></span> <span class='ocrx_word' id='word_1_476' title='bbox 1722 3082 1851 3156; x_wconf 87' lang='lat' dir='ltr'><strong>posthac</strong></span> 
     </span>
     <span class='ocr_line' id='line_1_34' title="bbox 93 3170 1849 3251; baseline 0 -25"><span class='ocrx_word' id='word_1_477' title='bbox 93 3170 125 3226; x_wconf 91' lang='lat' dir='ltr'><strong>in</strong></span> <span class='ocrx_word' id='word_1_478' title='bbox 138 3170 208 3242; x_wconf 91' lang='lat' dir='ltr'><strong>ipsis</strong></span> <span class='ocrx_word' id='word_1_479' title='bbox 214 3176 348 3243; x_wconf 87' lang='lat' dir='ltr'><strong>operatus</strong></span> <span class='ocrx_word' id='word_1_480' title='bbox 361 3171 464 3241; x_wconf 86' lang='lat' dir='ltr'><strong>luerat,</strong></span> <span class='ocrx_word' id='word_1_481' title='bbox 474 3174 763 3231; x_wconf 85' lang='lat' dir='ltr'><strong>confirmationemab</strong></span> <span class='ocrx_word' id='word_1_482' title='bbox 774 3176 876 3233; x_wconf 90' lang='lat' dir='ltr'><strong>eadem</strong></span> <span class='ocrx_word' id='word_1_483' title='bbox 887 3177 941 3232; x_wconf 90' lang='lat' dir='ltr'><strong>im·</strong></span> <span class='ocrx_word' id='word_1_484' title='bbox 1002 3183 1124 3251; x_wconf 90' lang='lat' dir='ltr'><strong>tempus,</strong></span> <span class='ocrx_word' id='word_1_485' title='bbox 1138 3182 1308 3250; x_wconf 84' lang='lat' dir='ltr'><strong>nequeunte</strong></span> <span class='ocrx_word' id='word_1_486' title='bbox 1321 3175 1474 3248; x_wconf 89' lang='lat' dir='ltr'><strong>conscripti</strong></span> <span class='ocrx_word' id='word_1_487' title='bbox 1484 3171 1814 3248; x_wconf 84' lang='lat' dir='ltr'><strong>sunt:quandaquidem</strong></span> <span class='ocrx_word' id='word_1_488' title='bbox 1823 3171 1849 3225; x_wconf 93' lang='lat' dir='ltr'><strong>in</strong></span> 
     </span>
     <span class='ocr_line' id='line_1_35' title="bbox 94 3258 1851 3336; baseline -0.001 -21"><span class='ocrx_word' id='word_1_489' title='bbox 94 3265 207 3334; x_wconf 87' lang='lat' dir='ltr'><strong>patrare</strong></span> <span class='ocrx_word' id='word_1_490' title='bbox 222 3263 370 3333; x_wconf 87' lang='lat' dir='ltr'><strong>satagant:</strong></span> <span class='ocrx_word' id='word_1_491' title='bbox 386 3263 441 3316; x_wconf 87' lang='lat' dir='ltr'><strong>liae</strong></span> <span class='ocrx_word' id='word_1_492' title='bbox 453 3277 515 3332; x_wconf 77' lang='lat' dir='ltr'><strong>erpa</strong></span> <span class='ocrx_word' id='word_1_493' title='bbox 529 3264 597 3331; x_wconf 86' lang='lat' dir='ltr'><strong>uota,</strong></span> <span class='ocrx_word' id='word_1_494' title='bbox 616 3263 720 3336; x_wconf 91' lang='lat' dir='ltr'><strong>inquii,</strong></span> <span class='ocrx_word' id='word_1_495' title='bbox 740 3267 787 3320; x_wconf 87' lang='lat' dir='ltr'><strong>boc</strong></span> <span class='ocrx_word' id='word_1_496' title='bbox 803 3267 945 3321; x_wconf 81' lang='lat' dir='ltr'><strong>anamim</strong></span> <span class='ocrx_word' id='word_1_497' title='bbox 1001 3266 1262 3326; x_wconf 84' lang='lat' dir='ltr'><strong>Retractatianibus</strong></span> <span class='ocrx_word' id='word_1_498' title='bbox 1272 3265 1346 3321; x_wconf 89' lang='lat' dir='ltr'><strong>circa</strong></span> <span class='ocrx_word' id='word_1_499' title='bbox 1361 3281 1469 3320; x_wconf 90' lang='lat' dir='ltr'><strong>annum</strong></span> <span class='ocrx_word' id='word_1_500' title='bbox 1484 3260 1804 3336; x_wconf 85' lang='lat' dir='ltr'><strong>quadringentesimum</strong></span> <span class='ocrx_word' id='word_1_501' title='bbox 1816 3258 1851 3314; x_wconf 82' lang='lat' dir='ltr'><strong>ri·</strong></span> 
     </span>
     <span class='ocr_line' id='line_1_36' title="bbox 95 3350 1849 3430; baseline -0.001 -24"><span class='ocrx_word' id='word_1_502' title='bbox 95 3352 332 3406; x_wconf 78' lang='lat' dir='ltr'><strong>Dmuostrormnc</strong></span> <span class='ocrx_word' id='word_1_503' title='bbox 346 3351 470 3406; x_wconf 89' lang='lat' dir='ltr'><strong>etiamin</strong></span> <span class='ocrx_word' id='word_1_504' title='bbox 484 3353 758 3421; x_wconf 74' lang='lat' dir='ltr'><strong>atatelripidaaatis</strong></span> <span class='ocrx_word' id='word_1_505' title='bbox 777 3356 945 3422; x_wconf 72' lang='lat' dir='ltr'><strong>fauentibus</strong></span> <span class='ocrx_word' id='word_1_506' title='bbox 1000 3357 1141 3430; x_wconf 84' lang='lat' dir='ltr'><strong>gesimam</strong></span> <span class='ocrx_word' id='word_1_507' title='bbox 1156 3355 1308 3428; x_wconf 89' lang='lat' dir='ltr'><strong>septimum</strong></span> <span class='ocrx_word' id='word_1_508' title='bbox 1323 3353 1406 3410; x_wconf 88' lang='lat' dir='ltr'><strong>editis</strong></span> <span class='ocrx_word' id='word_1_509' title='bbox 1420 3350 1715 3424; x_wconf 88' lang='lat' dir='ltr'><strong>comprehenduntur,</strong></span> <span class='ocrx_word' id='word_1_510' title='bbox 1744 3365 1798 3405; x_wconf 83' lang='lat' dir='ltr'><strong>nec</strong></span> <span class='ocrx_word' id='word_1_511' title='bbox 1811 3351 1849 3404; x_wconf 83' lang='lat' dir='ltr'><strong>ta·</strong></span> 
     </span>
     <span class='ocr_line' id='line_1_37' title="bbox 93 3435 1851 3513; baseline -0.002 -18"><span class='ocrx_word' id='word_1_512' title='bbox 93 3453 191 3511; x_wconf 86' lang='lat' dir='ltr'><strong>pasca;</strong></span> <span class='ocrx_word' id='word_1_513' title='bbox 205 3440 252 3496; x_wconf 87' lang='lat' dir='ltr'><strong>bac</strong></span> <span class='ocrx_word' id='word_1_514' title='bbox 265 3444 296 3495; x_wconf 90' lang='lat' dir='ltr'><strong>ut</strong></span> <span class='ocrx_word' id='word_1_515' title='bbox 309 3455 410 3495; x_wconf 88' lang='lat' dir='ltr'><strong>mecum</strong></span> <span class='ocrx_word' id='word_1_516' title='bbox 423 3444 515 3511; x_wconf 89' lang='lat' dir='ltr'><strong>aretis,</strong></span> <span class='ocrx_word' id='word_1_517' title='bbox 526 3442 664 3510; x_wconf 74' lang='lat' dir='ltr'><strong>ertator,</strong></span> <span class='ocrx_word' id='word_1_518' title='bbox 675 3442 815 3512; x_wconf 84' lang='lat' dir='ltr'><strong>admoneo,</strong></span> <span class='ocrx_word' id='word_1_519' title='bbox 826 3459 900 3513; x_wconf 77' lang='lat' dir='ltr'><strong>rouo,</strong></span> <span class='ocrx_word' id='word_1_520' title='bbox 915 3449 946 3499; x_wconf 88' lang='lat' dir='ltr'><strong>nt</strong></span> <span class='ocrx_word' id='word_1_521' title='bbox 1001 3463 1067 3503; x_wconf 79' lang='lat' dir='ltr'><strong>nien</strong></span> <span class='ocrx_word' id='word_1_522' title='bbox 1082 3445 1122 3502; x_wconf 90' lang='lat' dir='ltr'><strong>ihi</strong></span> <span class='ocrx_word' id='word_1_523' title='bbox 1137 3445 1333 3501; x_wconf 89' lang='lat' dir='ltr'><strong>nislultimum</strong></span> <span class='ocrx_word' id='word_1_524' title='bbox 1344 3444 1438 3499; x_wconf 91' lang='lat' dir='ltr'><strong>lacum</strong></span> <span class='ocrx_word' id='word_1_525' title='bbox 1449 3439 1672 3513; x_wconf 81' lang='lat' dir='ltr'><strong>aecnpnntErat</strong></span> <span class='ocrx_word' id='word_1_526' title='bbox 1687 3435 1851 3511; x_wconf 86' lang='lat' dir='ltr'><strong>parraapud</strong></span> 
     </span>
     <span class='ocr_line' id='line_1_38' title="bbox 95 3524 1851 3602; baseline -0.003 -17"><span class='ocrx_word' id='word_1_527' title='bbox 95 3530 945 3602; x_wconf 66' lang='lat' dir='ltr'><strong>omniuminpacedbristiaottatisetmittatismentibuscoufin</strong></span> <span class='ocrx_word' id='word_1_528' title='bbox 1000 3536 1199 3600; x_wconf 88' lang='lat' dir='ltr'><strong>Adrumetnm‚</strong></span> <span class='ocrx_word' id='word_1_529' title='bbox 1231 3532 1374 3587; x_wconf 81' lang='lat' dir='ltr'><strong>civitatem</strong></span> <span class='ocrx_word' id='word_1_530' title='bbox 1392 3531 1424 3586; x_wconf 93' lang='lat' dir='ltr'><strong>in</strong></span> <span class='ocrx_word' id='word_1_531' title='bbox 1450 3531 1587 3586; x_wconf 76' lang='lat' dir='ltr'><strong>bizacena</strong></span> <span class='ocrx_word' id='word_1_532' title='bbox 1611 3526 1764 3599; x_wconf 81' lang='lat' dir='ltr'><strong>provincia</strong></span> <span class='ocrx_word' id='word_1_533' title='bbox 1782 3524 1851 3582; x_wconf 91' lang='lat' dir='ltr'><strong>cele·</strong></span> 
     </span>
     <span class='ocr_line' id='line_1_39' title="bbox 95 3613 1852 3691; baseline -0.003 -17"><span class='ocrx_word' id='word_1_534' title='bbox 95 3619 320 3690; x_wconf 67' lang='lat' dir='ltr'><strong>malbrancum</strong></span> <span class='ocrx_word' id='word_1_535' title='bbox 334 3624 459 3689; x_wconf 88' lang='lat' dir='ltr'><strong>operatus</strong></span> <span class='ocrx_word' id='word_1_536' title='bbox 473 3625 512 3676; x_wconf 89' lang='lat' dir='ltr'><strong>est</strong></span> <span class='ocrx_word' id='word_1_537' title='bbox 525 3621 646 3678; x_wconf 80' lang='lat' dir='ltr'><strong>instabis.</strong></span> <span class='ocrx_word' id='word_1_538' title='bbox 661 3622 867 3689; x_wconf 83' lang='lat' dir='ltr'><strong>erimisitmilri</strong></span> <span class='ocrx_word' id='word_1_539' title='bbox 875 3638 944 3686; x_wconf 78' lang='lat' dir='ltr'><strong>erem,</strong></span> <span class='ocrx_word' id='word_1_540' title='bbox 1000 3622 1091 3686; x_wconf 83' lang='lat' dir='ltr'><strong>brom,</strong></span> <span class='ocrx_word' id='word_1_541' title='bbox 1109 3620 1315 3677; x_wconf 86' lang='lat' dir='ltr'><strong>monacharum</strong></span> <span class='ocrx_word' id='word_1_542' title='bbox 1331 3617 1524 3691; x_wconf 87' lang='lat' dir='ltr'><strong>congregatio,</strong></span> <span class='ocrx_word' id='word_1_543' title='bbox 1539 3614 1585 3670; x_wconf 91' lang='lat' dir='ltr'><strong>cui</strong></span> <span class='ocrx_word' id='word_1_544' title='bbox 1598 3618 1666 3670; x_wconf 92' lang='lat' dir='ltr'><strong>lunc</strong></span> <span class='ocrx_word' id='word_1_545' title='bbox 1681 3613 1771 3670; x_wconf 90' lang='lat' dir='ltr'><strong>abbas</strong></span> <span class='ocrx_word' id='word_1_546' title='bbox 1785 3629 1852 3687; x_wconf 78' lang='lat' dir='ltr'><strong>prae·</strong></span> 
     </span>
     <span class='ocr_line' id='line_1_40' title="bbox 94 3701 1851 3782; baseline -0.005 -18"><span class='ocrx_word' id='word_1_547' title='bbox 94 3714 180 3764; x_wconf 66' lang='lat' dir='ltr'><strong>ser&#39;uct</strong></span> <span class='ocrx_word' id='word_1_548' title='bbox 190 3724 259 3776; x_wconf 86' lang='lat' dir='ltr'><strong>eum,</strong></span> <span class='ocrx_word' id='word_1_549' title='bbox 274 3713 360 3764; x_wconf 79' lang='lat' dir='ltr'><strong>smuet</strong></span> <span class='ocrx_word' id='word_1_550' title='bbox 370 3710 539 3777; x_wconf 89' lang='lat' dir='ltr'><strong>incolumem,</strong></span> <span class='ocrx_word' id='word_1_551' title='bbox 551 3713 702 3767; x_wconf 86' lang='lat' dir='ltr'><strong>seruetsinc</strong></span> <span class='ocrx_word' id='word_1_552' title='bbox 712 3714 843 3779; x_wconf 83' lang='lat' dir='ltr'><strong>criminc;</strong></span> <span class='ocrx_word' id='word_1_553' title='bbox 860 3717 891 3768; x_wconf 91' lang='lat' dir='ltr'><strong>ut</strong></span> <span class='ocrx_word' id='word_1_554' title='bbox 900 3715 948 3782; x_wconf 82' lang='lat' dir='ltr'><strong>qui</strong></span> <span class='ocrx_word' id='word_1_555' title='bbox 1002 3715 1064 3766; x_wconf 88' lang='lat' dir='ltr'><strong>orat</strong></span> <span class='ocrx_word' id='word_1_556' title='bbox 1073 3709 1250 3766; x_wconf 87' lang='lat' dir='ltr'><strong>Valentinus.</strong></span> <span class='ocrx_word' id='word_1_557' title='bbox 1263 3710 1333 3765; x_wconf 84' lang='lat' dir='ltr'><strong>Cum</strong></span> <span class='ocrx_word' id='word_1_558' title='bbox 1344 3723 1376 3761; x_wconf 89' lang='lat' dir='ltr'><strong>ex</strong></span> <span class='ocrx_word' id='word_1_559' title='bbox 1389 3707 1450 3779; x_wconf 89' lang='lat' dir='ltr'><strong>ejus</strong></span> <span class='ocrx_word' id='word_1_560' title='bbox 1464 3703 1587 3760; x_wconf 90' lang='lat' dir='ltr'><strong>alumnis</strong></span> <span class='ocrx_word' id='word_1_561' title='bbox 1612 3701 1851 3775; x_wconf 89' lang='lat' dir='ltr'><strong>quidamnamine</strong></span> 
     </span>
     <span class='ocr_line' id='line_1_41' title="bbox 95 3789 1851 3870; baseline -0.004 -19"><span class='ocrx_word' id='word_1_562' title='bbox 95 3798 165 3864; x_wconf 72' lang='lat' dir='ltr'><strong>tacit</strong></span> <span class='ocrx_word' id='word_1_563' title='bbox 178 3797 310 3864; x_wconf 78' lang='lat' dir='ltr'><strong>aauutum</strong></span> <span class='ocrx_word' id='word_1_564' title='bbox 321 3800 448 3863; x_wconf 85' lang='lat' dir='ltr'><strong>uiumtis,</strong></span> <span class='ocrx_word' id='word_1_565' title='bbox 469 3799 554 3853; x_wconf 88' lang='lat' dir='ltr'><strong>iocum</strong></span> <span class='ocrx_word' id='word_1_566' title='bbox 564 3801 838 3870; x_wconf 83' lang='lat' dir='ltr'><strong>suppleatmarientis</strong></span> <span class='ocrx_word' id='word_1_567' title='bbox 851 3800 944 3870; x_wconf 73' lang='lat' dir='ltr'><strong>(ibid,</strong></span> <span class='ocrx_word' id='word_1_568' title='bbox 1004 3801 1111 3867; x_wconf 84' lang='lat' dir='ltr'><strong>l&#39;larus,</strong></span> <span class='ocrx_word' id='word_1_569' title='bbox 1123 3798 1159 3854; x_wconf 92' lang='lat' dir='ltr'><strong>ad</strong></span> <span class='ocrx_word' id='word_1_570' title='bbox 1175 3798 1276 3854; x_wconf 84' lang='lat' dir='ltr'><strong>urbani</strong></span> <span class='ocrx_word' id='word_1_571' title='bbox 1294 3795 1469 3861; x_wconf 83' lang='lat' dir='ltr'><strong>Uzalensern,</strong></span> <span class='ocrx_word' id='word_1_572' title='bbox 1490 3809 1555 3866; x_wconf 80' lang='lat' dir='ltr'><strong>qua</strong></span> <span class='ocrx_word' id='word_1_573' title='bbox 1574 3790 1667 3864; x_wconf 87' lang='lat' dir='ltr'><strong>patria</strong></span> <span class='ocrx_word' id='word_1_574' title='bbox 1682 3789 1775 3863; x_wconf 88' lang='lat' dir='ltr'><strong>ipsius</strong></span> <span class='ocrx_word' id='word_1_575' title='bbox 1791 3789 1851 3856; x_wconf 89' lang='lat' dir='ltr'><strong>luit,</strong></span> 
     </span>
     <span class='ocr_line' id='line_1_42' title="bbox 98 3879 1852 3960; baseline -0.002 -23"><span class='ocrx_word' id='word_1_576' title='bbox 98 3900 126 3937; x_wconf 90' lang='lat' dir='ltr'><strong>n.</strong></span> <span class='ocrx_word' id='word_1_577' title='bbox 141 3883 178 3954; x_wconf 74' lang='lat' dir='ltr'><strong>i).</strong></span> <span class='ocrx_word' id='word_1_578' title='bbox 195 3884 348 3939; x_wconf 85' lang='lat' dir='ltr'><strong>Ardenlius</strong></span> <span class='ocrx_word' id='word_1_579' title='bbox 363 3889 449 3957; x_wconf 88' lang='lat' dir='ltr'><strong>atque</strong></span> <span class='ocrx_word' id='word_1_580' title='bbox 469 3887 570 3941; x_wconf 87' lang='lat' dir='ltr'><strong>ellectu</strong></span> <span class='ocrx_word' id='word_1_581' title='bbox 585 3887 699 3958; x_wconf 90' lang='lat' dir='ltr'><strong>plenius</strong></span> <span class='ocrx_word' id='word_1_582' title='bbox 713 3887 786 3944; x_wconf 91' lang='lat' dir='ltr'><strong>nihil</strong></span> <span class='ocrx_word' id='word_1_583' title='bbox 809 3889 945 3960; x_wconf 88' lang='lat' dir='ltr'><strong>reperias.</strong></span> <span class='ocrx_word' id='word_1_584' title='bbox 1002 3905 1061 3945; x_wconf 91' lang='lat' dir='ltr'><strong>una</strong></span> <span class='ocrx_word' id='word_1_585' title='bbox 1078 3904 1143 3943; x_wconf 91' lang='lat' dir='ltr'><strong>cum</strong></span> <span class='ocrx_word' id='word_1_586' title='bbox 1160 3887 1252 3943; x_wconf 85' lang='lat' dir='ltr'><strong>Felice</strong></span> <span class='ocrx_word' id='word_1_587' title='bbox 1273 3883 1450 3942; x_wconf 87' lang='lat' dir='ltr'><strong>Adrumetiae</strong></span> <span class='ocrx_word' id='word_1_588' title='bbox 1465 3881 1534 3938; x_wconf 88' lang='lat' dir='ltr'><strong>ilem</strong></span> <span class='ocrx_word' id='word_1_589' title='bbox 1549 3879 1782 3952; x_wconf 87' lang='lat' dir='ltr'><strong>congregationis</strong></span> <span class='ocrx_word' id='word_1_590' title='bbox 1795 3894 1852 3933; x_wconf 87' lang='lat' dir='ltr'><strong>mo·</strong></span> 
     </span>
     <span class='ocr_line' id='line_1_43' title="bbox 98 3967 1851 4048; baseline -0.002 -23"><span class='ocrx_word' id='word_1_591' title='bbox 98 3971 259 4026; x_wconf 86' lang='lat' dir='ltr'><strong>Heraclium</strong></span> <span class='ocrx_word' id='word_1_592' title='bbox 272 3987 356 4043; x_wconf 91' lang='lat' dir='ltr'><strong>porra</strong></span> <span class='ocrx_word' id='word_1_593' title='bbox 370 3972 424 4028; x_wconf 90' lang='lat' dir='ltr'><strong>sihi</strong></span> <span class='ocrx_word' id='word_1_594' title='bbox 438 3989 628 4031; x_wconf 89' lang='lat' dir='ltr'><strong>successorem</strong></span> <span class='ocrx_word' id='word_1_595' title='bbox 654 3975 817 4048; x_wconf 86' lang='lat' dir='ltr'><strong>designasse</strong></span> <span class='ocrx_word' id='word_1_596' title='bbox 830 3983 946 4033; x_wconf 90' lang='lat' dir='ltr'><strong>conten·</strong></span> <span class='ocrx_word' id='word_1_597' title='bbox 1003 3978 1092 4033; x_wconf 89' lang='lat' dir='ltr'><strong>nacha</strong></span> <span class='ocrx_word' id='word_1_598' title='bbox 1106 3976 1239 4044; x_wconf 84' lang='lat' dir='ltr'><strong>venisset,</strong></span> <span class='ocrx_word' id='word_1_599' title='bbox 1254 3974 1278 4029; x_wconf 93' lang='lat' dir='ltr'><strong>is</strong></span> <span class='ocrx_word' id='word_1_600' title='bbox 1290 3978 1433 4046; x_wconf 90' lang='lat' dir='ltr'><strong>repertam</strong></span> <span class='ocrx_word' id='word_1_601' title='bbox 1449 3971 1506 4026; x_wconf 89' lang='lat' dir='ltr'><strong>illic</strong></span> <span class='ocrx_word' id='word_1_602' title='bbox 1521 3968 1675 4042; x_wconf 89' lang='lat' dir='ltr'><strong>Augustini</strong></span> <span class='ocrx_word' id='word_1_603' title='bbox 1693 3968 1729 4024; x_wconf 88' lang='lat' dir='ltr'><strong>ad</strong></span> <span class='ocrx_word' id='word_1_604' title='bbox 1746 3967 1851 4025; x_wconf 79' lang='lat' dir='ltr'><strong>Sirium</strong></span> 
     </span>
     <span class='ocr_line' id='line_1_44' title="bbox 97 4057 1850 4139; baseline -0.002 -24"><span class='ocrx_word' id='word_1_605' title='bbox 97 4064 153 4129; x_wconf 90' lang='lat' dir='ltr'><strong>tus,</strong></span> <span class='ocrx_word' id='word_1_606' title='bbox 170 4059 334 4133; x_wconf 89' lang='lat' dir='ltr'><strong>episcopum</strong></span> <span class='ocrx_word' id='word_1_607' title='bbox 345 4077 412 4117; x_wconf 90' lang='lat' dir='ltr'><strong>sum</strong></span> <span class='ocrx_word' id='word_1_608' title='bbox 426 4063 585 4119; x_wconf 89' lang='lat' dir='ltr'><strong>consecrari</strong></span> <span class='ocrx_word' id='word_1_609' title='bbox 600 4064 702 4132; x_wconf 89' lang='lat' dir='ltr'><strong>naluit,</strong></span> <span class='ocrx_word' id='word_1_610' title='bbox 718 4064 749 4121; x_wconf 92' lang='lat' dir='ltr'><strong>in</strong></span> <span class='ocrx_word' id='word_1_611' title='bbox 762 4065 817 4121; x_wconf 93' lang='lat' dir='ltr'><strong>hac</strong></span> <span class='ocrx_word' id='word_1_612' title='bbox 841 4067 948 4122; x_wconf 90' lang='lat' dir='ltr'><strong>scilieet</strong></span> <span class='ocrx_word' id='word_1_613' title='bbox 1003 4065 1150 4139; x_wconf 90' lang='lat' dir='ltr'><strong>epistolam</strong></span> <span class='ocrx_word' id='word_1_614' title='bbox 1168 4065 1268 4138; x_wconf 88' lang='lat' dir='ltr'><strong>(Epist.</strong></span> <span class='ocrx_word' id='word_1_615' title='bbox 1296 4064 1369 4134; x_wconf 76' lang='lat' dir='ltr'><strong>lut),</strong></span> <span class='ocrx_word' id='word_1_616' title='bbox 1385 4062 1508 4117; x_wconf 90' lang='lat' dir='ltr'><strong>dictante</strong></span> <span class='ocrx_word' id='word_1_617' title='bbox 1535 4059 1638 4115; x_wconf 89' lang='lat' dir='ltr'><strong>eadem</strong></span> <span class='ocrx_word' id='word_1_618' title='bbox 1653 4057 1760 4125; x_wconf 80' lang='lat' dir='ltr'><strong>Felice,</strong></span> <span class='ocrx_word' id='word_1_619' title='bbox 1777 4060 1850 4112; x_wconf 87' lang='lat' dir='ltr'><strong>tran·</strong></span> 
     </span>
     <span class='ocr_line' id='line_1_45' title="bbox 97 4146 1855 4227; baseline -0.003 -22"><span class='ocrx_word' id='word_1_620' title='bbox 97 4153 245 4221; x_wconf 88' lang='lat' dir='ltr'><strong>peccalum</strong></span> <span class='ocrx_word' id='word_1_621' title='bbox 273 4165 334 4205; x_wconf 86' lang='lat' dir='ltr'><strong>esse</strong></span> <span class='ocrx_word' id='word_1_622' title='bbox 359 4149 535 4216; x_wconf 85' lang='lat' dir='ltr'><strong>existimans,</strong></span> <span class='ocrx_word' id='word_1_623' title='bbox 565 4151 641 4224; x_wconf 87' lang='lat' dir='ltr'><strong>quad</strong></span> <span class='ocrx_word' id='word_1_624' title='bbox 664 4151 726 4207; x_wconf 85' lang='lat' dir='ltr'><strong>rivo</strong></span> <span class='ocrx_word' id='word_1_625' title='bbox 750 4154 861 4210; x_wconf 88' lang='lat' dir='ltr'><strong>Valeria</strong></span> <span class='ocrx_word' id='word_1_626' title='bbox 888 4155 948 4227; x_wconf 88' lang='lat' dir='ltr'><strong>ipse</strong></span> <span class='ocrx_word' id='word_1_627' title='bbox 1003 4155 1116 4226; x_wconf 91' lang='lat' dir='ltr'><strong>scripsit</strong></span> <span class='ocrx_word' id='word_1_628' title='bbox 1130 4153 1224 4225; x_wconf 85' lang='lat' dir='ltr'><strong>(Apud</strong></span> <span class='ocrx_word' id='word_1_629' title='bbox 1238 4153 1433 4221; x_wconf 77' lang='lat' dir='ltr'><strong>Augustinum,</strong></span> <span class='ocrx_word' id='word_1_630' title='bbox 1460 4152 1549 4220; x_wconf 81' lang='lat' dir='ltr'><strong>Epist.</strong></span> <span class='ocrx_word' id='word_1_631' title='bbox 1578 4150 1642 4213; x_wconf 77' lang='lat' dir='ltr'><strong>ria.</strong></span> <span class='ocrx_word' id='word_1_632' title='bbox 1667 4163 1698 4202; x_wconf 87' lang='lat' dir='ltr'><strong>n.</strong></span> <span class='ocrx_word' id='word_1_633' title='bbox 1722 4146 1762 4218; x_wconf 58' lang='grc' dir='ltr'><strong>ἓ).</strong></span> <span class='ocrx_word' id='word_1_634' title='bbox 1782 4146 1855 4202; x_wconf 81' lang='lat' dir='ltr'><strong>Eune</strong></span> 
     </span>
     <span class='ocr_line' id='line_1_46' title="bbox 97 4235 1854 4316; baseline -0.003 -22"><span class='ocrx_word' id='word_1_635' title='bbox 97 4238 197 4295; x_wconf 86' lang='lat' dir='ltr'><strong>luisset</strong></span> <span class='ocrx_word' id='word_1_636' title='bbox 209 4243 390 4294; x_wconf 84' lang='lat' dir='ltr'><strong>consecratus</strong></span> <span class='ocrx_word' id='word_1_637' title='bbox 406 4239 498 4309; x_wconf 78' lang='lat' dir='ltr'><strong>(lata,</strong></span> <span class='ocrx_word' id='word_1_638' title='bbox 515 4256 563 4296; x_wconf 80' lang='lat' dir='ltr'><strong>ren.</strong></span> <span class='ocrx_word' id='word_1_639' title='bbox 577 4241 604 4308; x_wconf 82' lang='lat' dir='ltr'><strong>l,</strong></span> <span class='ocrx_word' id='word_1_640' title='bbox 615 4243 652 4315; x_wconf 79' lang='lat' dir='ltr'><strong>s).</strong></span> <span class='ocrx_word' id='word_1_641' title='bbox 668 4241 752 4298; x_wconf 87' lang='lat' dir='ltr'><strong>illum</strong></span> <span class='ocrx_word' id='word_1_642' title='bbox 762 4241 851 4316; x_wconf 90' lang='lat' dir='ltr'><strong>igitur</strong></span> <span class='ocrx_word' id='word_1_643' title='bbox 865 4242 894 4298; x_wconf 94' lang='lat' dir='ltr'><strong>iu</strong></span> <span class='ocrx_word' id='word_1_644' title='bbox 905 4260 948 4299; x_wconf 93' lang='lat' dir='ltr'><strong>ar·</strong></span> <span class='ocrx_word' id='word_1_645' title='bbox 1004 4261 1068 4300; x_wconf 84' lang='lat' dir='ltr'><strong>vero</strong></span> <span class='ocrx_word' id='word_1_646' title='bbox 1085 4258 1149 4299; x_wconf 93' lang='lat' dir='ltr'><strong>cum</strong></span> <span class='ocrx_word' id='word_1_647' title='bbox 1164 4242 1352 4297; x_wconf 88' lang='lat' dir='ltr'><strong>Adrumetum</strong></span> <span class='ocrx_word' id='word_1_648' title='bbox 1368 4239 1453 4295; x_wconf 88' lang='lat' dir='ltr'><strong>allata</strong></span> <span class='ocrx_word' id='word_1_649' title='bbox 1463 4242 1545 4306; x_wconf 85' lang='lat' dir='ltr'><strong>esset,</strong></span> <span class='ocrx_word' id='word_1_650' title='bbox 1557 4236 1586 4291; x_wconf 90' lang='lat' dir='ltr'><strong>in</strong></span> <span class='ocrx_word' id='word_1_651' title='bbox 1598 4235 1727 4292; x_wconf 89' lang='lat' dir='ltr'><strong>alienum</strong></span> <span class='ocrx_word' id='word_1_652' title='bbox 1741 4249 1854 4292; x_wconf 87' lang='lat' dir='ltr'><strong>sensum</strong></span> 
     </span>
     <span class='ocr_line' id='line_1_47' title="bbox 99 4323 1853 4407; baseline -0.003 -24"><span class='ocrx_word' id='word_1_653' title='bbox 99 4327 166 4384; x_wconf 88' lang='lat' dir='ltr'><strong>dine</strong></span> <span class='ocrx_word' id='word_1_654' title='bbox 180 4329 366 4402; x_wconf 81' lang='lat' dir='ltr'><strong>presbyterali</strong></span> <span class='ocrx_word' id='word_1_655' title='bbox 389 4327 480 4385; x_wconf 79' lang='lat' dir='ltr'><strong>uoluit</strong></span> <span class='ocrx_word' id='word_1_656' title='bbox 498 4346 657 4399; x_wconf 87' lang='lat' dir='ltr'><strong>remanere,</strong></span> <span class='ocrx_word' id='word_1_657' title='bbox 680 4331 772 4387; x_wconf 91' lang='lat' dir='ltr'><strong>nihilo</strong></span> <span class='ocrx_word' id='word_1_658' title='bbox 793 4336 890 4388; x_wconf 89' lang='lat' dir='ltr'><strong>tamen</strong></span> <span class='ocrx_word' id='word_1_659' title='bbox 904 4349 947 4387; x_wconf 89' lang='lat' dir='ltr'><strong>se·</strong></span> <span class='ocrx_word' id='word_1_660' title='bbox 1003 4334 1161 4407; x_wconf 87' lang='lat' dir='ltr'><strong>rapuerunt</strong></span> <span class='ocrx_word' id='word_1_661' title='bbox 1185 4328 1328 4396; x_wconf 92' lang='lat' dir='ltr'><strong>nonnulli,</strong></span> <span class='ocrx_word' id='word_1_662' title='bbox 1345 4326 1473 4400; x_wconf 86' lang='lat' dir='ltr'><strong>quinque</strong></span> <span class='ocrx_word' id='word_1_663' title='bbox 1488 4325 1606 4381; x_wconf 85' lang='lat' dir='ltr'><strong>forsitan</strong></span> <span class='ocrx_word' id='word_1_664' title='bbox 1622 4327 1747 4380; x_wconf 90' lang='lat' dir='ltr'><strong>autnon</strong></span> <span class='ocrx_word' id='word_1_665' title='bbox 1767 4323 1853 4380; x_wconf 90' lang='lat' dir='ltr'><strong>multa</strong></span> 
     </span>
     <span class='ocr_line' id='line_1_48' title="bbox 99 4411 1854 4495; baseline -0.002 -24"><span class='ocrx_word' id='word_1_666' title='bbox 99 4415 159 4472; x_wconf 91' lang='lat' dir='ltr'><strong>cius</strong></span> <span class='ocrx_word' id='word_1_667' title='bbox 170 4418 444 4492; x_wconf 90' lang='lat' dir='ltr'><strong>amnenegatiarum</strong></span> <span class='ocrx_word' id='word_1_668' title='bbox 459 4417 607 4491; x_wconf 90' lang='lat' dir='ltr'><strong>pandusin</strong></span> <span class='ocrx_word' id='word_1_669' title='bbox 614 4420 747 4476; x_wconf 89' lang='lat' dir='ltr'><strong>eumdem</strong></span> <span class='ocrx_word' id='word_1_670' title='bbox 761 4421 891 4489; x_wconf 88' lang='lat' dir='ltr'><strong>eontulit,</strong></span> <span class='ocrx_word' id='word_1_671' title='bbox 902 4439 950 4493; x_wconf 90' lang='lat' dir='ltr'><strong>po·</strong></span> <span class='ocrx_word' id='word_1_672' title='bbox 1004 4423 1100 4495; x_wconf 90' lang='lat' dir='ltr'><strong>plures</strong></span> <span class='ocrx_word' id='word_1_673' title='bbox 1115 4417 1259 4486; x_wconf 89' lang='lat' dir='ltr'><strong>monachi,</strong></span> <span class='ocrx_word' id='word_1_674' title='bbox 1274 4417 1324 4490; x_wconf 93' lang='lat' dir='ltr'><strong>qui</strong></span> <span class='ocrx_word' id='word_1_675' title='bbox 1339 4417 1375 4472; x_wconf 91' lang='lat' dir='ltr'><strong>ab</strong></span> <span class='ocrx_word' id='word_1_676' title='bbox 1390 4415 1472 4471; x_wconf 90' lang='lat' dir='ltr'><strong>sociis</strong></span> <span class='ocrx_word' id='word_1_677' title='bbox 1496 4415 1565 4482; x_wconf 92' lang='lat' dir='ltr'><strong>suis,</strong></span> <span class='ocrx_word' id='word_1_678' title='bbox 1586 4429 1658 4486; x_wconf 92' lang='lat' dir='ltr'><strong>quas</strong></span> <span class='ocrx_word' id='word_1_679' title='bbox 1673 4412 1782 4468; x_wconf 88' lang='lat' dir='ltr'><strong>rectius</strong></span> <span class='ocrx_word' id='word_1_680' title='bbox 1795 4411 1854 4484; x_wconf 86' lang='lat' dir='ltr'><strong>epi-</strong></span> 
     </span>
     <span class='ocr_line' id='line_1_49' title="bbox 28 4500 1852 4581; baseline -0.002 -20"><span class='ocrx_word' id='word_1_681' title='bbox 28 4542 33 4551; x_wconf 33' lang='lat'><em>*</em></span> <span class='ocrx_word' id='word_1_682' title='bbox 99 4506 200 4577; x_wconf 90' lang='lat' dir='ltr'><strong>pulum</strong></span> <span class='ocrx_word' id='word_1_683' title='bbox 224 4509 385 4574; x_wconf 88' lang='lat' dir='ltr'><strong>obsecrans,</strong></span> <span class='ocrx_word' id='word_1_684' title='bbox 410 4524 519 4581; x_wconf 90' lang='lat' dir='ltr'><strong>perque</strong></span> <span class='ocrx_word' id='word_1_685' title='bbox 541 4508 684 4566; x_wconf 86' lang='lat' dir='ltr'><strong>Christum</strong></span> <span class='ocrx_word' id='word_1_686' title='bbox 712 4509 902 4581; x_wconf 89' lang='lat' dir='ltr'><strong>obstringens,</strong></span> <span class='ocrx_word' id='word_1_687' title='bbox 918 4515 950 4566; x_wconf 90' lang='lat' dir='ltr'><strong>ut</strong></span> <span class='ocrx_word' id='word_1_688' title='bbox 1004 4511 1105 4566; x_wconf 90' lang='lat' dir='ltr'><strong>stolam</strong></span> <span class='ocrx_word' id='word_1_689' title='bbox 1123 4506 1282 4579; x_wconf 90' lang='lat' dir='ltr'><strong>intelligere</strong></span> <span class='ocrx_word' id='word_1_690' title='bbox 1307 4509 1415 4561; x_wconf 90' lang='lat' dir='ltr'><strong>certum</strong></span> <span class='ocrx_word' id='word_1_691' title='bbox 1432 4508 1503 4569; x_wconf 86' lang='lat' dir='ltr'><strong>erat,</strong></span> <span class='ocrx_word' id='word_1_692' title='bbox 1519 4501 1732 4559; x_wconf 87' lang='lat' dir='ltr'><strong>contendebant</strong></span> <span class='ocrx_word' id='word_1_693' title='bbox 1754 4501 1796 4558; x_wconf 87' lang='lat' dir='ltr'><strong>ita</strong></span> <span class='ocrx_word' id='word_1_694' title='bbox 1809 4500 1852 4558; x_wconf 88' lang='lat' dir='ltr'><strong>de·</strong></span> 
     </span>
     <span class='ocr_line' id='line_1_50' title="bbox 99 4590 1854 4672; baseline -0.003 -23"><span class='ocrx_word' id='word_1_695' title='bbox 99 4594 130 4649; x_wconf 92' lang='lat' dir='ltr'><strong>in</strong></span> <span class='ocrx_word' id='word_1_696' title='bbox 145 4597 356 4670; x_wconf 86' lang='lat' dir='ltr'><strong>emergentibus</strong></span> <span class='ocrx_word' id='word_1_697' title='bbox 371 4598 494 4672; x_wconf 87' lang='lat' dir='ltr'><strong>negotiis</strong></span> <span class='ocrx_word' id='word_1_698' title='bbox 507 4598 621 4655; x_wconf 89' lang='lat' dir='ltr'><strong>adirent</strong></span> <span class='ocrx_word' id='word_1_699' title='bbox 644 4599 680 4655; x_wconf 96' lang='lat' dir='ltr'><strong>ad</strong></span> <span class='ocrx_word' id='word_1_700' title='bbox 694 4599 865 4666; x_wconf 89' lang='lat' dir='ltr'><strong>Heraclium,</strong></span> <span class='ocrx_word' id='word_1_701' title='bbox 892 4617 948 4672; x_wconf 91' lang='lat' dir='ltr'><strong>quo</strong></span> <span class='ocrx_word' id='word_1_702' title='bbox 1004 4598 1083 4655; x_wconf 84' lang='lat' dir='ltr'><strong>tendi</strong></span> <span class='ocrx_word' id='word_1_703' title='bbox 1102 4596 1235 4669; x_wconf 90' lang='lat' dir='ltr'><strong>gratiam,</strong></span> <span class='ocrx_word' id='word_1_704' title='bbox 1250 4601 1283 4650; x_wconf 93' lang='lat' dir='ltr'><strong>ut</strong></span> <span class='ocrx_word' id='word_1_705' title='bbox 1307 4594 1430 4650; x_wconf 91' lang='lat' dir='ltr'><strong>liberum</strong></span> <span class='ocrx_word' id='word_1_706' title='bbox 1450 4592 1602 4649; x_wconf 86' lang='lat' dir='ltr'><strong>arbitrium</strong></span> <span class='ocrx_word' id='word_1_707' title='bbox 1617 4590 1815 4658; x_wconf 88' lang='lat' dir='ltr'><strong>adimeretnr;</strong></span> <span class='ocrx_word' id='word_1_708' title='bbox 1831 4591 1854 4644; x_wconf 88' lang='lat' dir='ltr'><strong>st</strong></span> 
     </span>
     <span class='ocr_line' id='line_1_51' title="bbox 99 4678 1852 4762; baseline -0.005 -22"><span class='ocrx_word' id='word_1_709' title='bbox 99 4683 140 4740; x_wconf 89' lang='lat' dir='ltr'><strong>eis</strong></span> <span class='ocrx_word' id='word_1_710' title='bbox 157 4684 218 4756; x_wconf 89' lang='lat' dir='ltr'><strong>ipse</strong></span> <span class='ocrx_word' id='word_1_711' title='bbox 245 4702 298 4756; x_wconf 90' lang='lat' dir='ltr'><strong>pra</strong></span> <span class='ocrx_word' id='word_1_712' title='bbox 320 4704 372 4743; x_wconf 88' lang='lat' dir='ltr'><strong>sua</strong></span> <span class='ocrx_word' id='word_1_713' title='bbox 395 4688 535 4760; x_wconf 88' lang='lat' dir='ltr'><strong>sapientia</strong></span> <span class='ocrx_word' id='word_1_714' title='bbox 549 4686 724 4762; x_wconf 81' lang='lat' dir='ltr'><strong>provideret,</strong></span> <span class='ocrx_word' id='word_1_715' title='bbox 741 4688 785 4743; x_wconf 86' lang='lat' dir='ltr'><strong>val</strong></span> <span class='ocrx_word' id='word_1_716' title='bbox 799 4705 817 4744; x_wconf 88' lang='lat' dir='ltr'><strong>a</strong></span> <span class='ocrx_word' id='word_1_717' title='bbox 831 4705 860 4744; x_wconf 90' lang='lat' dir='ltr'><strong>sa</strong></span> <span class='ocrx_word' id='word_1_718' title='bbox 886 4693 947 4744; x_wconf 87' lang='lat' dir='ltr'><strong>tan·</strong></span> <span class='ocrx_word' id='word_1_719' title='bbox 1004 4702 1182 4760; x_wconf 82' lang='lat' dir='ltr'><strong>consequens</strong></span> <span class='ocrx_word' id='word_1_720' title='bbox 1205 4689 1287 4753; x_wconf 88' lang='lat' dir='ltr'><strong>esset,</strong></span> <span class='ocrx_word' id='word_1_721' title='bbox 1304 4683 1459 4739; x_wconf 86' lang='lat' dir='ltr'><strong>Dominum</strong></span> <span class='ocrx_word' id='word_1_722' title='bbox 1471 4681 1509 4754; x_wconf 77' lang='lat' dir='ltr'><strong>lin</strong></span> <span class='ocrx_word' id='word_1_723' title='bbox 1532 4685 1660 4736; x_wconf 84' lang='lat' dir='ltr'><strong>extrema</strong></span> <span class='ocrx_word' id='word_1_724' title='bbox 1672 4678 1786 4752; x_wconf 83' lang='lat' dir='ltr'><strong>jndicio</strong></span> <span class='ocrx_word' id='word_1_725' title='bbox 1801 4692 1852 4733; x_wconf 94' lang='lat' dir='ltr'><strong>nan</strong></span> 
     </span>
     <span class='ocr_line' id='line_1_52' title="bbox 99 4764 1852 4849; baseline -0.003 -22"><span class='ocrx_word' id='word_1_726' title='bbox 99 4788 186 4846; x_wconf 89' lang='lat' dir='ltr'><strong>quam</strong></span> <span class='ocrx_word' id='word_1_727' title='bbox 215 4778 339 4845; x_wconf 84' lang='lat' dir='ltr'><strong>epatre,</strong></span> <span class='ocrx_word' id='word_1_728' title='bbox 353 4775 747 4849; x_wconf 80' lang='lat' dir='ltr'><strong>ubineaessariumlhaheret,</strong></span> <span class='ocrx_word' id='word_1_729' title='bbox 761 4776 950 4834; x_wconf 88' lang='lat' dir='ltr'><strong>consiliumet</strong></span> <span class='ocrx_word' id='word_1_730' title='bbox 1004 4776 1183 4833; x_wconf 90' lang='lat' dir='ltr'><strong>redditurum</strong></span> <span class='ocrx_word' id='word_1_731' title='bbox 1210 4772 1366 4845; x_wconf 89' lang='lat' dir='ltr'><strong>unicuique</strong></span> <span class='ocrx_word' id='word_1_732' title='bbox 1400 4770 1557 4827; x_wconf 89' lang='lat' dir='ltr'><strong>secundnm</strong></span> <span class='ocrx_word' id='word_1_733' title='bbox 1577 4784 1665 4840; x_wconf 87' lang='lat' dir='ltr'><strong>opera</strong></span> <span class='ocrx_word' id='word_1_734' title='bbox 1685 4768 1750 4840; x_wconf 89' lang='lat' dir='ltr'><strong>ejus</strong></span> <span class='ocrx_word' id='word_1_735' title='bbox 1766 4764 1852 4837; x_wconf 74' lang='lat' dir='ltr'><strong>(lam,</strong></span> 
     </span>
     <span class='ocr_line' id='line_1_53' title="bbox 99 4855 1853 4939; baseline -0.004 -22"><span class='ocrx_word' id='word_1_736' title='bbox 99 4861 239 4919; x_wconf 87' lang='lat' dir='ltr'><strong>auxilinm</strong></span> <span class='ocrx_word' id='word_1_737' title='bbox 254 4869 391 4935; x_wconf 89' lang='lat' dir='ltr'><strong>posceret.</strong></span> <span class='ocrx_word' id='word_1_738' title='bbox 408 4867 470 4921; x_wconf 88' lang='lat' dir='ltr'><strong>Non</strong></span> <span class='ocrx_word' id='word_1_739' title='bbox 485 4867 563 4923; x_wconf 91' lang='lat' dir='ltr'><strong>enim</strong></span> <span class='ocrx_word' id='word_1_740' title='bbox 577 4866 720 4939; x_wconf 88' lang='lat' dir='ltr'><strong>cogitabat</strong></span> <span class='ocrx_word' id='word_1_741' title='bbox 733 4882 784 4923; x_wconf 93' lang='lat' dir='ltr'><strong>sua</strong></span> <span class='ocrx_word' id='word_1_742' title='bbox 800 4883 829 4922; x_wconf 91' lang='lat' dir='ltr'><strong>se</strong></span> <span class='ocrx_word' id='word_1_743' title='bbox 844 4868 949 4939; x_wconf 89' lang='lat' dir='ltr'><strong>popula</strong></span> <span class='ocrx_word' id='word_1_744' title='bbox 1004 4884 1032 4923; x_wconf 88' lang='lat' dir='ltr'><strong>n.</strong></span> <span class='ocrx_word' id='word_1_745' title='bbox 1049 4865 1085 4939; x_wconf 88' lang='grc'><strong>3).</strong></span> <span class='ocrx_word' id='word_1_746' title='bbox 1110 4866 1326 4936; x_wconf 85' lang='lat' dir='ltr'><strong>Ingravescente</strong></span> <span class='ocrx_word' id='word_1_747' title='bbox 1341 4860 1371 4916; x_wconf 92' lang='lat' dir='ltr'><strong>in</strong></span> <span class='ocrx_word' id='word_1_748' title='bbox 1396 4860 1457 4915; x_wconf 92' lang='lat' dir='ltr'><strong>dies</strong></span> <span class='ocrx_word' id='word_1_749' title='bbox 1472 4858 1600 4925; x_wconf 88' lang='lat' dir='ltr'><strong>discidia,</strong></span> <span class='ocrx_word' id='word_1_750' title='bbox 1621 4872 1687 4912; x_wconf 92' lang='lat' dir='ltr'><strong>cum</strong></span> <span class='ocrx_word' id='word_1_751' title='bbox 1704 4855 1792 4912; x_wconf 87' lang='lat' dir='ltr'><strong>etiam</strong></span> <span class='ocrx_word' id='word_1_752' title='bbox 1806 4855 1853 4910; x_wconf 86' lang='lat' dir='ltr'><strong>im·</strong></span> 
     </span>
     <span class='ocr_line' id='line_1_54' title="bbox 99 4946 1853 5029; baseline -0.006 -20"><span class='ocrx_word' id='word_1_753' title='bbox 99 4952 278 5020; x_wconf 87' lang='lat' dir='ltr'><strong>subtrahere,</strong></span> <span class='ocrx_word' id='word_1_754' title='bbox 294 4957 343 5008; x_wconf 87' lang='lat' dir='ltr'><strong>aut</strong></span> <span class='ocrx_word' id='word_1_755' title='bbox 356 4954 382 5009; x_wconf 90' lang='lat' dir='ltr'><strong>ei</strong></span> <span class='ocrx_word' id='word_1_756' title='bbox 397 4955 455 5010; x_wconf 92' lang='lat' dir='ltr'><strong>ullo</strong></span> <span class='ocrx_word' id='word_1_757' title='bbox 478 4959 560 5027; x_wconf 89' lang='lat' dir='ltr'><strong>pacto</strong></span> <span class='ocrx_word' id='word_1_758' title='bbox 586 4958 683 5013; x_wconf 92' lang='lat' dir='ltr'><strong>deesse</strong></span> <span class='ocrx_word' id='word_1_759' title='bbox 710 4957 739 5011; x_wconf 93' lang='lat' dir='ltr'><strong>in</strong></span> <span class='ocrx_word' id='word_1_760' title='bbox 766 4957 948 5012; x_wconf 87' lang='lat' dir='ltr'><strong>necessariis:</strong></span> <span class='ocrx_word' id='word_1_761' title='bbox 1004 4955 1089 5029; x_wconf 89' lang='lat' dir='ltr'><strong>periti</strong></span> <span class='ocrx_word' id='word_1_762' title='bbox 1105 4954 1147 5009; x_wconf 92' lang='lat' dir='ltr'><strong>illi</strong></span> <span class='ocrx_word' id='word_1_763' title='bbox 1161 4953 1194 5008; x_wconf 93' lang='lat' dir='ltr'><strong>in</strong></span> <span class='ocrx_word' id='word_1_764' title='bbox 1208 4952 1365 5008; x_wconf 90' lang='lat' dir='ltr'><strong>monachas</strong></span> <span class='ocrx_word' id='word_1_765' title='bbox 1390 4949 1556 5005; x_wconf 91' lang='lat' dir='ltr'><strong>innoeentes</strong></span> <span class='ocrx_word' id='word_1_766' title='bbox 1572 4946 1711 5003; x_wconf 86' lang='lat' dir='ltr'><strong>invidiam</strong></span> <span class='ocrx_word' id='word_1_767' title='bbox 1734 4960 1853 5002; x_wconf 80' lang='lat' dir='ltr'><strong>camma</strong></span> 
     </span>
     <span class='ocr_line' id='line_1_55' title="bbox 100 5028 1856 5118; baseline -0.006 -21"><span class='ocrx_word' id='word_1_768' title='bbox 100 5045 128 5097; x_wconf 91' lang='lat' dir='ltr'><strong>ai</strong></span> <span class='ocrx_word' id='word_1_769' title='bbox 142 5039 197 5097; x_wconf 90' lang='lat' dir='ltr'><strong>sihi</strong></span> <span class='ocrx_word' id='word_1_770' title='bbox 211 5042 410 5098; x_wconf 86' lang='lat' dir='ltr'><strong>tantummodo</strong></span> <span class='ocrx_word' id='word_1_771' title='bbox 425 5045 551 5115; x_wconf 89' lang='lat' dir='ltr'><strong>quietem</strong></span> <span class='ocrx_word' id='word_1_772' title='bbox 567 5046 693 5118; x_wconf 78' lang='lat' dir='ltr'><strong>aliquam</strong></span> <span class='ocrx_word' id='word_1_773' title='bbox 708 5061 741 5101; x_wconf 93' lang='lat' dir='ltr'><strong>eo</strong></span> <span class='ocrx_word' id='word_1_774' title='bbox 757 5045 853 5102; x_wconf 89' lang='lat' dir='ltr'><strong>animo</strong></span> <span class='ocrx_word' id='word_1_775' title='bbox 870 5062 949 5118; x_wconf 76' lang='lat' dir='ltr'><strong>quar·</strong></span> <span class='ocrx_word' id='word_1_776' title='bbox 1004 5048 1112 5110; x_wconf 79' lang='lat' dir='ltr'><strong>serent,</strong></span> <span class='ocrx_word' id='word_1_777' title='bbox 1138 5042 1400 5115; x_wconf 88' lang='lat' dir='ltr'><strong>perturbarenlque</strong></span> <span class='ocrx_word' id='word_1_778' title='bbox 1420 5038 1527 5104; x_wconf 86' lang='lat' dir='ltr'><strong>omnia,</strong></span> <span class='ocrx_word' id='word_1_779' title='bbox 1549 5040 1627 5092; x_wconf 90' lang='lat' dir='ltr'><strong>ratus</strong></span> <span class='ocrx_word' id='word_1_780' title='bbox 1640 5039 1683 5091; x_wconf 88' lang='lat' dir='ltr'><strong>est</strong></span> <span class='ocrx_word' id='word_1_781' title='bbox 1707 5037 1808 5092; x_wconf 81' lang='lat' dir='ltr'><strong>Florus</strong></span> <span class='ocrx_word' id='word_1_782' title='bbox 1823 5028 1856 5088; x_wconf 89' lang='lat' dir='ltr'><strong>ol·</strong></span> 
     </span>
     <span class='ocr_line' id='line_1_56' title="bbox 98 5123 1855 5208; baseline -0.007 -20"><span class='ocrx_word' id='word_1_783' title='bbox 98 5131 190 5202; x_wconf 87' lang='lat' dir='ltr'><strong>rabat,</strong></span> <span class='ocrx_word' id='word_1_784' title='bbox 217 5147 276 5187; x_wconf 91' lang='lat' dir='ltr'><strong>nan</strong></span> <span class='ocrx_word' id='word_1_785' title='bbox 296 5133 329 5186; x_wconf 90' lang='lat' dir='ltr'><strong>ut</strong></span> <span class='ocrx_word' id='word_1_786' title='bbox 350 5130 487 5187; x_wconf 87' lang='lat' dir='ltr'><strong>otiaretur</strong></span> <span class='ocrx_word' id='word_1_787' title='bbox 512 5151 542 5188; x_wconf 90' lang='lat' dir='ltr'><strong>ae</strong></span> <span class='ocrx_word' id='word_1_788' title='bbox 557 5151 610 5206; x_wconf 91' lang='lat' dir='ltr'><strong>per</strong></span> <span class='ocrx_word' id='word_1_789' title='bbox 624 5134 764 5190; x_wconf 89' lang='lat' dir='ltr'><strong>desidiam</strong></span> <span class='ocrx_word' id='word_1_790' title='bbox 779 5139 892 5208; x_wconf 87' lang='lat' dir='ltr'><strong>tempus</strong></span> <span class='ocrx_word' id='word_1_791' title='bbox 911 5140 951 5191; x_wconf 89' lang='lat' dir='ltr'><strong>le·</strong></span> <span class='ocrx_word' id='word_1_792' title='bbox 1006 5134 1064 5189; x_wconf 88' lang='lat' dir='ltr'><strong>ficii</strong></span> <span class='ocrx_word' id='word_1_793' title='bbox 1078 5132 1123 5189; x_wconf 93' lang='lat' dir='ltr'><strong>sui</strong></span> <span class='ocrx_word' id='word_1_794' title='bbox 1138 5147 1210 5200; x_wconf 86' lang='lat' dir='ltr'><strong>esse,</strong></span> <span class='ocrx_word' id='word_1_795' title='bbox 1226 5130 1313 5202; x_wconf 90' lang='lat' dir='ltr'><strong>hujus</strong></span> <span class='ocrx_word' id='word_1_796' title='bbox 1332 5128 1374 5183; x_wconf 89' lang='lat' dir='ltr'><strong>rei</strong></span> <span class='ocrx_word' id='word_1_797' title='bbox 1389 5128 1505 5183; x_wconf 87' lang='lat' dir='ltr'><strong>tandem</strong></span> <span class='ocrx_word' id='word_1_798' title='bbox 1523 5124 1708 5181; x_wconf 89' lang='lat' dir='ltr'><strong>Valentinum</strong></span> <span class='ocrx_word' id='word_1_799' title='bbox 1730 5123 1855 5178; x_wconf 87' lang='lat' dir='ltr'><strong>abbatem</strong></span> 
     </span>
     <span class='ocr_line' id='line_1_57' title="bbox 99 5210 1861 5296; baseline -0.007 -20"><span class='ocrx_word' id='word_1_800' title='bbox 99 5227 185 5291; x_wconf 87' lang='lat' dir='ltr'><strong>reret,</strong></span> <span class='ocrx_word' id='word_1_801' title='bbox 200 5222 249 5278; x_wconf 89' lang='lat' dir='ltr'><strong>sed</strong></span> <span class='ocrx_word' id='word_1_802' title='bbox 265 5226 296 5277; x_wconf 93' lang='lat' dir='ltr'><strong>ut</strong></span> <span class='ocrx_word' id='word_1_803' title='bbox 310 5236 339 5274; x_wconf 89' lang='lat' dir='ltr'><strong>sa</strong></span> <span class='ocrx_word' id='word_1_804' title='bbox 353 5224 456 5288; x_wconf 90' lang='lat' dir='ltr'><strong>tatum,</strong></span> <span class='ocrx_word' id='word_1_805' title='bbox 471 5222 567 5292; x_wconf 85' lang='lat' dir='ltr'><strong>quaed</strong></span> <span class='ocrx_word' id='word_1_806' title='bbox 578 5223 608 5278; x_wconf 91' lang='lat' dir='ltr'><strong>in</strong></span> <span class='ocrx_word' id='word_1_807' title='bbox 636 5224 689 5279; x_wconf 91' lang='lat' dir='ltr'><strong>hac</strong></span> <span class='ocrx_word' id='word_1_808' title='bbox 714 5223 772 5280; x_wconf 60' lang='lat' dir='ltr'><strong>trita</strong></span> <span class='ocrx_word' id='word_1_809' title='bbox 801 5239 950 5296; x_wconf 87' lang='lat' dir='ltr'><strong>superesse</strong></span> <span class='ocrx_word' id='word_1_810' title='bbox 1006 5222 1171 5278; x_wconf 86' lang='lat' dir='ltr'><strong>admonere.</strong></span> <span class='ocrx_word' id='word_1_811' title='bbox 1191 5218 1407 5291; x_wconf 88' lang='lat' dir='ltr'><strong>liieepistalam</strong></span> <span class='ocrx_word' id='word_1_812' title='bbox 1430 5215 1511 5271; x_wconf 89' lang='lat' dir='ltr'><strong>illam</strong></span> <span class='ocrx_word' id='word_1_813' title='bbox 1540 5230 1604 5269; x_wconf 86' lang='lat' dir='ltr'><strong>rere</strong></span> <span class='ocrx_word' id='word_1_814' title='bbox 1618 5210 1777 5284; x_wconf 88' lang='lat' dir='ltr'><strong>Augustini</strong></span> <span class='ocrx_word' id='word_1_815' title='bbox 1791 5225 1861 5273; x_wconf 71' lang='lat' dir='ltr'><strong>esse,</strong></span> 
     </span>
     <span class='ocr_line' id='line_1_58' title="bbox 100 5293 1857 5384; baseline -0.007 -18"><span class='ocrx_word' id='word_1_816' title='bbox 100 5311 173 5367; x_wconf 87' lang='lat' dir='ltr'><strong>Deus</strong></span> <span class='ocrx_word' id='word_1_817' title='bbox 194 5312 370 5378; x_wconf 87' lang='lat' dir='ltr'><strong>concederet,</strong></span> <span class='ocrx_word' id='word_1_818' title='bbox 392 5308 603 5382; x_wconf 87' lang='lat' dir='ltr'><strong>Scripturarum</strong></span> <span class='ocrx_word' id='word_1_819' title='bbox 623 5312 716 5369; x_wconf 89' lang='lat' dir='ltr'><strong>studia</strong></span> <span class='ocrx_word' id='word_1_820' title='bbox 731 5312 866 5369; x_wconf 91' lang='lat' dir='ltr'><strong>traderet.</strong></span> <span class='ocrx_word' id='word_1_821' title='bbox 885 5313 949 5368; x_wconf 86' lang='lat' dir='ltr'><strong>lam</strong></span> <span class='ocrx_word' id='word_1_822' title='bbox 1007 5327 1097 5384; x_wconf 88' lang='lat' dir='ltr'><strong>eaque</strong></span> <span class='ocrx_word' id='word_1_823' title='bbox 1111 5327 1170 5366; x_wconf 92' lang='lat' dir='ltr'><strong>nan</strong></span> <span class='ocrx_word' id='word_1_824' title='bbox 1188 5310 1272 5367; x_wconf 87' lang='lat' dir='ltr'><strong>aliam</strong></span> <span class='ocrx_word' id='word_1_825' title='bbox 1288 5324 1374 5381; x_wconf 92' lang='lat' dir='ltr'><strong>quam</strong></span> <span class='ocrx_word' id='word_1_826' title='bbox 1402 5305 1588 5361; x_wconf 81' lang='lat' dir='ltr'><strong>orthodoxam</strong></span> <span class='ocrx_word' id='word_1_827' title='bbox 1612 5300 1775 5357; x_wconf 89' lang='lat' dir='ltr'><strong>doctrinam</strong></span> <span class='ocrx_word' id='word_1_828' title='bbox 1789 5293 1857 5355; x_wconf 83' lang='lat' dir='ltr'><strong>tradi</strong></span> 
     </span>
     <span class='ocr_line' id='line_1_59' title="bbox 101 5388 1858 5468; baseline -0.007 -13"><span class='ocrx_word' id='word_1_829' title='bbox 101 5404 167 5455; x_wconf 84' lang='lat' dir='ltr'><strong>ante</strong></span> <span class='ocrx_word' id='word_1_830' title='bbox 180 5417 198 5455; x_wconf 92' lang='lat' dir='ltr'><strong>a</strong></span> <span class='ocrx_word' id='word_1_831' title='bbox 212 5401 295 5458; x_wconf 91' lang='lat' dir='ltr'><strong>nabis</strong></span> <span class='ocrx_word' id='word_1_832' title='bbox 314 5400 506 5465; x_wconf 85' lang='lat' dir='ltr'><strong>observatum,</strong></span> <span class='ocrx_word' id='word_1_833' title='bbox 521 5403 573 5468; x_wconf 88' lang='lat' dir='ltr'><strong>cst,</strong></span> <span class='ocrx_word' id='word_1_834' title='bbox 588 5401 645 5458; x_wconf 94' lang='lat' dir='ltr'><strong>dua</strong></span> <span class='ocrx_word' id='word_1_835' title='bbox 665 5402 786 5458; x_wconf 86' lang='lat' dir='ltr'><strong>eoncilia</strong></span> <span class='ocrx_word' id='word_1_836' title='bbox 813 5401 951 5458; x_wconf 77' lang='lat' dir='ltr'><strong>Numidia</strong></span> <span class='ocrx_word' id='word_1_837' title='bbox 1007 5399 1126 5456; x_wconf 88' lang='lat' dir='ltr'><strong>minime</strong></span> <span class='ocrx_word' id='word_1_838' title='bbox 1153 5400 1299 5467; x_wconf 88' lang='lat' dir='ltr'><strong>dubitans,</strong></span> <span class='ocrx_word' id='word_1_839' title='bbox 1326 5395 1456 5452; x_wconf 89' lang='lat' dir='ltr'><strong>animum</strong></span> <span class='ocrx_word' id='word_1_840' title='bbox 1468 5392 1584 5449; x_wconf 84' lang='lat' dir='ltr'><strong>induxit</strong></span> <span class='ocrx_word' id='word_1_841' title='bbox 1598 5400 1719 5464; x_wconf 85' lang='lat' dir='ltr'><strong>operam</strong></span> <span class='ocrx_word' id='word_1_842' title='bbox 1734 5390 1816 5459; x_wconf 85' lang='lat' dir='ltr'><strong>dare,</strong></span> <span class='ocrx_word' id='word_1_843' title='bbox 1830 5388 1858 5442; x_wconf 83' lang='lat' dir='ltr'><strong>ut</strong></span> 
     </span>
     <span class='ocr_line' id='line_1_60' title="bbox 101 5474 1858 5577; baseline -0.007 -36"><span class='ocrx_word' id='word_1_844' title='bbox 101 5491 131 5541; x_wconf 85' lang='lat' dir='ltr'><strong>at</strong></span> <span class='ocrx_word' id='word_1_845' title='bbox 145 5489 323 5564; x_wconf 81' lang='lat' dir='ltr'><strong>Carthaginis</strong></span> <span class='ocrx_word' id='word_1_846' title='bbox 337 5490 430 5577; x_wconf 65' lang='lat' dir='ltr'><strong>aidan)</strong></span> <span class='ocrx_word' id='word_1_847' title='bbox 445 5493 512 5546; x_wconf 90' lang='lat' dir='ltr'><strong>aule</strong></span> <span class='ocrx_word' id='word_1_848' title='bbox 526 5505 632 5561; x_wconf 90' lang='lat' dir='ltr'><strong>paucas</strong></span> <span class='ocrx_word' id='word_1_849' title='bbox 660 5504 750 5548; x_wconf 91' lang='lat' dir='ltr'><strong>annas</strong></span> <span class='ocrx_word' id='word_1_850' title='bbox 777 5489 952 5546; x_wconf 88' lang='lat' dir='ltr'><strong>commisisse</strong></span> <span class='ocrx_word' id='word_1_851' title='bbox 1010 5488 1111 5561; x_wconf 87' lang='lat' dir='ltr'><strong>impias</strong></span> <span class='ocrx_word' id='word_1_852' title='bbox 1126 5488 1189 5543; x_wconf 90' lang='lat' dir='ltr'><strong>illas</strong></span> <span class='ocrx_word' id='word_1_853' title='bbox 1203 5488 1376 5561; x_wconf 79' lang='lat' dir='ltr'><strong>quaestiones</strong></span> <span class='ocrx_word' id='word_1_854' title='bbox 1391 5485 1425 5539; x_wconf 92' lang='lat' dir='ltr'><strong>ab</strong></span> <span class='ocrx_word' id='word_1_855' title='bbox 1438 5481 1548 5538; x_wconf 89' lang='lat' dir='ltr'><strong>inscitia</strong></span> <span class='ocrx_word' id='word_1_856' title='bbox 1564 5479 1788 5553; x_wconf 86' lang='lat' dir='ltr'><strong>quorumdame</strong></span> <span class='ocrx_word' id='word_1_857' title='bbox 1806 5474 1858 5533; x_wconf 90' lang='lat' dir='ltr'><strong>suis</strong></span> 
     </span>
    </p>
   </div>
   <div class='ocr_carea' id='block_1_3' title="bbox 0 0 1961 6112">
    <p class='ocr_par' dir='ltr' id='par_1_3' title="bbox 0 0 1961 6112">
     <span class='ocr_line' id='line_1_61' title="bbox 0 0 1961 6112; baseline 0 0"><span class='ocrx_word' id='word_1_858' title='bbox 0 0 1961 6112; x_wconf 95' lang='lat' dir='ltr'><strong> </strong></span> 
     </span>
    </p>
   </div>
  </div>
 </body>
</html>
