3884 6112
668 313 773 372 LIBER
794 316 937 374 PRIMUS.
1379 328 1382 335 '
1628 330 1680 381 lllll

69 435 115 489 rt?
132 435 200 489 llaec
219 437 325 501 autem,
340 448 377 487 ue
392 433 476 488 aliam
493 435 619 505 postules
633 434 775 491 delinitio-
834 437 951 508 pientia
961 455 1067 495 munus
1076 445 1134 509 est;
1145 441 1213 513 quid
1224 442 1387 498 dubitamus
1398 443 1559 500 existimare
1570 446 1681 501 beatam

70 538 104 576 ns
119 526 168 577 aut
184 521 256 576 ratio
271 521 327 575 dici
342 525 438 591 potest
452 521 525 592 (tit.
544 526 553 576 l
572 525 702 593 detenet,
718 539 778 593 cap.
835 527 932 593 vitam,
949 527 1034 583 stiam
1048 545 1101 602 per
1115 546 1145 585 se
1155 529 1219 602 ipsa
1234 530 1450 603 investigatione
1466 533 1591 590 veritatis
1599 553 1682 607 posse
1714 582 1717 586 .

72 610 155 675 Quod
170 611 194 664 si
215 609 267 664 tihi
291 625 349 664 non
372 609 494 676 ridetur,
517 626 613 681 quaere
635 611 779 682 quomodo
836 616 1026 688 contingeret

69 699 127 752 ssi⁸³
141 700 185 752 vel
200 698 314 752 beatam
325 697 422 765 tilam,
437 698 481 751 vel
495 697 777 768 hOmissisoplimtlm·
871 707 897 758 8.
913 705 985 760 Tum
999 705 1047 760 ille
1066 723 1073 761 :
1090 707 1203 761 Licetne
1227 708 1342 762 tandein
1367 709 1401 762 ad
1427 726 1460 763 ea
1483 726 1547 781 qum
1575 715 1682 766 temore

70 803 87 856 ⁹,
104 786 210 858 inquil·
837 807 969 847 concessa
983 798 1060 860 suut,
1077 795 1169 849 redire
1185 797 1323 850 rursum?
1338 797 1388 851 llic
1400 813 1452 867 ego
1470 814 1476 852 ε
1493 798 1536 852 llll
1550 800 1604 854 lroc
1624 817 1683 855 nou

70 876 192 946 tergo?
206 878 238 929 ut
256 875 290 929 ad
319 873 509 946 propositum,
526 872 656 944 inquam,
682 873 781 928 redca-
837 880 929 934 solent
940 881 1106 948 concedere,
1124 883 1252 954 inquam,
1270 900 1341 955 quos
1356 884 1389 938 ad
1405 884 1608 955 disputandum
1625 904 1683 942 uon

70 965 177 1018 lemme
191 963 243 1018 libi
259 979 315 1017 110¹!
324 962 439 1016 intelllO
449 960 603 1016 verobessle
616 976 698 1031 posse
712 960 779 1028 titi,
837 967 1001 1023 inveniendi
1016 970 1075 1023 veri
1089 970 1238 1040 cupiditas,
1256 972 1304 1025 sed
1320 972 1428 1043 ingenii
1440 972 1558 1043 puerilis
1569 972 1684 1043 jactan-

70 1051 262 1123 uquaeraturi
272 1052 389 1122 Repeto,
400 1050 505 1122 inquil,
516 1049 687 1104 senteutiam
702 1049 780 1103 illam
837 1054 877 1108 tia
892 1055 1027 1125 impellit.
1044 1058 1143 1128 ltaque
1167 1059 1243 1129 apud
1260 1075 1316 1126 rue,
1341 1061 1498 1130 presertim
1514 1076 1579 1114 cum
1594 1061 1684 1119 adhuc

71 1140 186 1195 Minime
201 1139 322 1195 videtur.
349 1141 416 1206 Vos,
444 1138 570 1210 inquam,
595 1137 780 1209 quidopiua·
837 1143 981 1198 nutriendi
997 1145 1192 1217 educendique
1217 1146 1286 1211 sitis,
1311 1163 1368 1201 non
1392 1149 1483 1202 solum
1509 1149 1684 1216 conceditur,

70 1245 112 1282 nn
129 1228 270 1282 Licentius
286 1243 293 1281 :
309 1226 381 1282 mihi
395 1242 524 1298 prorsus,
538 1226 642 1297 inquil,
659 1226 780 1281 videtur:
838 1230 985 1286 sedetiam
998 1229 1027 1286 iu
1042 1232 1192 1304 preceptis
1202 1232 1331 1288 habeatis
1344 1235 1419 1300 volo,
1435 1235 1470 1288 ad
1485 1252 1519 1289 ea
1533 1253 1580 1289 ros
1596 1235 1685 1290 discu-

72 1332 135 1371 orcs
148 1315 249 1378 nostri,
269 1331 341 1386 quos
361 1315 504 1387 sepientes
524 1315 678 1385 beatosque
701 1329 780 1368 aece-
837 1318 935 1373 tienda
950 1319 1042 1374 redire
1059 1324 1200 1389 oportere,
1226 1337 1291 1392 qum
1315 1322 1509 1377 concesseritis
1533 1323 1683 1378 incautius.

70 1421 93 1459 to
109 1406 168 1459 solo
184 1403 262 1474 quod
275 1418 375 1457 verum
390 1402 567 1474 quaerebant,
590 1401 662 1457 bene
688 1402 783 1457 beate·
838 1407 870 1460 Et
886 1404 1027 1460 Licentius
1044 1421 1051 1460 ε
1068 1406 1131 1461 Non
1145 1423 1265 1478 parvum
1281 1407 1310 1462 in
1325 1408 1507 1478 philosophia
1527 1409 1684 1478 proiectum

70 1492 347 1563 runtrtgogratias,
365 1491 494 1562 inquam,
511 1490 666 1562 quodcum
682 1489 783 1560 Alypio
837 1493 1038 1565 puto,inqult,
1054 1510 1118 1548 curu
1146 1495 1177 1549 in
1200 1496 1414 1567 comparatione
1428 1496 1498 1551 recti
1513 1497 1630 1567 verique
1643 1496 1686 1549 in-

70 1597 121 1636 :em
137 1579 253 1648 lecistis,
270 1580 325 1646 cui,
341 1579 441 1645 lateor,
467 1578 595 1634 invidere
606 1579 666 1648 jam
689 1593 782 1649 corpe-
838 1581 970 1636 veniendi
986 1581 1209 1637 contemnitura
1224 1583 1385 1656 disputante
1400 1583 1527 1640 victoria.
1545 1584 1642 1654 ltaque
1654 1584 1685 1639 li·

70 1670 161 1724 uniam
177 1668 264 1739 igitur
279 1668 360 1722 alteri
382 1671 509 1722 restrum
534 1667 648 1722 ridetur
670 1667 783 1721 beamm
838 1670 939 1726 beuter
955 1671 1097 1743 obsequor
1115 1672 1266 1744 preceptis
1283 1679 1310 1727 ct
1324 1674 1473 1728 sententiae
1491 1679 1556 1741 usu,
1580 1678 1608 1727 el
1622 1675 1688 1744 Try·

72 1758 99 1812 la
126 1756 345 1827 investigatione
372 1754 518 1823 veritatis3
535 1755 626 1818 alteri,
656 1769 713 1809 non
728 1754 783 1808 nisi
839 1758 949 1830 getium
966 1759 1047 1814 adid
1067 1760 1145 1831 quod
1165 1776 1194 1814 so
1207 1765 1315 1816 tcmcrc
1337 1762 1507 1817 concessisse
1523 1762 1686 1824 arbitratur,

70 1864 101 1903 ue
115 1863 198 1918 posse
220 1847 406 1919 contingere;
427 1845 564 1917 Navigius
586 1848 682 1900 aulem
696 1846 782 1916 paulo
840 1862 884 1902 res
900 1847 977 1902 enim
992 1848 1049 1902 mei
1061 1847 1135 1918 juris
1151 1852 1194 1903 est
1206 1849 1299 1904 redire
1313 1850 1459 1920 permitto.
1473 1851 1544 1905 Tum
1558 1849 1685 1920 Alypius:

72 1936 135 1990 ndil
148 1935 178 1988 in
193 1938 283 2000 tuam,
300 1933 419 2001 licenti,
435 1936 545 2005 perlem
561 1947 590 1987 se
606 1931 678 1986 velle
691 1935 783 1986 trans·
840 1934 970 2006 Suscepti
985 1953 1002 1991 a
1015 1952 1062 1990 me
1078 1935 1163 1991 officii
1179 1938 1307 1992 nondum
1322 1941 1417 2008 partes
1432 1954 1503 2004 esse,
1523 1936 1687 2006 vosmetipsi

70 2040 192 2096 gnopore
203 2027 335 2094 exspecto
346 2022 445 2094 quales
457 2020 666 2076 sententiarum
681 2022 785 2074 vestra·
840 2038 953 2078 mecum
967 2024 1181 2095 recognoscitis.
1194 2025 1247 2080 Sed
1264 2025 1399 2098 quoniam
1410 2025 1438 2080 id
1448 2025 1619 2096 jamdudum
1634 2025 1688 2079 dis·

70 2113 129 2169 roni
145 2128 206 2166 esse
233 2111 356 2183 possitis.
382 2111 436 2166 Res
460 2110 537 2165 euim
561 2125 666 2181 magna
689 2112 741 2177 est,
756 2111 786 2162 et
840 2111 933 2183 posita
946 2111 1083 2182 profectio
1096 2111 1307 2184 interrumpere
1322 2129 1367 2167 me
1382 2112 1536 2183 compellit,
1556 2129 1608 2183 pro
1624 2129 1688 2166 meo

81 2199 257 2256 discussione
270 2199 451 2271 dignissima.
465 2199 493 2253 Si
504 2214 549 2254 res
563 2212 668 2269 magna
683 2200 734 2264 est,
747 2195 787 2250 ait
841 2216 957 2277 quoque
973 2215 1094 2255 munere
1109 2201 1284 2271 geminatam
1297 2200 1351 2255 silli
1365 2204 1534 2272 potestatem
1548 2200 1690 2272 particeps

70 2308 89 2360 s,
106 2305 227 2361 magnos
241 2287 315 2343 viros
339 2286 489 2342 desideral-
507 2285 571 2341 Noli
584 2301 723 2357 quaerore,
739 2283 785 2339 iu·
842 2306 955 2347 mecum
968 2288 1071 2360 judicii
1083 2305 1140 2344 uon
1165 2293 1268 2344 renuet
1281 2305 1371 2361 usque
1386 2288 1415 2342 in
1431 2289 1555 2344 reditum
1569 2304 1665 2342 meum
1682 2306 1688 2342 :

70 2379 211 2434 raeserlim
225 2376 256 2431 in
278 2376 331 2430 ¹¹³⁰
353 2375 430 2441 Villa,
446 2374 523 2446 q⁰⁰d
551 2372 645 2428 ubilis
657 2371 787 2445 sentium
842 2378 925 2434 video
940 2376 1018 2433 enim
1032 2377 1087 2432 hoe
1101 2381 1226 2432 vestrum
1241 2381 1383 2431 certamen
1398 2376 1512 2447 longius
1524 2392 1690 2447 progressu-

78 2466 195 2522 difficile
211 2469 254 2520 ast
270 2482 276 2519 ε
292 2464 341 2519 sed
354 2464 450 2534 potius
464 2461 584 2534 explica,
599 2477 650 2516 cur
669 2460 698 2515 id
711 2458 788 2532 quod
844 2483 920 2524 rum.
937 2467 971 2522 ut
984 2481 1050 2521 cum
1064 2464 1236 2520 discessisset
1254 2481 1261 2519 :
1276 2465 1356 2529 Quod
1381 2463 1401 2532 ⁴,
1418 2464 1513 2536 iuquit
1539 2463 1690 2531 Licentius,

71 2559 234 2621 tatemere,
256 2556 289 2607 ul
313 2552 427 2623 opinor,
449 2551 593 2622 prolatum
620 2552 672 2616 est,
687 2550 716 2603 ol
731 2563 787 2620 qus
843 2559 952 2609 temere
966 2568 1156 2621 concesseras,
1172 2553 1277 2623 profer.
1296 2552 1537 2607 strumensem
1553 2553 1627 2620 dedi,
1648 2553 1690 2606 iu-

71 2639 788 2707 rnevideatur:nametmaximmres,cumapar·
844 2642 915 2713 quit,
945 2641 1111 2697 Ciceronem
1139 2640 1226 2695 luisse
1255 2641 1424 2712 sapientem.
1453 2641 1565 2711 Ergone
1594 2641 1691 2695 Cicero

71 2736 173 2801 untur,
188 2745 309 2801 magnos
325 2745 373 2784 eos
388 2726 613 2783 solentelllcere.
844 2730 956 2802 sapiens
968 2745 1026 2785 non
1039 2729 1103 2796 fuit,
1119 2745 1135 2782 a
1150 2744 1207 2800 quo
1223 2728 1251 2782 in
1263 2728 1350 2783 latinu
1365 2728 1463 2798 lingua
1475 2727 1693 2799 philosophiaet

71 2821 120 2877 lll.
135 2851 169 2861 -
185 2821 345 2875 neostraton
356 2820 386 2872 iu
407 2818 613 2884 investigatione
625 2816 684 2869 veri
707 2812 789 2869 silam
844 2817 977 2872 inchoata
991 2819 1043 2879 est,
1060 2820 1089 2870 el
1104 2814 1252 2887 perfecta?
1265 2814 1323 2869 Etsi
1338 2813 1616 2885 concedam,inquit,
1631 2830 1692 2868 esso

106 2924 162 2964 esse
174 2923 226 2978 pro
240 2908 413 2961 Academicis
423 2909 624 2975 propugnatur.
845 2903 1014 2975 sapientem,
1031 2918 1088 2956 uon
1104 2901 1202 2956 omnia
1215 2906 1311 2955 tamen
1325 2900 1387 2972 ejus
1400 2900 1499 2971 probo.
1513 2899 1600 2971 Atqui
1613 2916 1694 2970 opor·

70 2996 159 3053 rniam
183 3001 221 3063 te,
244 2995 348 3067 iuquit,
372 2994 456 3048 video
479 3006 655 3064 magnopere
670 3005 722 3044 nos
741 3003 789 3042 ur·
845 2996 886 3046 tet
898 2990 989 3046 multa
1005 2990 1065 3062 ejus
1079 2990 1135 3045 alia
1149 2989 1270 3058 refellas,
1281 2993 1315 3044 ut
1332 3005 1390 3044 uon
1403 2988 1693 3060 impudenterlrocde

86 3087 235 3143 adversum
250 3084 372 3139 invicem
388 3081 578 3154 disputemus,
602 3079 677 3150 quod
691 3084 719 3133 te
733 3077 790 3132 uti·
846 3096 903 3152 quo
919 3079 1196 3152 agitur,improbare
1210 3077 1343 3135 videaris.
1358 3077 1524 3142 Quidsihoc
1534 3078 1627 3135 solum
1637 3095 1693 3133 non

71 3176 93 3231 le
107 3174 220 3230 confido
233 3191 241 3240 3
258 3188 356 3244 quaero
367 3187 418 3227 cur
431 3170 532 3225 beatus
546 3183 676 3223 essenon
690 3166 789 3237 possit,
847 3172 923 3223 recte
937 3167 1056 3222 sensisse
1070 3167 1152 3223 illum
1171 3167 1314 3222 affirmare
1337 3170 1453 3237 paratus
1475 3167 1561 3220 sum‘l
1586 3167 1694 3233 Vestra,

71 3279 113 3319 lm
137 3262 251 3335 querit,
278 3259 391 3316 etiamsi
413 3258 533 3314 minime
558 3255 708 3312 inveniat?
721 3251 793 3319 01¹1ss
847 3262 880 3314 ut
893 3257 1007 3329 opinor,
1023 3255 1096 3311 nihil
1112 3255 1240 3326 interest,
1256 3254 1311 3310 uisi
1336 3254 1417 3325 qu'us
1431 3256 1442 3290 l
1455 3254 1590 3327 ponderis
1607 3255 1642 3310 ad
1666 3253 1694 3308 id

83 3351 178 3424 inquit
192 3350 353 3422 trygetius,
369 3334 502 3402 volumus
516 3361 576 3401 esse
589 3344 747 3416 perfectum
763 3341 792 3395 in
848 3348 916 3421 quel
929 3347 994 3403 vulo
1007 3347 1204 3416 asserendum,
1215 3346 1339 3401 rationes
1353 3345 1480 3400 afferam.
1492 3347 1588 3416 Perge,
1601 3344 1697 3416 inquit

71 3433 639 3514 twpienlem·Ouiaulemadhllelluaerst2
651 3430 793 3505 perfectus
848 3437 907 3493 ille.
922 3434 996 3501 Quid
1010 3435 1099 3506 enim,
1123 3435 1228 3506 inquil,
1245 3434 1365 3490 audeam
1388 3437 1487 3488 contra
1502 3450 1578 3502 cum,
1594 3432 1643 3503 qui
1667 3448 1696 3485 se

80 3531 160 3586 llunc
171 3528 258 3600 igitur
267 3525 412 3598 quomodo
423 3539 532 3578 asseras
538 3522 667 3590 beatum,
676 3519 794 3575 omnino
850 3520 994 3577 Ciceronis
1009 3519 1203 3576 adversarium
1218 3518 1390 3591 profitetur?

71 3633 111 3673 eo.
125 3619 160 3672 Et
172 3617 220 3671 ille
234 3633 241 3671 ι
257 3616 351 3671 Potest
366 3612 441 3685 apud
454 3616 492 3680 te,
504 3609 608 3682 inquit,
620 3609 713 3664 vivers
725 3605 734 3640 ¹
744 3622 794 3662 au·
887 3611 913 3666 9,
931 3608 980 3663 Hie
992 3607 1142 3679 'frygetius
1159 3623 1166 3661 :
1182 3606 1251 3660 Volo
1269 3605 1410 3668 attendas,
1428 3603 1477 3671 ait,
1493 3608 1523 3659 tu
1538 3603 1628 3675 judex
1644 3620 1697 3658 uo-

79 3706 247 3776 majorum?
267 3706 331 3759 Non
354 3700 494 3764 omniurn,
517 3697 612 3771 inquit
631 3696 792 3769 Trygetius.
851 3695 1169 3769 ster,quemadmodum
1177 3692 1424 3767 superiusheatam
1434 3692 1521 3747 vitam
1532 3692 1696 3746 delinieris:

71 3818 76 3852 ι
94 3795 238 3851 tandem?
252 3794 302 3848 llle
319 3808 326 3847 ε
342 3793 447 3846 Eorum
462 3788 577 3854 seilicet,
593 3786 643 3859 qui
654 3785 796 3859 sapientes
851 3783 946 3840 dixisti
959 3765 1083 3856 nam'que
1098 3799 1165 3838 euru
1178 3783 1295 3838 beatum
1312 3798 1383 3851 esse,
1398 3780 1449 3853 qui
1464 3781 1621 3836 secundum
1636 3796 1699 3835 eam

88 3885 160 3939 Tum
176 3881 319 3938 Licentius
335 3897 342 3935 t
356 3878 525 3945 Carneades,
550 3875 655 3948 inquit,
677 3874 730 3930 tibi
753 3889 797 3927 sa·
851 3877 964 3946 partem
979 3870 1068 3928 animi
1083 3871 1163 3940 vivit,
1179 3887 1266 3943 quam
1276 3869 1386 3925 caeteris
1401 3870 1535 3926 convenil
1546 3870 1700 3941 imperare.

72 3971 248 4028 onvidetur?
260 3971 329 4040 Ego,
344 3967 394 4037 ait,
404 3981 513 4038 graecus
532 3979 665 4019 nonsum
679 3979 687 4030 3
702 3961 797 4017 neseio
853 3963 897 4017 Tu
910 3966 1017 4028 autem,
1035 3959 1151 4028 licenti,
1166 3961 1230 4014 volo
1246 3959 1290 4014 val
1308 3975 1385 4014 nuuc
1398 3958 1471 4014 mihi
1485 3959 1621 4014 concedas
1633 3958 1702 4028 (jam

72 4060 115 4116 iss
133 4060 186 4115 isle
200 4058 250 4130 qui
266 4056 362 4112 luerit.
379 4054 463 4121 Quid,
479 4053 573 4124 inquit
596 4049 748 4116 Licentius,
764 4049 799 4104 de
854 4049 1085 4121 euim3libertate,
1102 4048 1131 4102 in
1147 4063 1234 4120 quam
1249 4046 1371 4102 maxime
1386 4063 1438 4101 nos
1452 4046 1659 4101 vindicaturam
1675 4062 1704 4098 so

72 4152 113 4204 tro
128 4148 275 4215 Cicerone,
285 4143 354 4216 quid
365 4142 481 4198 tandem
491 4138 637 4196 existimas
646 4140 661 4193 ‘t
670 4137 720 4193 Hic
734 4152 800 4192 eum
854 4132 1704 4210 philosophiapollicetur,jugumilludauctoritatisexcusei),

72 4236 173 4293 risset:
190 4232 309 4306 Sapiens
319 4231 383 4299 luit,
397 4229 503 4302 inquit.
520 4227 630 4284 Etillo:
647 4226 720 4297 Ergo
740 4224 802 4295 ejus
856 4225 1014 4299 perfectum
1028 4239 1086 4278 uon
1100 4239 1160 4277 esse
1170 4223 1220 4294 qui
1230 4220 1704 4291 adhucveritatemrequirat.Tunr

75 4340 107 4381 ra
123 4323 263 4379 sententia
277 4321 364 4376 habet
379 4319 454 4390 apud
475 4320 503 4372 te
522 4313 630 4387 aliquid
648 4311 803 4385 ponderis?
858 4314 906 4369 ille
920 4315 986 4383 post
998 4309 1168 4367 diuturnum
1189 4308 1332 4363 silentium
1351 4324 1358 4362 ε
1374 4310 1438 4363 Nou
1452 4307 1587 4373 concedo,
1602 4306 1705 4376 iuquit.

71 4413 175 4486 iuquit.
190 4411 292 4483 decipe
302 4409 392 4481 igitur
406 4422 470 4479 quae
484 4404 606 4471 sit,nam
620 4400 743 4458 eamlibi
754 4416 803 4456 ex·
859 4403 893 4458 Et
906 4398 1056 4472 'frygetius
1071 4417 1079 4453 r
1097 4398 1161 4464 Cur,
1174 4398 1297 4470 quaeso?
1311 4396 1430 4468 explica.
1446 4393 1533 4450 lsllric
1546 4410 1609 4448 sum
1618 4393 1707 4459 enim,

72 4501 202 4558 arbitror.
217 4498 329 4555 Placuit
336 4495 414 4551 enim
429 4492 674 4558 Cicerouinostro,
689 4491 804 4545 beatum
860 4493 889 4545 et
902 4503 971 4544 areo
985 4485 1095 4555 audire,
1112 4503 1169 4559 quo
1188 4490 1271 4558 pacto
1286 4485 1376 4558 possit
1402 4488 1430 4538 et
1449 4481 1592 4554 perlectus
1621 4483 1708 4536 homo

72 4593 247 4649 laevitatem
262 4588 423 4660 investiget,
438 4583 551 4641 etiamsi
567 4582 602 4638 ad
626 4582 686 4654 ejus
706 4581 806 4636 iuven·
861 4594 931 4644 esse,
953 4576 1087 4632 etsdhuc
1102 4591 1230 4648 qumrere
1253 4573 1412 4628 veritatem.
1439 4570 1551 4626 llicille
1567 4587 1573 4625 ι
1590 4568 1644 4634 Qui
1676 4570 1710 4623 ud

78 4698 137 4737 non
152 4681 247 4735 valeat
262 4676 422 4751 pervenire.
442 4673 492 4729 Ubi
505 4674 569 4739 huc,
592 4669 807 4742 inquit,Cicero
861 4666 962 4733 finem,
976 4664 1079 4736 inquit,
1103 4680 1162 4719 uon
1186 4661 1325 4734 pervenit,
1349 4659 1441 4715 faleor·
1468 4659 1545 4731 quod
1571 4658 1712 4731 perlectus

72 4771 100 4826 ut
114 4767 257 4825 licentius
273 4783 279 4822 :
296 4765 365 4830 Quis
379 4764 495 4835 ignorat
510 4777 576 4815 eum
588 4759 745 4815 affirmasse
760 4773 807 4812 ve·
862 4771 922 4811 nou
937 4753 1156 4810 sit.Veritalem
1171 4754 1266 4806 autem
1294 4749 1372 4803 illarn
1398 4748 1489 4803 solum
1517 4749 1606 4803 lleum
1630 4763 1713 4801 nosse

72 4874 116 4927 er,
131 4857 204 4913 nihil
219 4856 255 4911 ab
278 4853 396 4911 homine
421 4849 530 4923 percipi
557 4864 642 4920 posse
656 4864 663 4915 ;
677 4845 808 4916 nihilque
865 4843 1000 4910 arbitror,
1016 4846 1067 4897 aut
1080 4841 1152 4897 lone
1166 4837 1291 4893 hominis
1304 4835 1442 4903 animam,
1453 4852 1518 4891 cum
1533 4837 1587 4892 hoc
1601 4851 1712 4907 corpus,

73 4944 248 5018 resapienti,
264 4943 318 4998 nisi
329 4939 579 5013 diligentissimam
592 4933 809 5008 inquisitionem
863 4933 921 4989 hoc
936 4935 979 4986 est
992 4930 1175 4985 tenebrosum
1194 4942 1347 4992 carcerem,
1362 4924 1557 4997 dereliquerit.
1586 4923 1714 4979 llominis

74 5052 109 5091 s:
124 5038 276 5108 propterea
286 5030 354 5103 quia
365 5028 388 5084 si
399 5026 516 5083 incertis
530 5024 615 5079 rebus
626 5025 700 5078 esset
716 5035 810 5076 asseu-
866 5021 962 5072 autem
980 5014 1048 5069 linis
1064 5016 1115 5079 est,
1137 5010 1259 5082 perfecte
1278 5025 1408 5081 quaerere
1430 5009 1578 5065 veritatem
1594 5024 1601 5062 :
1618 5006 1714 5079 persc-

72 5138 125 5179 vsm
139 5123 167 5178 si
176 5122 296 5177 tortasse
310 5134 385 5173 verre
399 5116 504 5181 loreut,
519 5110 635 5167 liberari
660 5109 695 5164 ab
715 5124 812 5163 errore
866 5108 946 5159 ctum
961 5102 1038 5158 euim
1053 5097 1220 5172 quaerimus,
1234 5098 1284 5152 sed
1298 5101 1395 5152 tamen
1416 5097 1574 5152 hominem.
1599 5096 1632 5149 Et
1645 5094 1716 5162 Try-

72 5211 156 5267 eeet?
172 5227 237 5282 quae
251 5207 377 5263 maxima
391 5209 433 5261 est
447 5204 531 5274 culpa
545 5198 692 5272 sapientis.
707 5197 813 5263 Quam·
870 5192 964 5265 getius
979 5207 985 5246 :
1001 5190 1064 5246 Non
1075 5186 1164 5259 igitur
1173 5189 1268 5256 potest
1281 5186 1448 5241 beatuscsse
1461 5186 1559 5240 homo.
1570 5179 1717 5247 Quomodo

77 5300 100 5355 si
115 5303 144 5355 et
167 5298 326 5370 sapientem
346 5292 504 5351 necessario
526 5290 642 5346 beatum
666 5303 726 5341 esse
751 5301 815 5341 cre·
869 5281 958 5349 enim,
971 5294 1036 5335 cum
1051 5277 1079 5335 id
1092 5275 1171 5348 quod
1195 5291 1370 5347 magnopere
1394 5271 1578 5345 concupiscit,
1607 5269 1718 5339 assequi

72 5405 90 5444 n
106 5391 159 5456 est,
177 5390 205 5442 et
222 5385 350 5441 veritatis
364 5385 424 5439 sola
437 5378 585 5454 inquisitio
596 5376 754 5449 perlectum
768 5390 814 5429 sa·
902 5427 911 5461 ι
927 5426 958 5475 ln
972 5424 1001 5473 B·
1013 5436 1020 5471 :
1033 5420 1065 5472 a
1076 5433 1139 5472 cum
1154 5417 1297 5472 mama:
1317 5416 1393 5478 Quld.
1409 5429 1456 5481 W
1468 5415 1510 5464 Er·
1522 5413 1587 5470 ven,
1605 5412 1677 5469 m,
1693 5412 1719 5462 et

870 5500 931 5540 cum
947 5483 1125 5537 discessisset:
1139 5482 1221 5544 ouod.
1236 5482 1273 5532 lt.

88 5565 163 5628 llss,
177 5562 294 5618 mutere
309 5586 342 5601 -
352 5559 395 5612 Sle
407 5559 486 5612 ettam
497 5556 540 5608 Er.
552 5558 579 5609 et
594 5555 660 5609 Ven.
672 5555 707 5606 lt.
902 5551 914 5584 ¹
930 5549 970 5599 lta
983 5546 1044 5598 ltss.
1059 5546 1093 5598 nt
1105 5545 1133 5596 lu
1151 5545 1255 5596 excusis
1271 5542 1377 5608 legitur,
1394 5536 1569 5602 nlstelleujres
1582 5536 1722 5603 ponderis.
