3884 6112
96 261 144 313 971

94 381 205 453 opinor,
222 376 300 449 quod
312 376 383 431 mihi
398 392 447 432 vos
457 376 629 446 respondere
643 389 756 428 necesse
769 371 815 428 sit.
828 371 941 427 Dictum

96 468 172 523 enim
188 468 249 519 erat
263 481 279 518 a
291 469 391 530 matre,
413 463 485 517 nihil
510 462 663 516 aliudesse
686 460 831 515 miseriam
855 475 942 530 quam

96 559 261 627 egestatem,
277 552 462 621 convenitque
483 551 636 615 internos,
657 564 756 603 omnes
776 548 825 618 qui
840 551 944 618 egeant

96 644 215 717 miseros
231 657 298 695 essa.
311 639 365 693 Sed
381 643 476 691 utrum
498 653 597 690 omnes
614 637 701 691 etiarn
715 636 812 691 miseri
829 639 942 707 egeant,

97 727 237 785 nonnulla
252 726 372 797 quaestio
388 729 440 792 est,
454 740 540 794 quam
561 725 693 778 hesterno
715 724 760 779 die
775 739 835 778 non
848 723 943 794 potui·

97 835 161 873 mus
176 816 325 884 explicare.
344 814 400 866 lloc
415 819 511 866 autem
525 812 564 866 ita
579 828 609 865 se
630 812 745 879 babere,
763 812 787 865 si
807 812 878 866 ratio
894 810 943 865 de·

97 900 304 966 monstraverit,
334 899 537 970 perfectissime
570 899 718 954 inventum
746 903 788 953 est
819 897 870 970 qni
907 897 945 951 sit

96 994 214 1047 beatus:
230 989 283 1042 erit
296 988 373 1041 enim
387 988 435 1042 ille
450 988 500 1058 qui
513 1003 572 1041 nou
588 992 661 1058 eget.
678 987 777 1043 Omnis
793 987 870 1041 anim
884 1001 943 1040 non

95 1079 191 1144 misor,
207 1077 307 1130 beatus
320 1080 372 1128 cst.
391 1076 492 1130 Beatus
511 1079 553 1130 est
567 1091 635 1147 ergo
650 1075 699 1146 qui
715 1079 838 1146 egestate
855 1079 942 1141 caret,

97 1168 119 1221 si
135 1181 222 1237 quam
234 1163 357 1218 dicimus
373 1168 539 1235 egestatem,
564 1164 694 1218 camdem
714 1162 861 1217 miseriam
883 1178 943 1216 esse

96 1253 264 1310 constiterit.

130 1344 176 1396 tl.
192 1340 265 1405 Quid
281 1338 368 1403 enim,
385 1339 423 1393 ait
436 1338 604 1409 Trygetius‘?
615 1355 673 1393 non
686 1342 781 1410 potest
792 1355 825 1393 cx
838 1354 871 1392 eo
883 1338 943 1409 jam

95 1429 205 1496 confici,
220 1444 336 1483 omnem
351 1443 407 1481 non
423 1431 554 1497 egentem
572 1428 688 1482 beatum
698 1444 769 1493 esse,
786 1443 843 1498 quo
854 1425 945 1480 mani-

95 1519 200 1572 festum
214 1520 258 1570 est
279 1530 394 1569 omnem
424 1513 474 1584 qui
503 1519 586 1584 egeat
612 1530 671 1568 esse
693 1514 850 1568 miserum?
872 1515 943 1568 Nam

96 1605 265 1660 concessisse
279 1619 329 1656 nos
343 1601 472 1664 memini,
489 1601 562 1656 nihil
583 1618 644 1656 esse
658 1603 785 1656 medium
800 1601 874 1655 inter
889 1600 943 1654 mi-

96 1709 191 1747 serum
205 1695 232 1746 et
246 1692 372 1746 beatum.
384 1688 547 1760 Aliquidne,
565 1689 695 1760 inquam,
711 1690 944 1744 intermortuam

96 1786 125 1836 et
150 1780 244 1834 vivum
267 1778 319 1833 tibi
341 1777 469 1832 medium
489 1778 600 1832 videtur
625 1780 708 1832 csse‘l
731 1794 828 1832 nonne
852 1776 972 1831 omnis·

94 1870 180 1925 homo
196 1872 245 1922 aut
259 1867 338 1922 vivus
352 1870 401 1921 aut
417 1870 546 1920 mortuus
557 1867 617 1921 est?
634 1867 744 1933 Fateor,
764 1866 871 1938 inquit,
891 1881 942 1920 ne-

95 1974 151 2029 que
173 1956 220 2011 hic
246 1970 306 2009 esse
328 1954 436 2026 aliquid
460 1954 589 2009 medium
602 1971 608 2008 :
623 1953 673 2008 sed
688 1970 825 2025 quorsum
846 1953 945 2009 istud?

94 2045 176 2112 Quia,
192 2045 322 2115 inquam,
336 2043 422 2097 etiam
433 2042 508 2097 istud
519 2046 546 2097 te
561 2042 643 2097 fateri
655 2043 750 2105 credo,
765 2058 880 2097 omnem
894 2041 944 2113 qui

94 2138 159 2189 ante
172 2133 416 2202 aunumsepultus
426 2134 478 2196 est,
492 2147 551 2185 esse
563 2135 717 2185 mortuum.
735 2131 798 2185 Non
809 2131 942 2202 negabat.

95 2220 188 2286 Quid?
203 2220 295 2274 omnis
310 2219 359 2290 qui
375 2223 440 2272 ante
454 2235 562 2273 aunum
577 2220 703 2290 sepultus
720 2225 841 2287 nonest,
856 2218 943 2273 vivit?

96 2311 169 2375 Non,
186 2307 235 2373 ait,
252 2307 390 2377 sequitur.
408 2308 491 2377 Ergo,
507 2307 634 2378 inquam,
652 2323 711 2362 non
731 2308 859 2379 sequitur
874 2311 905 2361 ut
919 2308 943 2363 si

97 2395 191 2452 omnis
205 2396 255 2467 qni
281 2399 345 2465 eget
369 2395 456 2449 miser
479 2399 530 2462 est,
557 2396 651 2450 omnis
675 2396 725 2467 qui
750 2413 809 2451 non
828 2401 893 2467 eget
907 2397 944 2451 sit

96 2485 205 2550 beatus,
230 2481 360 2555 quamvis
381 2482 607 2537 intermiseram
621 2488 650 2538 et
673 2483 800 2550 beatum,
823 2487 855 2538 ut
869 2483 944 2539 inter

95 2571 191 2626 virum
206 2575 234 2625 et
247 2574 404 2636 mortuum,
419 2570 545 2624 medium
559 2571 631 2625 nihil
646 2571 768 2626 inveniri
783 2577 878 2644 queat.

130 2665 174 2715 25.
192 2660 272 2724 Quod
283 2675 349 2713 cum
360 2658 448 2728 ntiqui
462 2674 563 2713 corum
576 2660 662 2731 paulo
674 2660 783 2714 tardius
793 2660 943 2715 intellexis-

95 2754 167 2816 sent,
185 2765 230 2803 me
254 2747 282 2801 id
306 2747 410 2818 quibus
435 2747 517 2818 potui
539 2747 633 2801 verbis
653 2748 688 2802 ad
708 2764 807 2802 eorum
828 2764 942 2804 sensum

95 2834 313 2893 accommodatis
337 2834 483 2906 aperiente
510 2838 594 2906 atque
616 2840 764 2892 versante:
789 2837 873 2907 Ergo,
897 2837 942 2892 in·

95 2941 182 2997 quam
196 2924 334 2979 miserum
343 2940 403 2978 esse
417 2939 534 2978 omnem
544 2922 594 2994 qui
608 2929 700 2995 egent,
714 2925 825 2980 dubitat
838 2941 940 2981 nemo:

93 3030 146 3068 nec
163 3030 214 3068 nos
226 3016 334 3067 terrent
354 3011 485 3081 quadam
504 3011 677 3082 sapientium
691 3013 804 3084 corpori
817 3030 943 3069 necessa·

94 3102 146 3156 ria.
165 3102 228 3155 Non
240 3100 317 3154 enim
329 3099 370 3153 eis
385 3103 449 3170 eget
462 3099 523 3169 ipse
537 3099 661 3166 animus,
677 3100 706 3155 in
721 3118 778 3171 quo
791 3103 885 3172 posita
900 3107 942 3157 cst

94 3189 152 3243 vita
165 3188 257 3242 beata.
270 3189 333 3257 lpse
348 3188 424 3241 enim
433 3188 574 3258 perfectus
586 3192 642 3255 est;
654 3188 751 3244 nullus
763 3194 858 3244 autem
874 3206 940 3261 per·

94 3276 183 3331 fectus
198 3275 293 3346 aliquo
308 3280 390 3346 eget:
405 3280 433 3329 et
446 3276 524 3346 quod
544 3275 658 3331 videtur
678 3278 791 3347 corpori
809 3294 939 3332 necessa·

95 3364 171 3419 rium
192 3366 294 3428 sumet,
310 3362 333 3416 si
354 3361 490 3430 adiuerit3
515 3363 616 3418 sinon
637 3364 770 3434 adiuerit,
795 3381 852 3420 non
874 3382 940 3421 eum

94 3451 213 3507 istarum
225 3467 323 3506 rerum
336 3450 446 3521 franget
462 3450 566 3522 inopia.
580 3452 679 3507 Omnis
692 3469 815 3523 namque
825 3454 938 3525 sapiens

94 3541 174 3596 tortis
198 3543 254 3608 est,
278 3540 373 3594 nullus
395 3543 491 3594 autem
514 3539 595 3594 fortis
615 3541 723 3612 aliquid
742 3541 853 3596 metuit.
877 3543 941 3597 Non

94 3630 182 3700 igitur
196 3628 298 3684 metuit
314 3627 427 3699 sapiens
439 3633 488 3682 aut
503 3632 626 3683 mortem
641 3630 778 3701 corporis,
794 3636 844 3685 ant
859 3630 939 3684 dolo-

93 3734 148 3780 res,
163 3717 266 3787 quibus
279 3715 418 3785 pellendis
430 3716 474 3769 vel
494 3715 616 3770 vitandis
633 3717 677 3770 vel
694 3716 857 3771 differendis
874 3721 941 3772 sunt

94 3804 252 3859 necessaria
267 3804 324 3869 illa,
341 3819 466 3872 quorum
486 3803 512 3856 ei
532 3806 626 3874 potest
647 3805 811 3874 contingere
830 3805 938 3876 inopia.

94 3892 149 3946 Sed
158 3895 253 3944 minen
264 3906 322 3943 non
334 3889 436 3944 desiuit
444 3890 484 3943 eis
493 3889 566 3944 bene
577 3891 629 3957 uti,
643 3891 667 3944 si
681 3891 743 3961 ipsa
754 3909 813 3947 non
825 3892 938 3948 desunt.

94 3979 245 4034 verissima
259 3982 301 4033 est
314 3977 391 4031 enim
405 3977 454 4031 illa
464 3976 619 4032 sententia:

155 4076 221 4123 Noui
235 4077 263 4123 tu
275 4071 346 4136 quod
361 4071 441 4121 vitare
456 4072 540 4134 possis
557 4073 667 4122 stultum
680 4072 816 4124 admittere
829 4078 876 4125 est.

359 4152 473 4215 (rerem.
487 4154 516 4202 to
528 4153 665 4210 Eunucho,
681 4155 733 4204 cet.
747 4153 772 4214 4,
787 4167 854 4206 scara
870 4155 907 4218 6.)

92 4252 198 4309 Vitabit
210 4266 279 4322 ergo
294 4253 416 4305 mortem
435 4264 467 4304 ac
481 4248 619 4320 dolorem,
638 4255 778 4322 qnantum
799 4256 894 4324 potest
910 4258 939 4309 ot

92 4346 232 4414 quantum
250 4341 343 4406 decet;
366 4355 404 4394 ne
427 4338 452 4392 si
470 4337 588 4393 minime
607 4338 745 4406 vitaverit,
770 4355 828 4394 non
851 4356 883 4396 ex
905 4358 938 4397 eo

93 4432 180 4485 miser
200 4429 237 4483 sit
259 4428 327 4500 quia
349 4428 410 4482 bec
432 4426 573 4493 accidunt,
598 4428 649 4483 sed
671 4427 739 4500 quia
760 4428 850 4485 vitare
873 4446 939 4486 cum

91 4522 195 4589 posset,
210 4517 318 4572 notuit:
335 4515 602 4588 quodmaniiestum
614 4515 741 4571 stultitias
755 4516 870 4588 signum
885 4525 936 4575 est.

92 4606 152 4660 Erit
169 4622 236 4676 crgo
251 4606 305 4660 ista
318 4621 376 4659 non
399 4605 501 4674 vitans,
517 4620 574 4659 non
589 4619 688 4659 earum
707 4620 804 4660 rerum
820 4623 936 4678 perpes-

90 4693 181 4759 sione,
198 4692 248 4746 sed
264 4692 383 4747 stultitia
400 4693 495 4748 miser.
510 4692 539 4747 Si
554 4697 651 4748 autem
670 4708 728 4746 non
745 4693 866 4749 valuerit
878 4696 937 4751 evi-

90 4788 160 4848 tare,
177 4796 242 4836 cum
257 4779 286 4834 id
299 4779 398 4835 scdulo
412 4798 443 4835 ac
463 4781 595 4836 decenter
612 4780 712 4852 egerit,
728 4797 787 4836 non
802 4798 868 4837 eum
883 4783 937 4839 ista

90 4868 229 4925 irruentia
251 4866 388 4922 miserum
410 4867 526 4925 sacient.
556 4869 667 4923 Etenim
688 4873 716 4924 et
737 4869 787 4925 illa
808 4871 936 4942 ejusdem

90 4956 192 5014 comici
207 4955 347 5010 sententia
361 4971 419 5009 nou
434 4955 530 5010 minus
544 4972 610 5010 vera
621 4959 679 5012 est:

213 5052 344 5111 Quoniam
360 5066 414 5101 non
429 5056 515 5114 potest
526 5053 553 5103 id
565 5053 620 5103 lieri
635 5053 770 5118 quodvis,

166 5135 195 5183 ld
210 5134 275 5185 velis
287 5132 359 5196 quod
373 5136 464 5195 possil.

476 5204 526 5267 (td.
544 5207 574 5254 ie
587 5204 697 5264 Anarta,
711 5207 763 5255 oct.
778 5203 804 5264 2,
819 5215 888 5254 seen.
900 5204 934 5265 l.)

86 5306 234 5373 Quomodo
254 5303 308 5361 erit
327 5293 424 5367 miser,
439 5301 486 5356 cui
504 5301 575 5356 nibil
591 5301 693 5356 accidit
711 5305 816 5372 praeter
834 5301 935 5355 volun·

84 5396 273 5461 tatemttluia
285 5393 363 5466 quod
377 5391 430 5446 sibi
446 5389 521 5445 videt
536 5405 687 5460 nonposse
699 5389 861 5460 provenire,
875 5405 934 5444 non

85 5489 177 5556 petest
190 5486 272 5542 velle.
289 5482 379 5540 Habet
393 5479 470 5536 enim
482 5495 579 5535 rerum
596 5477 821 5535 certissimarum
832 5479 934 5536 volun·

679 249 727 305 DE
746 248 866 304 BEATA
884 246 981 313 vlla,

1002 243 1030 301 S.
1059 241 1252 300 AUGUSTlNl
1810 234 1856 286 9³²

996 374 1096 438 tatem,
1112 368 1142 424 id
1157 372 1209 434 est,
1225 370 1258 422 ut
1272 363 1413 438 quidquid
1427 362 1497 436 agit,
1514 377 1578 417 non
1594 361 1667 431 agat
1679 356 1741 413 nisi
1756 372 1791 412 ex
1804 356 1856 411 rir-

995 458 1066 513 tutis
1077 457 1202 530 quodam
1211 453 1376 527 prescripto
1387 457 1415 508 et
1424 452 1523 507 divina
1535 451 1604 522 lege
1617 446 1786 520 sapientiae,
1798 462 1856 518 qna

997 547 1075 601 nullo
1092 546 1126 600 ab
1141 561 1174 600 eo
1184 549 1267 616 pacto
1283 542 1356 613 eripi
1369 543 1499 612 possunt.

1031 637 1076 689 26.
1091 636 1154 689 lam
1168 649 1244 687 nnuc
1257 631 1361 699 videte,
1372 635 1469 685 utrum
1483 627 1574 684 etiam
1590 623 1694 680 omnis
1708 623 1762 695 qui
1777 622 1859 677 miser

998 728 1051 789 est,
1067 727 1157 794 egeat.
1174 723 1245 775 Nam
1265 719 1333 775 huic
1346 717 1494 774 sententiae
1513 712 1719 770 concedendas
1739 710 1857 767 ditticul·

997 814 1085 865 tatem
1100 809 1149 864 illa
1163 825 1208 863 res
1222 807 1298 871 facit,
1314 806 1390 877 quod
1401 805 1486 860 multi
1497 804 1531 859 in
1544 816 1659 874 magna
1673 799 1858 855 fortuitarum

997 914 1094 953 rerum
1113 898 1195 969 copia
1218 893 1364 950 constituti
1384 897 1460 960 sunt,
1484 891 1596 964 quibus
1610 890 1656 945 ita
1679 887 1783 944 facilia
1800 893 1860 942 sunt

998 986 1103 1052 omnia,
1119 990 1152 1040 ut
1168 984 1203 1040 ad
1215 999 1313 1040 eorum
1323 987 1427 1037 nutum
1440 984 1545 1052 praesto
1562 979 1604 1034 sit
1616 975 1772 1049 quidquid
1783 974 1857 1046 snpi-

998 1074 1071 1129 ditas
1084 1074 1183 1145 poscit.
1201 1071 1324 1127 Difficilis
1336 1070 1452 1143 quidem
1471 1069 1526 1124 ista
1540 1067 1602 1121 rita
1617 1070 1673 1121 est.
1697 1063 1758 1120 Sed
1774 1064 1858 1134 tinga·

998 1179 1061 1218 mus
1085 1162 1211 1234 aliquem
1237 1161 1335 1221 talem,
1367 1158 1481 1230 qualem
1518 1156 1635 1212 Tullius
1670 1152 1768 1209 tuisse
1798 1151 1859 1206 dicit

998 1252 1123 1308 Oratam.
1152 1249 1220 1315 Quis
1245 1249 1323 1304 enim
1348 1247 1429 1303 facile
1455 1246 1531 1301 dicat
1558 1244 1687 1300 Oratam
1707 1243 1718 1273 ¹
1741 1244 1858 1312 egestate

997 1340 1151 1405 laborasse,
1166 1338 1314 1393 hominem
1328 1334 1511 1401 ditissimum,
1522 1331 1781 1396 amoenissimum,
1798 1328 1859 1383 deti·

998 1427 1198 1493 ciosissimum,
1224 1426 1271 1479 cui
1297 1440 1391 1496 neque
1416 1423 1453 1477 ad
1484 1422 1673 1492 voluptatem
1704 1418 1858 1491 quidquam

997 1514 1097 1582 deluit,
1115 1514 1254 1586 nequead
1267 1513 1399 1584 gratiam,
1414 1509 1558 1582 nequead
1573 1508 1693 1563 bonam
1708 1506 1859 1578 integrans

998 1620 1054 1676 que
1068 1602 1280 1658 valetudinem?
1295 1602 1366 1655 Nam
1380 1603 1408 1654 et
1421 1597 1538 1671 praediis
1552 1594 1822 1668 quaestuosissimis
1835 1597 1859 1647 et

998 1690 1097 1746 amicis
1115 1687 1340 1763 jucundissimis,
1363 1691 1503 1759 quantum
1517 1684 1618 1753 libuit,
1634 1681 1858 1748 abundarunt

998 1779 1055 1835 illis
1069 1778 1203 1834 omnibus
1217 1777 1363 1849 aptissime
1376 1774 1411 1830 ad
1432 1775 1553 1828 salutem
1569 1770 1712 1843 corporis
1727 1787 1796 1825 usus
1809 1775 1857 1835 est,

998 1869 1117 1939 ejusque
1130 1867 1173 1936 (nt
1184 1865 1310 1921 breviter
1319 1868 1412 1919 totum
1423 1861 1576 1933 explicem)
1588 1876 1684 1916 omne
1696 1858 1856 1915 institutum

997 1958 1229 2027 voluntatemque
1248 1969 1363 2009 omnem
1383 1951 1520 2006 successio
1539 1965 1690 2022 prospera
1714 1950 1856 2003 consecuta

998 2049 1049 2101 est.
1066 2044 1122 2100 Sed
1133 2045 1252 2099 tortasse
1270 2041 1385 2114 inquiet
1403 2039 1507 2110 aliquis
1524 2043 1675 2105 vestrum,
1699 2037 1766 2110 plns
1782 2036 1853 2091 illan

998 2149 1085 2205 quam
1099 2133 1233 2200 babebat,
1248 2131 1353 2186 habere
1369 2129 1502 2185 voluisse.
1521 2129 1582 2182 lloc
1599 2126 1790 2198 ignoramus.
1807 2122 1853 2179 Sed

998 2222 1075 2294 quod
1089 2222 1156 2277 satis
1171 2225 1213 2276 est
1232 2219 1393 2291 quaestioni,
1417 2216 1556 2272 faciamus
1575 2231 1649 2270 eum
1667 2231 1733 2269 non
1751 2212 1850 2269 deside·

997 2327 1074 2366 rasse
1088 2309 1306 2381 ampliusquam
1318 2307 1442 2363 tenebat.
1453 2306 1610 2360 videturne
1626 2303 1716 2359 vobis
1732 2302 1852 2374 eguisset

999 2396 1115 2454 Etiamsi
1129 2398 1292 2461 concedam,
1311 2395 1406 2468 inquit
1421 2393 1576 2461 Licentiae,
1600 2392 1682 2447 nihil
1704 2407 1774 2447 eum
1787 2389 1850 2446 desi·

998 2486 1119 2552 derassa,
1135 2486 1211 2558 quod
1234 2485 1265 2539 in
1288 2484 1406 2540 homine
1429 2499 1487 2538 non
1506 2481 1641 2553 sapiente
1668 2481 1769 2536 nescio
1790 2495 1851 2550 quo

997 2575 1084 2630 modo
1099 2574 1251 2646 accipiam;
1270 2574 1416 2628 metuebat
1438 2575 1546 2638 tamen,
1570 2574 1638 2624 erat
1658 2570 1742 2624 enim
1764 2567 1812 2634 vir,
1824 2570 1851 2622 ut

998 2662 1111 2730 dicitur,
1125 2663 1235 2734 ingenii
1253 2678 1311 2717 non
1330 2661 1407 2729 mali,
1423 2675 1459 2715 ne
1478 2660 1527 2714 illa
1543 2657 1648 2714 omnia
1672 2657 1731 2712 sibi
1745 2656 1789 2712 vel
1803 2671 1850 2710 ano

998 2753 1116 2808 adverso
1131 2752 1242 2823 impetu
1258 2755 1437 2823 raperentur.
1454 2750 1518 2803 Non
1537 2748 1620 2803 enim
1638 2762 1787 2818 magnum
1799 2748 1851 2800 erat

996 2841 1166 2913 intelligere,
1187 2841 1254 2895 tatia
1273 2843 1386 2905 cuncta,
1411 2841 1651 2910 quantacumque
1671 2838 1850 2901 assentasse

997 2930 1049 2984 sub
1072 2929 1182 2984 casibus
1207 2929 1367 2984 constituta.
1394 2928 1466 2981 Tum
1490 2941 1543 2997 ego
1570 2924 1735 2980 arridens:
1765 2923 1849 2987 Vides,

996 3017 1126 3089 inquam,
1142 3017 1259 3085 Licenti,
1279 3014 1535 3072 fortunatissimum
1553 3012 1647 3068 istum
1673 3013 1850 3069 bominema

995 3106 1077 3161 beata
1092 3107 1149 3162 vita
1160 3105 1268 3178 ingenii
1282 3104 1408 3161 bonitate
1422 3103 1603 3175 impeditum.
1621 3103 1689 3167 Quo
1704 3102 1786 3157 enirn
1799 3105 1852 3156 erat

996 3194 1161 3254 sceltonae
1181 3194 1294 3249 videbat
1308 3193 1357 3247 illa
1373 3191 1470 3247 omnia
1484 3207 1513 3247 se
1528 3206 1613 3263 posse
1627 3191 1783 3259 amittere:
1801 3205 1850 3262 qno

995 3287 1073 3336 metu
1092 3282 1284 3354 frangebatur,
1301 3280 1429 3352 illudque
1448 3280 1566 3350 vulgare
1588 3279 1663 3333 satis
1691 3280 1848 3335 asserebat:

995 3370 1115 3425 latidum
1130 3369 1276 3424 bominem
1293 3369 1368 3424 malo
1379 3383 1431 3423 suo
1446 3383 1508 3422 esse
1522 3367 1691 3423 cordatum.

1029 3462 1064 3513 27
1087 3458 1137 3512 llic
1156 3473 1221 3512 cnm
1236 3461 1265 3512 ct
1278 3457 1326 3512 ille
1349 3460 1377 3512 et
1390 3455 1485 3511 caeteri
1509 3455 1698 3515 arrisissent:
1728 3457 1801 3513 lllnd
1813 3462 1849 3512 ta·

995 3559 1072 3611 men,
1083 3543 1212 3615 inquam,
1230 3542 1394 3614 diligentius
1408 3542 1599 3609 attendamus,
1618 3543 1673 3615 qni
1690 3544 1749 3599 etsi
1764 3544 1851 3600 timuit

994 3631 1057 3697 iste,
1073 3648 1131 3687 non
1146 3632 1242 3702 eguit:
1265 3631 1339 3686 unde
1358 3631 1477 3702 quaestio
1497 3637 1549 3685 est.
1566 3632 1662 3702 Egere
1675 3637 1722 3688 est
1736 3634 1813 3688 enim
1825 3634 1851 3687 in

995 3736 1055 3775 non
1069 3720 1210 3788 babendo,
1225 3737 1285 3774 non
1299 3720 1329 3774 in
1346 3721 1447 3774 timore
1466 3718 1621 3774 amittendi
1648 3737 1718 3792 quae
1741 3721 1848 3777 habeas

996 3810 1060 3864 Erat
1088 3815 1181 3863 autem
1209 3808 1261 3862 iste
1293 3808 1388 3872 miser,
1422 3808 1490 3881 quia
1519 3809 1685 3880 metuebat,
1726 3810 1849 3883 quamvis

994 3912 1054 3951 non
1068 3902 1173 3968 egeret.
1202 3898 1265 3951 Non
1283 3895 1373 3968 igitur
1395 3895 1488 3951 omnis
1511 3895 1562 3966 qui
1584 3897 1681 3952 miser
1701 3904 1759 3966 est,
1783 3904 1848 3969 eget

994 3985 1074 4049 Quod
1103 4001 1168 4039 cum
1196 3984 1410 4056 approbavisset
1437 3999 1503 4039 cum
1530 3984 1645 4039 caeteris
1675 3987 1769 4042 etiam
1795 3989 1849 4058 ipss

994 4073 1075 4144 cujum
1096 4074 1268 4129 sententiam
1287 4072 1482 4139 deiendebam,
1508 4072 1734 4144 aliquantulum
1758 4081 1848 4131 tamen

994 4160 1184 4217 addubitans:
1220 4161 1332 4230 Nescio,
1367 4161 1471 4233 inquit,
1513 4165 1623 4230 tamen,
1659 4169 1690 4219 et
1723 4166 1848 4221 nondun

993 4250 1077 4321 plene
1092 4249 1222 4320 intelligo
1241 4248 1386 4320 quomodo
1407 4250 1442 4304 ab
1461 4254 1587 4320 egestate
1611 4253 1706 4323 possit
1727 4254 1847 4321 miseria,

993 4342 1042 4394 aut
1069 4342 1179 4410 egestas
1204 4354 1221 4391 a
1247 4337 1365 4392 miseria
1393 4337 1528 4413 separari.
1560 4339 1636 4394 Nam
1665 4345 1695 4396 et
1725 4342 1782 4397 iste
1804 4342 1848 4415 qui

992 4426 1069 4481 dives
1084 4431 1112 4481 et
1125 4426 1251 4497 locuples
1266 4430 1336 4493 erat,
1352 4431 1380 4481 at
1395 4426 1477 4493 nibil,
1492 4430 1524 4481 ut
1538 4426 1645 4495 dicitis,
1661 4431 1793 4502 amplius
1804 4431 1849 4487 de·

992 4515 1151 4582 siderabat3
1163 4518 1259 4569 tamen
1272 4515 1340 4586 qnia
1355 4514 1509 4586 metuebat,
1528 4530 1564 4569 ne
1581 4516 1739 4574 amitteret
1753 4518 1850 4592 egebat

992 4603 1141 4675 sapientia.
1159 4604 1269 4673 Ergone
1285 4603 1362 4658 hunc
1376 4607 1507 4675 egentem
1520 4602 1697 4674 diceremus,
1716 4609 1743 4664 si
1757 4611 1851 4682 egeret

992 4697 1111 4764 argento
1126 4695 1155 4747 et
1169 4691 1311 4762 pecunia:
1329 4708 1395 4748 cum
1415 4696 1511 4763 egeret
1526 4693 1683 4764 sapientia,
1700 4712 1764 4753 non
1779 4698 1850 4754 dice·

992 4781 1108 4837 remus?
1132 4780 1185 4836 Ubi
1199 4796 1264 4836 cum
1286 4797 1386 4836 omnes
1409 4781 1539 4836 mirando
1559 4783 1789 4856 exclamassent,
1808 4802 1850 4842 ma

990 4872 1052 4943 ipso
1067 4871 1153 4924 etiam
1168 4886 1226 4925 uon
1239 4870 1419 4926 mediocriter
1428 4871 1513 4926 alacri
1528 4874 1616 4943 atque
1631 4873 1715 4944 laeto,
1730 4876 1850 4949 qnodab

991 4976 1025 5016 ea
1038 4959 1218 5032 potissimum
1233 4958 1341 5015 dictum
1352 4965 1433 5015 'esset
1448 4960 1524 5031 quod
1539 4977 1593 5033 pro
1607 4979 1722 5036 magno
1738 4967 1774 5021 da
1790 4965 1849 5039 pui-

990 5049 1175 5119 losopborum
1184 5047 1274 5114 libris,
1287 5053 1371 5119 atque
1379 5049 1655 5118 ultimumproterre
1660 5068 1847 5125 paraveram:

990 5138 1144 5206 Videtisne,
1162 5136 1292 5208 inquam,
1313 5137 1390 5192 aliud
1410 5154 1469 5192 esse
1486 5138 1594 5193 milltes
1613 5142 1774 5216 variasque
1798 5146 1846 5200 do·

989 5225 1103 5292 ctrinas,
1119 5225 1197 5280 aliud
1212 5225 1341 5280 animum
1356 5225 1579 5283 attentissimum
1594 5227 1628 5284 in
1646 5231 1766 5288 Deum?
1782 5235 1847 5288 Nam

989 5315 1065 5372 uude
1088 5314 1142 5369 ista
1165 5330 1230 5387 quae
1253 5314 1402 5386 miramur,
1426 5315 1481 5371 nisi
1502 5314 1570 5372 inde
1593 5321 1785 5389 procedunt?
1803 5322 1848 5378 llic

1021 5486 1030 5520 ¹
1041 5484 1102 5535 btss.
1117 5487 1176 5535 octo
1186 5498 1246 5535 cum
1257 5484 1321 5536 aad.
1330 5490 1356 5538 et
1366 5485 1424 5539 Am.
1438 5488 1591 5539 constanter
1599 5487 1717 5558 habent,
1730 5495 1846 5548 Mam.
