3884 6112
506 247 925 427 sssluaenu
964 321 1383 429 lueusruui

717 495 974 548 lllPPONENSIS
992 496 1170 547 EPISGOPI

118 631 269 792 DE
320 627 1308 791 IMMORTALITATE
1359 632 1764 792 ANIMAE

693 859 911 947 LIBER
948 858 1205 947 UNUSll‘).

97 1019 220 1072 Continet
234 1016 276 1067 hic
291 1016 358 1069 liber
371 1016 521 1083 congeriem
534 1016 667 1069 rationum
679 1031 727 1084 pro
739 1017 836 1070 animm
857 1018 1063 1079 immortalitate,
1078 1031 1183 1070 necnon
1201 1019 1433 1070 intercurrentium
1451 1018 1636 1069 difficultatum
1651 1016 1819 1067 solutionem.

65 1244 182 1300 CAPUT
197 1241 344 1297 PRlltUlt.
355 1270 390 1281 —
401 1242 496 1296 Primo
518 1245 599 1309 ratio,
619 1243 693 1312 quod
711 1245 853 1299 animarit
866 1244 917 1296 im·
1009 1241 1121 1297 CAPUT
1135 1241 1171 1297 ΙΙ.
1183 1270 1217 1281 -
1231 1242 1300 1296 Alia
1312 1243 1393 1307 ratio,
1405 1243 1471 1310 quia
1485 1241 1635 1310 subjectum
1648 1243 1688 1294 est
1705 1237 1822 1292 rationis

102 1329 668 1400 mortalis,quiasubjectumestdiscipltuae
677 1347 737 1400 que
750 1346 853 1400 semper
867 1333 917 1384 est.
1267 1346 1326 1399 quer
1337 1346 1390 1384 non
1400 1333 1534 1382 iactatur.

106 1423 130 1473 l.
146 1419 175 1473 si
186 1416 291 1472 alicubi
306 1422 349 1471 est
360 1416 523 1489 disciplina,
538 1434 591 1473 nec
607 1433 667 1472 esse
683 1418 739 1472 nisi
751 1418 781 1472 iu
794 1434 828 1472 eo
841 1416 919 1489 quod
1008 1420 1034 1472 2.
1050 1418 1130 1472 Ratio
1150 1418 1278 1489 proiecto
1299 1422 1349 1471 aut
1369 1417 1483 1470 animus
1507 1417 1559 1473 est,
1578 1417 1630 1466 aut
1657 1413 1687 1466 in
1711 1409 1820 1464 animo.

66 1505 139 1561 vivit
153 1509 256 1577 potest,
270 1508 298 1559 et
317 1521 430 1577 semper
456 1511 509 1576 est,
534 1523 627 1578 neque
646 1507 803 1579 quidquam
817 1506 847 1561 in
862 1520 919 1576 quo
975 1505 1073 1561 ltelior
1086 1512 1180 1561 autem
1197 1505 1269 1560 ratio
1284 1510 1393 1570 nostra,
1409 1518 1497 1575 quam
1513 1517 1616 1572 corpus
1631 1503 1778 1553 nostrum:
1793 1499 1823 1550 et

66 1593 139 1666 quid
154 1609 267 1664 semper
282 1597 324 1647 est
342 1598 508 1664 potestesse
526 1610 582 1649 non
598 1611 712 1667 semper
726 1611 733 1662 ;
750 1610 864 1665 semper
878 1593 921 1647 vi·
974 1612 1078 1667 corpus
1091 1600 1220 1650 nostrum
1236 1594 1374 1649 nonnulla
1388 1590 1547 1646 substantia
1562 1593 1613 1653 est,
1629 1592 1657 1642 et
1667 1585 1769 1640 melius
1780 1586 1824 1638 est

66 1681 225 1752 vitiaque
240 1681 457 1752 estdisciplina,
474 1681 504 1737 si
525 1698 576 1737 nos
591 1699 690 1738 sumus
705 1684 755 1754 qui
773 1681 921 1736 ratiocina·
975 1700 1036 1739 asse
1051 1685 1249 1748 substantiam,
1269 1697 1356 1753 quam
1385 1681 1474 1735 nihil:
1504 1694 1562 1732 nou
1584 1681 1626 1730 est
1645 1675 1735 1746 igitur
1751 1671 1823 1726 rutio

68 1784 147 1839 mur,
179 1768 209 1822 id
238 1773 280 1823 est
305 1768 418 1823 animus
442 1774 550 1839 noster,
584 1786 637 1826 nec
666 1769 831 1826 ratiocinari
859 1768 921 1824 sine
972 1765 1057 1829 nibil.
1072 1775 1208 1838 Rursum,
1232 1784 1420 1843 quaecumque
1441 1764 1593 1823 harmonia
1618 1759 1746 1833 corporis
1770 1761 1824 1818 est,

70 1855 221 1927 disciplina
239 1859 341 1926 potest,
357 1872 409 1910 nec
424 1857 486 1912 siue
501 1858 719 1930 disciplinaesse
732 1858 855 1922 animus,
867 1853 923 1910 nisi
976 1860 1005 1914 in
1020 1861 1145 1931 subjecto
1158 1858 1319 1930 corporesit
1331 1872 1445 1913 necesse
1460 1860 1489 1910 et
1513 1849 1755 1923 inseparabiliter,
1770 1860 1824 1899 neo

69 1943 104 1999 in
118 1960 174 2016 quo
186 1943 339 2014 disciplina
353 1959 411 1999 non
427 1950 479 2010 cst,
497 1952 605 2017 potest;
620 1952 662 2002 est
676 1947 706 2001 in
721 1945 846 2001 hominis
859 1943 921 1999 ani·
976 1948 1054 2003 aliud
1070 1948 1226 2019 quidquam
1240 1947 1271 2000 in
1285 1947 1334 2001 illa
1347 1943 1499 2000 harmonia
1513 1957 1574 1996 esse
1588 1939 1731 2002 credatur,
1747 1931 1825 2006 quod

72 2125 103 2175 et
116 2119 256 2191 quidquid
270 2123 311 2174 est
326 2136 468 2192 nusquam
483 2137 544 2177 esse
559 2139 618 2178 non
634 2128 737 2194 potest.
756 2123 827 2177 Imm
841 2119 925 2176 disci·
977 2139 1035 2193 quo
1049 2124 1148 2195 etipsa
1162 2121 1314 2178 harmonia
1327 2137 1384 2177 nou
1400 2120 1495 2174 minus
1505 2114 1746 2188 inseparabiliter.
1765 2111 1825 2165 Mu·

71 2208 153 2280 plina
176 2224 234 2264 non
255 2213 349 2280 potest
371 2225 442 2277 esse,
467 2210 522 2265 nisi
545 2211 575 2265 in
598 2227 632 2266 eo
652 2211 729 2282 quod
752 2209 830 2264 vivit.
847 2207 924 2262 Nihil
977 2212 1330 2281 tabileeatautemcorpus
1343 2211 1515 2274 humanum,
1531 2211 1559 2261 et
1573 2199 1763 2261 immutabilis
1777 2212 1824 2250 ra·

73 2297 153 2352 euim
169 2297 243 2368 quod
258 2312 319 2351 non
333 2297 412 2365 vivit,
428 2298 539 2370 aliquid
553 2300 653 2367 discit;
675 2316 728 2355 nec
754 2314 815 2353 csse
836 2297 868 2351 in
888 2311 922 2350 eo
977 2299 1027 2354 tio.
1042 2299 1400 2355 llutabileeatenimomne
1408 2296 1484 2368 quod
1499 2309 1614 2364 semper
1624 2291 1726 2346 eodem
1739 2284 1825 2340 modo

73 2385 152 2456 quod
175 2384 245 2438 nibil
260 2384 352 2450 discit,
369 2384 519 2456 disciplina
542 2392 636 2459 potest
653 2388 701 2459 (b).
723 2389 794 2442 ltem
809 2402 923 2457 semper
977 2404 1035 2443 non
1050 2393 1101 2443 est.
1119 2390 1152 2443 Et
1164 2402 1277 2458 semper
1290 2386 1391 2440 eodem
1406 2384 1493 2439 modo
1508 2388 1559 2437 est.
1573 2383 1634 2437 [tuo
1647 2383 1677 2433 et
1690 2380 1825 2448 quatuor,

71 2479 116 2529 est
137 2472 294 2544 disciplina.
318 2473 391 2528 Nam
405 2476 482 2545 quod
497 2480 541 2530 est
563 2481 649 2547 atque
673 2476 854 2531 immutabile
868 2479 920 2542 ost,
977 2493 1026 2531 sex
1041 2477 1062 2531 ¹.
1085 2477 1155 2531 laem
1168 2490 1283 2546 semper
1297 2474 1398 2529 eodem
1413 2473 1498 2528 modo
1513 2476 1556 2527 est
1577 2469 1653 2541 quod
1673 2471 1726 2534 est,
1751 2464 1828 2537 quod

70 2577 185 2632 semper
199 2561 236 2615 sit
248 2575 362 2616 necesse
377 2566 428 2616 est.
445 2564 509 2617 Esse
519 2569 615 2619 autem
630 2564 820 2636 disciplinam,
838 2579 921 2618 namo
977 2568 1101 2637 quatuor
1115 2565 1222 2620 habent
1236 2564 1292 2618 duo
1308 2563 1420 2629 etduo;
1436 2562 1491 2616 hoc
1517 2564 1615 2614 autem
1634 2572 1693 2612 non
1721 2556 1829 2611 habent

71 2654 168 2722 negat.
185 2651 218 2704 Et
236 2649 365 2722 quisquis
390 2651 495 2706 fatetur
516 2652 580 2707 fieri
601 2669 659 2708 non
683 2669 776 2724 posse,
787 2654 824 2707 'ut
838 2652 924 2708 ducta
977 2654 1051 2710 duo:
1068 2654 1125 2709 duo
1140 2653 1229 2725 igitur
1244 2656 1369 2723 quatuor
1382 2666 1442 2704 non
1457 2653 1532 2703 sunt.
1555 2648 1706 2701 Estautem
1719 2644 1773 2697 ista
1786 2657 1829 2696 ra·

72 2755 126 2811 per
141 2738 269 2793 medium
284 2737 422 2793 circulum
432 2739 509 2794 linea
522 2741 624 2795 nonsit
635 2742 776 2808 omnium,
787 2757 852 2812 que
864 2756 922 2796 non
978 2745 1018 2799 tio
1032 2741 1237 2797 immutabilis:
1253 2739 1341 2811 igitur
1356 2738 1427 2792 ratio
1444 2742 1495 2791 est.
1520 2735 1604 2790 Nullo
1623 2732 1708 2787 modo
1732 2735 1827 2785 autem

43 2891 56 2911 Ο
71 2841 123 2896 per
139 2825 264 2880 medium
285 2825 429 2881 ducuntur
451 2828 587 2895 maxima,
609 2828 696 2899 idque
719 2845 781 2884 esse
800 2828 922 2899 alicujus
977 2835 1081 2902 potest,
1098 2833 1206 2883 mutato
1221 2828 1359 2898 subjecto,
1370 2826 1398 2880 id
1410 2824 1485 2894 quod
1501 2823 1531 2877 in
1545 2838 1578 2876 eo
1593 2825 1635 2875 est
1648 2817 1827 2888 inseparabi-

71 2911 241 2985 disciptinae
257 2913 468 2970 immutabilem
484 2915 665 2987 disciplinam
676 2932 736 2972 esse
751 2933 809 2970 non
825 2922 921 2987 negat.
977 2919 1042 2973 liter
1055 2932 1114 2973 non
1140 2915 1255 2970 mutari.
1281 2915 1344 2969 Nou
1368 2917 1411 2967 est
1424 2912 1513 2982 igitur
1528 2907 1679 2964 harmonia
1699 2903 1828 2976 corporis

71 3001 146 3056 Item
161 3001 231 3056 nibil
256 3000 287 3056 iu
302 3018 359 3073 quo
381 3003 449 3075 quid
472 3020 586 3076 semper
600 3008 652 3070 est,
679 3008 850 3076 potestesse
865 3019 923 3059 non
978 3007 1104 3062 animus.
1121 3006 1177 3060 Nec
1200 3019 1277 3058 mors
1292 3006 1385 3073 potest
1399 2999 1527 3056 accidere
1541 2994 1769 3053 immutabilibus
1781 3007 1827 3047 re·

72 3105 198 3161 semper.
223 3089 299 3144 Nihil
324 3090 401 3145 enim
426 3092 504 3161 quod
525 3108 640 3162 semper
663 3096 715 3159 est,
740 3092 849 3164 patitur
869 3091 924 3147 sibi
976 3095 1243 3165 bus.Semperergo
1255 3089 1454 3154 animusvirit,
1466 3089 1523 3143 sire
1539 3087 1601 3158 ipse
1615 3085 1687 3139 ratio
1701 3082 1748 3149 sit,
1764 3081 1824 3136 sire

43 3226 45 3230 a
72 3177 203 3233 subtrahi
218 3178 372 3249 aliquando
385 3179 414 3235 id
424 3180 453 3235 in
464 3186 700 3252 quosemperest.
719 3182 924 3236 Jamverocum
977 3185 1009 3239 in
1022 3200 1056 3238 eo
1066 3183 1140 3237 ratio
1155 3179 1394 3252 inseparabiliter.

72 3265 291 3335 ratiocinamur,
307 3267 421 3323 animus
437 3269 466 3324 id
480 3270 548 3341 agit.
565 3270 628 3325 Non
647 3270 725 3325 enim
739 3269 769 3324 id
783 3269 854 3339 agit,
869 3268 923 3323 nisi
978 3273 1092 3328 CAPUT
1103 3271 1151 3326 ΙΙΙ.
1167 3299 1202 3312 -
1220 3271 1290 3325 Viuo
1304 3269 1459 3324 sabrtantic
1472 3269 1498 3321 et
1514 3262 1691 3319 immutabitis
1710 3261 1829 3326 animur,

72 3353 126 3426 qni
139 3353 293 3425 intelligit:
309 3372 361 3411 nec
375 3372 479 3429 corpus
494 3357 641 3429 iutelligit,
654 3373 707 3413 nec
719 3358 834 3412 animus
847 3355 925 3412 auxi·
1012 3377 1060 3416 nee
1072 3361 1193 3428 stetique
1205 3358 1283 3414 modo
1293 3357 1442 3418 meotilis,
1454 3361 1597 3424 propterea
1610 3351 1735 3406 mortalis
1748 3351 1789 3418 tt.

74 3443 164 3498 liante
178 3458 295 3515 corpore
310 3444 458 3517 iutelligit;
475 3445 623 3516 quiscum
637 3446 800 3517 intelligere
822 3446 925 3512 rult,a
1014 3453 1040 3506 3.
1057 3449 1193 3515 Quadam
1212 3446 1378 3502 constantiae
1402 3445 1491 3498 virtus
1512 3445 1565 3507 esi,
1594 3445 1622 3495 el
1642 3438 1735 3493 ⁰¹11111³
1760 3451 1830 3491 00¹1·

73 3547 194 3604 corpore
208 3531 354 3588 avertitur.
371 3533 452 3598 Quod
465 3534 543 3588 enim
558 3534 731 3606 intelligitur
747 3536 768 3602 ¹,
783 3533 925 3605 ejusmodi
980 3539 1084 3594 stantia
1096 3535 1285 3592 immutabilis
1300 3538 1352 3602 est,
1364 3537 1393 3588 et
1402 3531 1496 3586 omnis
1508 3530 1597 3585 virtus
1611 3531 1705 3598 potest
1719 3523 1829 3594 aliquid

71 3625 118 3677 est
131 3637 244 3692 semper
258 3621 290 3692 (c)
304 3641 312 3689 ;
328 3623 458 3694 nihilque
474 3623 603 3694 corporis
625 3624 767 3695 ejusmodi
791 3627 834 3678 est
848 3638 925 3677 sam·
981 3642 1075 3697 egere,
1092 3641 1143 3680 nec
1156 3638 1221 3679 cunr
1233 3623 1293 3695 agit
1302 3620 1409 3693 aliquid
1432 3623 1453 3685 ¹,
1469 3618 1558 3673 virtus
1572 3632 1630 3670 non
1652 3617 1706 3667 est,
1731 3610 1831 3668 Omnis

74 3725 145 3782 per:
161 3725 218 3764 non
233 3708 321 3779 igitur
335 3715 430 3781 potest
442 3711 578 3783 adjuvare
603 3711 733 3767 animum
753 3712 790 3767 ad
810 3711 926 3766 intelle-
972 3729 1066 3786 porro
1080 3713 1152 3768 actio
1169 3718 1310 3781 moretur,
1326 3712 1488 3777 autfimoret.
1504 3710 1560 3760 Aut
1574 3704 1662 3775 igitur
1675 3717 1734 3756 non
1745 3712 1830 3754 omne

72 3803 153 3856 ctum
181 3797 330 3863 nitentem,
340 3799 387 3854 cui
400 3816 459 3856 non
469 3801 610 3873 impedire
620 3801 686 3856 satis
695 3804 746 3857 est.
757 3802 828 3856 Item
841 3813 927 3856 nemo
981 3803 1058 3874 quod
1072 3804 1359 3868 movetur‚auteerte
1379 3814 1437 3852 non
1453 3811 1538 3851 orrne
1553 3793 1628 3866 quod
1643 3793 1749 3858 movet,
1769 3804 1832 3843 mu·

73 3888 137 3944 sine
161 3887 311 3960 discipline
325 3892 400 3944 recte
415 3888 612 3946 ratiocinatur.
629 3891 677 3944 Est
693 3889 771 3945 enim
789 3893 868 3945 recta
880 3905 927 3944 ra·
977 3891 1128 3954 ,tabileest
1144 3892 1181 3944 At
1195 3904 1280 3944 omne
1295 3888 1371 3959 quod
1384 3886 1420 3942 ab
1431 3885 1487 3940 alio
1500 3887 1640 3947 movetur,
1657 3896 1710 3935 nec
1733 3881 1829 3933 moret

72 3977 221 4036 tiociuatio
235 3975 346 4035 acertis
361 3977 397 4031 ad
412 3976 588 4033 incertorum
600 3977 817 4048 indagationem
831 3978 928 4033 nitens
981 3980 1086 4052 ipsum,
1100 3978 1209 4050 aliquid
1223 3977 1342 4032 mortale
1358 3979 1409 4030 est.
1426 3975 1524 4046 Neque
1539 3972 1659 4027 mortale
1673 3968 1832 4041 quidquam

72 4063 213 4137 cogitatio
227 4066 253 4117 ¹:
268 4063 398 4135 nihilque
411 4069 522 4120 certum
537 4070 580 4120 est
593 4065 623 4120 iu
634 4067 731 4121 animo
747 4066 823 4138 quod
839 4067 924 4139 iguo·
981 4068 1169 4124 immutabile.
1186 4067 1279 4133 Quare
1300 4065 1426 4122 decerto
1449 4063 1509 4133 jam
1525 4064 1553 4115 et
1569 4060 1630 4114 sine
1646 4059 1704 4112 ulla
1718 4056 1831 4126 disjun-

77 4160 133 4208 rat.
147 4153 237 4209 Omne
252 4156 349 4207 autern
366 4152 444 4224 quod
462 4153 515 4207 seit
534 4153 658 4221 animus,
680 4154 711 4209 in
736 4171 796 4210 sese
822 4155 926 4222 habet;
982 4159 1074 4213 ctione
1087 4155 1276 4218 concluditur,
1301 4168 1360 4207 non
1385 4166 1471 4206 omne
1493 4147 1568 4221 quod
1593 4150 1688 4201 moret
1713 4141 1829 4198 mutari.

74 4258 130 4299 nac
146 4243 232 4298 ullam
245 4257 307 4297 rem
320 4241 438 4296 scientia
451 4242 660 4312 complectitur,
673 4242 727 4296 nisi
743 4259 807 4314 quae
823 4244 858 4298 ad
873 4243 927 4298 ali·
983 4247 1083 4301 Nullus
1107 4249 1203 4298 autem
1225 4247 1319 4296 motus
1337 4239 1398 4294 sine
1415 4235 1589 4292 substantia:
1606 4238 1634 4289 et
1648 4231 1743 4286 omnis
1764 4230 1832 4284 snb-

75 4347 167 4406 quam
184 4331 327 4403 pertineat
341 4330 520 4401 disciplinam
535 4329 585 4402 (d).
608 4331 655 4386 Est
673 4330 751 4385 enim
778 4330 929 4402 disciplina
982 4333 1088 4390 stantia
1101 4337 1151 4386 aut
1164 4331 1243 4397 vivit,
1256 4333 1306 4384 aut
1319 4343 1378 4383 non
1391 4327 1476 4381 vivit:
1490 4329 1575 4396 atque
1587 4336 1673 4377 omne
1683 4318 1760 4390 quod
1772 4332 1832 4372 non

77 4436 327 4494 quarumcumque
337 4435 434 4475 rerum
449 4418 576 4475 scientia.
587 4419 706 4491 Semper
718 4419 807 4491 igitur
816 4419 929 4475 animus
982 4423 1062 4488 vivit,
1077 4419 1207 4476 exanima
1222 4422 1283 4484 est3
1299 4433 1351 4473 nec
1363 4419 1406 4472 est
1417 4414 1477 4468 ulle
1491 4409 1629 4467 exanimis
1644 4407 1731 4463 actio.
1756 4405 1830 4460 lllud

78 4512 225 4567 humanus
240 4509 319 4565 vivit.
982 4512 1072 4583 igitur
1085 4508 1162 4580 quod
1172 4508 1212 4562 ita
1221 4511 1315 4563 movet
1330 4509 1362 4560 ut
1375 4519 1433 4559 uon
1449 4504 1585 4562 mutetur,
1598 4512 1657 4552 nou
1670 4498 1833 4568 potestesse

111 4601 140 4710 (g
163 4599 281 4663 Scriptus
295 4612 367 4648 ²³⁰⁰
379 4597 475 4647 Christi
486 4599 541 4648 387.
983 4599 1040 4654 nisi
1054 4598 1116 4653 riva
1130 4596 1302 4652 substantia.
1321 4595 1386 4650 llaec
1401 4594 1497 4646 autem
1511 4585 1604 4642 omnis
1618 4599 1670 4657 per
1688 4581 1834 4656 quoslibet

121 4599 229 4848 tjllbitl·
983 4778 1087 4843 moret,
1096 4774 1232 4831 mutabile
1238 4777 1289 4828 est.
1301 4771 1410 4842 Corpus
1419 4772 1516 4823 autem
1525 4780 1584 4821 nun
1598 4762 1654 4818 nisi
1673 4760 1831 4817 secundum

78 5040 146 5086 sem,
158 5023 664 5090 Regio-Montensem,Victorinosduos,
675 5021 834 5072 Serbonieos
849 5025 968 5085 totidem,
977 5019 1340 5086 ltigotiauumvedartinum,
1347 5017 1503 5067 Vaticanum
1511 5029 1518 5076 3
1527 5013 1561 5064 ad
1569 5012 1701 5063 varianae
1708 5006 1835 5057 lectiones

76 5103 111 5141 ex
126 5088 213 5138 tribus
228 5088 339 5152 Belgicis
351 5101 398 5152 per
407 5087 584 5136 Lovauianaes
600 5087 754 5147 excerptas:
770 5084 803 5133 ad
818 5084 948 5136 editiones
959 5087 1065 5136 demum
1082 5084 1145 5134 bad.
1160 5085 1218 5133 Am.
1234 5082 1276 5131 Er.
1287 5084 1313 5130 et
1324 5081 1384 5130 bor.

111 5171 332 5232 comparavimus
343 5173 473 5232 praterea
485 5180 528 5217 eas
542 5177 634 5216 omnes
649 5162 777 5215 editiones
793 5166 868 5214 tattto
881 5166 1105 5216 Retraetationum
1120 5165 1146 5212 et
1161 5161 1360 5211 Confessiouum
1377 5159 1552 5210 memoratos.

111 4672 135 4850 ἐς
162 4661 315 4774 metram..
330 4674 387 4725 ω’
406 4661 430 4721 δ’
443 4673 470 4710 n'
485 4661 509 4710 θ’
983 4687 1089 4760 gradus
1102 4701 1205 4758 eorpus
1219 4688 1322 4740 moret.
1339 4683 1400 4737 Non
1415 4678 1504 4749 igitur
1517 4690 1603 4730 omne
1625 4673 1702 4746 quod
1727 4687 1831 4743 corpus

732 4886 869 4923 maorrrro
887 4888 925 4923 rr.
937 4885 1162 4924 manrcrraouuu.

109 4964 272 5028 Recognitue
281 4962 358 5013 estad
367 4963 428 5012 Mae.
435 4961 631 5012 Corneliansem
641 4964 832 5024 pervetustum,
839 4962 1033 5020 Corbeiensem,
1042 4959 1238 5015 Michaelinum,
1247 4950 1648 5020 Sergienaemllbrulpbensem,
1655 4944 1834 4996 Vindocinen-

111 5267 120 5300 ¹
132 5264 192 5315 Am.
211 5262 365 5322 Er.etl.ov.,
384 5263 457 5328 quod
467 5262 537 5313 caim
546 5259 682 5322 iatetttpil.
692 5258 742 5309 Sed
753 5259 851 5311 bad-et
861 5261 934 5320 ties..
1021 5263 1029 5296 ¹
1045 5261 1075 5309 ln
1090 5261 1130 5317 Β.,
1146 5262 1172 5311 et
1186 5272 1242 5309 aex.
1258 5259 1326 5317 Par..
1338 5271 1392 5316 see,
1410 5257 1466 5306 sine
1478 5253 1574 5306 vocula
1584 5253 1620 5303 ct.
1634 5247 1765 5301 Posterior
1778 5245 1837 5296 baso

77 5332 137 5378 tum
150 5326 204 5385 hic,
218 5331 276 5376 tum
290 5327 317 5376 in
332 5326 379 5376 lib.
393 5331 402 5376 t
418 5327 532 5376 Retract.
544 5337 602 5388 cap.
615 5325 638 5383 t,
649 5322 748 5372 habent
761 5323 934 5388 totetticrtar.
989 5322 1066 5373 lectio
1082 5322 1160 5372 nobis
1174 5321 1231 5370 risa
1244 5324 1284 5370 est
1297 5319 1468 5384 praeterendo.
1532 5316 1569 5366 tl.

113 5390 125 5496 ¹.
139 5388 190 5439 Sex
203 5389 281 5446 ttae..
296 5391 420 5452 cognitio.
989 5380 1487 5502 ebbsbbvdebbctfummmmqum'
1498 5378 1547 5429 Sed
1561 5376 1694 5426 abestaort
1708 5371 1839 5439 aliss.,et
