3884 6112
716 258 819 315 LIBER
838 256 1010 324 QUARTUS.
1693 263 1748 321 itt

67 378 161 444 Esset,
180 379 262 436 misit
274 378 320 437 dis
339 379 449 436 sabbati
463 380 501 436 ad
514 396 582 436 eum
595 380 688 438 adbuc
702 382 843 455 prenden-
897 384 979 440 dutus
990 399 1022 440 ac
1034 384 1105 440 mate
1118 398 1210 453 opens,
1224 384 1284 453 ejus
1298 385 1377 455 eulpa
1386 384 1566 454 suffraqatmi
1574 375 1746 443 tribrieretur.

81 472 115 523 ut
140 468 375 541 Hippone-Regio
399 484 457 524 non
480 467 718 540 proficisceretur,
738 469 794 527 nisi
812 487 842 526 so
897 475 932 530 Et
955 488 988 529 nc
1005 488 1056 544 per
1068 475 1251 543 frequentiam
1269 475 1299 528 in
1311 476 1410 544 patrie
1424 475 1555 529 conuiuiis
1575 476 1746 544 constitutus,

67 560 111 613 est.
136 557 323 613 Renuntiavit
346 557 386 613 ita
403 574 432 612 sc
454 573 515 613 esse
533 557 686 616 facturum.
702 559 842 616 Postridie
898 563 1081 632 temperantiae
1094 563 1266 617 amitteretur
1280 561 1374 617 modus
1390 561 1548 632 (Possidius,
1563 562 1593 618 in
1611 563 1745 619 Vitudu-

67 660 84 703 n
96 645 132 702 iu
144 646 293 703 ecclesiam
304 647 391 715 venit,
409 648 509 717 oravit,
524 651 552 703 et
561 651 658 703 sancto
668 649 789 720 praesule
797 647 841 705 iu·
897 653 982 720 pust,
993 665 1016 707 c.
1027 650 1082 720 ιι).
1098 649 1264 707 Videbimus
1278 649 1399 706 interius
1409 649 1661 723 vigilantissimum
1673 652 1748 708 Prae·

67 739 112 792 sto
127 735 273 808 proiectus
287 740 339 792 cst.
360 738 426 792 Erat
444 737 498 792 boc
519 737 711 809 Augustinurn
730 754 842 794 summo
896 740 988 796 sulem
1000 739 1094 795 otticia
1107 738 1159 795 toti
1176 755 1235 795 suae
1250 739 1365 796 diaecesi
1385 739 1579 808 exhibentem,
1594 756 1660 812 quas
1674 741 1744 813 liip-

67 825 150 882 eeiui
161 826 275 883 ducere.
291 825 439 882 Piissimus
449 830 546 882 tamen
559 827 673 898 presul,
686 830 719 882 ut
733 843 763 882 se
776 843 843 883 sen-
896 827 1071 901 poni-liegio
1087 828 1250 902 praestabat.

67 913 240 981 lcisceretur,
254 914 368 971 reniam
382 913 425 970 illi
439 915 527 970 suisa
543 916 601 970 Deo
611 914 742 987 precibus
756 917 844 988 depo·
932 921 959 973 ι.
978 919 1043 974 Erat
1056 916 1087 972 in
1107 918 1168 990 ejus
1190 916 1304 974 dioeccsi
1318 916 1596 973 Germanicianensis
1614 916 1748 990 paroecie,

67 1007 86 1058 ι.
98 1002 157 1059 Sed
173 1003 312 1075 quoniam
333 1019 399 1058 reus
414 1003 488 1058 banc
502 1002 632 1059 obtinere
646 1019 705 1059 uon
719 1008 841 1076 poteret,
897 1008 977 1080 csrjus
990 1008 1138 1080 presbyter
1152 1006 1331 1063 secundinus
1342 1022 1457 1077 semper
1469 1007 1577 1079 populo
1588 1008 1747 1079 placuerat.

67 1090 166 1164 eipso
185 1091 352 1164 corrigeret,
368 1096 483 1148 sanctus
498 1093 605 1148 Prmsul
624 1093 792 1149 acerrimam
807 1095 844 1151 ad
899 1095 953 1152 Ubi
972 1099 1068 1151 mesen
1087 1095 1242 1150 Panaetius
1263 1094 1381 1168 quidem
1402 1095 1469 1150 illuc
1489 1095 1614 1165 advenit,
1637 1094 1749 1166 scripsit

67 1180 223 1254 epistolam
244 1183 367 1238 scribere
385 1185 498 1238 coactns
512 1185 564 1250 cst,
578 1181 609 1237 in
624 1198 681 1253 qua
700 1182 782 1239 illum
792 1184 843 1241 ob·
898 1185 932 1241 ad
952 1184 1144 1257 Augustiuum
1156 1184 1253 1257 (Epist.
1270 1184 1344 1254 est),
1359 1188 1474 1255 paratos
1488 1199 1549 1240 esse
1561 1183 1669 1239 incolas
1683 1197 1750 1239 eum

67 1273 205 1343 eratque
221 1270 360 1340 obsecrat,
378 1274 408 1326 ut
427 1270 565 1343 injuriam
579 1272 719 1339 attendat,
736 1289 794 1345 qua
813 1290 844 1330 se
899 1273 1066 1330 criminibus
1099 1289 1253 1329 accersere.
1288 1273 1441 1328 Pancarius
1474 1273 1538 1340 istc,
1570 1279 1601 1328 ut
1627 1272 1748 1339 ridetur,

67 1370 82 1411 ι
95 1355 205 1427 magis,
224 1372 312 1428 quam
326 1355 434 1412 villicos
453 1373 520 1411 suos
533 1356 659 1425 laederet,
675 1373 742 1430 erga
761 1375 843 1430 quos.
899 1379 964 1419 cum
979 1361 1035 1419 alio
1051 1363 1086 1418 de
1101 1362 1187 1434 hujus
1198 1361 1266 1434 pagi
1280 1361 1459 1433 possessione
1478 1360 1677 1429 contendebat,
1693 1378 1750 1434 que

67 1443 169 1500 ticiari
188 1459 248 1500 non
269 1448 389 1517 poteret,
407 1443 589 1518 iniquissime
612 1461 643 1499 sa
667 1449 786 1517 gereret.
808 1448 844 1503 Et
900 1452 934 1508 de
954 1467 1039 1508 causa
1061 1452 1153 1507 multa
1171 1449 1354 1523 patiebantur
1371 1450 1481 1505 incolae.
1499 1450 1570 1506 cam
1591 1453 1688 1505 autem
1701 1435 1751 1506 se·

76 1533 205 1604 quidem,
220 1533 325 1605 inquit,
344 1549 399 1590 non
421 1534 570 1604 roqarrdus,
587 1534 636 1590 sed
655 1535 844 1605 objurqandus
899 1540 1056 1597 enudiuum
1071 1539 1103 1596 in
1116 1540 1170 1595 hoc
1186 1539 1300 1612 negotio
1312 1556 1371 1595 snm
1383 1538 1523 1594 voluntati
1538 1538 1681 1595 terentem
1693 1554 1751 1595 non

67 1638 111 1679 ιιι
122 1628 151 1679 ιι
164 1624 213 1679 boc
222 1625 354 1694 seriptum
365 1628 413 1692 ιιι,
431 1643 445 1674 ι
461 1626 518 1691 qu
532 1639 611 1694 quem
621 1621 843 1693 onustumque
900 1627 1062 1700 reperisset,
1087 1627 1247 1684 Donatistae
1267 1627 1298 1682 in
1313 1642 1380 1683 eum
1401 1642 1520 1698 pegum,
1542 1626 1573 1682 in
1594 1643 1651 1698 quo
1665 1631 1752 1682 anne

67 1713 131 1780 tipo
142 1729 157 1765 ι
168 1711 265 1783 (Apac.
282 1727 323 1775 ιιι,
340 1711 397 1782 ι9).
411 1714 468 1780 qu
481 1715 578 1780 tamen,
595 1713 621 1767 si
632 1726 736 1782 prorem
749 1727 845 1782 rapere
900 1733 958 1772 non
979 1717 1102 1788 tuerent,
1123 1716 1158 1772 ad
1175 1716 1237 1787 ejus
1256 1731 1362 1771 nomen
1384 1713 1573 1771 deferendum
1588 1714 1749 1773 advocaret.

67 1815 132 1869 sees,
148 1801 222 1868 forte
234 1815 288 1855 non
301 1804 326 1855 ιι
339 1816 482 1870 roqarem:
499 1802 632 1870 quieuere
644 1817 696 1871 pra
712 1805 736 1856 ιι
744 1817 846 1869 maan·
901 1804 1040 1862 llcscribit
1057 1805 1093 1861 ad
1114 1805 1284 1861 Pancarium
1303 1802 1490 1873 Augustinus,
1507 1802 1608 1859 mirari
1628 1819 1658 1860 se
1672 1803 1749 1876 quod

67 1904 88 1959 ι,
97 1903 168 1958 rogo
184 1894 209 1944 te
219 1891 331 1957 iratrcn,
347 1894 378 1945 ut
386 1904 486 1960 pareas
494 1889 555 1956 tibi,
569 1894 600 1945 ut
612 1889 730 1960 placeris
738 1891 846 1960 tibi3ut
901 1893 1183 1950 Germanicienenses
1197 1893 1232 1949 de
1251 1891 1412 1949 &cunano
1422 1895 1652 1964 conquerantur:
1665 1907 1695 1947 se
1705 1895 1751 1947 ιι·

67 1979 236 2036 ιιιιιιιιιιι
251 1994 329 2048 quem
342 1992 431 2046 rogus.
445 1978 561 2048 Aperiat
572 1978 624 2032 tibi
632 1992 747 2048 sensum,
759 1983 791 2033 ut
807 1981 845 2035 ui·
900 1998 967 2038 men
982 1997 1047 2054 qua
1064 1981 1107 2037 illi
1127 1981 1314 2053 objiciuntur,
1330 1979 1355 2036 si
1374 1979 1461 2036 modo
1480 1978 1613 2035 catholici
1630 1978 1688 2034 sint
1703 1977 1753 2052 qui

67 2080 133 2138 quas
145 2067 229 2134 sums,
244 2069 270 2120 et
287 2066 432 2121 eebmreas
446 2069 473 2121 tl
490 2065 619 2121 emendet·
633 2067 724 2121 Parva
739 2067 809 2121 enim
820 2070 846 2121 el
901 2070 1051 2143 objiciunt,
1066 2087 1124 2127 nou
1135 2086 1218 2142 posse
1232 2074 1433 2126 contemnere:
1446 2069 1646 2125 haereticorum
1657 2072 1753 2126 autem

67 2155 163 2211 :suaa
175 2152 228 2208 tibi
241 2153 377 2221 videntur,
394 2168 454 2222 quae
469 2157 525 2209 tam
532 2169 635 2223 maqnu
643 2155 718 2209 mala
729 2159 802 2223 sunt,
813 2158 845 2209 ut
901 2158 1093 2216 accusationes
1105 2159 1259 2215 admittere
1269 2175 1322 2214 nec
1332 2173 1416 2229 posse
1426 2157 1607 2226 necdebere;
1619 2156 1754 2229 quocirca

67 2243 100 2301 dc
113 2248 142 2300 te
159 2243 264 2298 domita
285 2243 424 2313 cupiditas
443 2258 475 2297 ea
495 2242 666 2299 considerare
678 2245 844 2314 permiserit,
901 2247 995 2321 primo
1006 2252 1074 2320 eget
1087 2246 1250 2316 Pancarius,
1262 2246 1497 2302 uthaereticinou
1507 2245 1564 2301 sint
1574 2245 1697 2302 ubiante
1707 2246 1755 2302 ad·

73 2333 206 2401 memma
221 2335 333 2400 terram,
345 2334 376 2385 ut
397 2333 466 2386 Deus
480 2333 641 2387 misereatur
656 2333 706 2387 tui.
723 2332 845 2388 Vereba-
902 2335 1115 2408 rentumipsius
1125 2353 1184 2392 non
1199 2336 1323 2405 fueraut,
1339 2340 1441 2392 tumse
1455 2352 1569 2392 causam
1584 2334 1752 2408 presbyteri,

67 2420 248 2494 lugustinus,
265 2434 302 2474 ne
321 2420 369 2475 illo
383 2419 428 2475 bis
442 2419 544 2476 litteris
555 2421 649 2494 magis
662 2425 846 2493 exasperatus
901 2426 974 2481 sicut
988 2440 1052 2481 eam
1063 2425 1158 2481 audiri
1173 2428 1297 2497 oportet,
1316 2424 1492 2480 auditurum.
1507 2424 1598 2481 Simul
1612 2438 1755 2479 commen·

67 2511 164 2567 dunos
182 2525 249 2564 suos
268 2508 360 2564 acrius
383 2509 545 2577 desevirem
567 2509 615 2566 sed
636 2508 724 2579 addit,
747 2509 771 2565 si
793 2511 847 2566 boc
903 2514 951 2571 dat
965 2530 1001 2570 ue
1012 2514 1167 2571 Secundini
1183 2514 1302 2569 domum
1315 2511 1403 2585 diripi
1415 2511 1576 2586 vastarique
1586 2515 1637 2569 eut
1645 2513 1754 2569 eumde

67 2603 109 2667 st,
125 2597 184 2654 illis
198 2598 372 2670 imputatum
387 2597 423 2653 iri
437 2598 473 2653 ad
484 2599 618 2655 meritum
633 2598 754 2672 bonurn,
769 2600 848 2671 quod
903 2602 1021 2659 ecclesia
1036 2618 1088 2658 sua
1098 2601 1203 2674 deponi
1216 2601 1351 2673 patiatur.
1376 2601 1471 2658 lionet
1488 2600 1574 2655 etiam
1590 2605 1623 2656 ιιι
1641 2615 1755 2680 causam

67 2688 128 2762 ιῇιιι
152 2688 254 2755 salute,
270 2690 388 2758 proptor
408 2702 496 2758 quam
512 2687 661 2753 scribebat,
684 2704 751 2743 eum
766 2692 847 2762 pate·
902 2690 1070 2764 quantocius
1092 2694 1174 2746 curet
1191 2689 1431 2762 componendam,
1448 2705 1484 2745 ne
1500 2688 1644 2760 indigena
1661 2704 1694 2745 aa
1708 2703 1755 2743 oc·

67 2776 218 2834 miratum.
228 2776 322 2832 linum
334 2775 384 2831 Dei
393 2775 536 2847 judicium
546 2776 588 2832 illi
602 2777 765 2847 minitatur3
775 2793 847 2849 quo·
903 2779 1016 2836 cesione
1027 2779 1134 2834 diutins
1149 2778 1326 2848 affliguntur.

67 2866 165 2940 repud
180 2864 323 2935 homines,
338 2865 389 2936 qui
400 2864 540 2920 formulas
553 2881 570 2921 a
585 2866 696 2937 legibus
709 2867 847 2922 constitu·
940 2873 965 2925 3.
983 2867 1071 2924 Unius
1085 2866 1275 2939 tlipponensis
1298 2864 1438 2933 Ecclesiae,
1457 2864 1504 2920 aui
1522 2879 1552 2920 se
1574 2880 1688 2920 serrum
1706 2864 1750 2920 di-

67 2954 167 3035 lelius
177 2953 292 3026 iniquos
302 2958 381 3008 ectus
396 2954 592 3025 prohibendos
605 2955 688 3028 sequi
701 2959 847 3024 tenentur,
903 2957 1010 3015 vinitas
1024 2957 1123 3012 datum
1144 2971 1205 3010 esse
1232 2954 1344 3009 dicebat
1364 2954 1540 3023 (Epictiti,
1563 2967 1591 3009 n.
1613 2952 1641 3026 ι)
1656 2969 1755 3009 curem

67 3060 110 3102 ιιιι
123 3042 257 3100 obtinere
269 3042 536 3116 liumuluspoierat.
549 3044 629 3100 Unde
639 3045 849 3100 consectarium
903 3043 1050 3119 propriam
1065 3043 1099 3099 ad
1114 3059 1142 3099 se
1155 3043 1300 3115 pertinere
1310 3041 1511 3098 arbitrabatur.
1524 3041 1705 3113 Quapropter
1719 3041 1755 3096 ab

67 3132 194 3209 [nemeis
209 3131 273 3187 aliis
291 3131 411 3187 minimo
431 3131 573 3204 denegare
590 3132 756 3202 debeamus,
771 3133 849 3206 quod
905 3147 1101 3204 ennumquam
1118 3130 1174 3186 uisi
1188 3130 1294 3186 invitus
1308 3129 1405 3186 aberat
1419 3129 1518 3203 (Epist.
1537 3130 1581 3198 ti,
1596 3145 1625 3185 n.
1650 3132 1689 3202 5).
1707 3131 1757 3185 Po·

67 3222 162 3280 sidere
184 3238 220 3277 ex
243 3221 440 3277 humanarum
464 3222 560 3294 legum
585 3222 751 3295 praeseripto
773 3226 850 3278 teuc·
905 3220 992 3293 pulus
1004 3216 1125 3274 vicissim
1137 3215 1339 3289 semperillius
1348 3216 1505 3272 absentiam
1517 3216 1636 3272 moleste
1645 3214 1757 3272 larebat

67 3311 173 3373 ,nobis
184 3316 283 3368 ιιιιιιιι
295 3327 353 3366 non
366 3326 479 3383 semper
494 3310 588 3378 licere,
606 3312 684 3385 quod
698 3327 732 3368 ex
746 3311 849 3368 iisdem
905 3310 1007 3380 (Epist.
1021 3309 1118 3377 iiim.
1133 3306 1169 3379 t),
1181 3304 1756 3378 steteratesomnipeneparteinllrmus,
1829 3359 1833 3365 ,

67 3418 103 3460 us
117 3400 206 3459 nobis
229 3399 278 3456 elii
294 3400 407 3468 debent,
425 3399 539 3473 erigere
557 3403 655 3473 (Epist.
676 3403 738 3471 etr,
759 3417 787 3458 n.
815 3403 849 3472 t).
905 3398 973 3454 inde
989 3395 1026 3453 ad
1041 3393 1312 3468 periculosissimam
1326 3410 1418 3468 usque
1432 3393 1620 3449 offensionem
1634 3398 1663 3450 ιι
1677 3410 1757 3450 man·

341 3491 456 3546 CAPUT
476 3491 507 3545 V.
906 3488 1004 3546 delum
1018 3485 1164 3542 interdum
1178 3484 1335 3558 laborabat..
1353 3485 1420 3538 Eam
1434 3483 1471 3539 ab
1485 3499 1548 3540 rem
1561 3487 1623 3539 eret
1634 3483 1666 3538 in
1681 3483 1753 3540 urbe

67 3582 182 3653 mutini
195 3580 293 3649 reputa
305 3584 331 3634 et
344 3579 493 3649 prudentia
510 3580 540 3634 iu
554 3579 757 3634 visitationibus
770 3580 812 3635 uel
821 3580 852 3635 in
907 3576 999 3648 magis
1012 3574 1143 3630 assiduus
1155 3575 1255 3646 (Epist.
1274 3573 1335 3641 ιιι,
1350 3587 1378 3627 ιι.
1394 3575 1433 3640 ι).
1450 3571 1621 3636 Quinetiam
1636 3587 1757 3644 corpore

67 3672 93 3727 is
101 3667 274 3742 prastandis
286 3669 392 3737 ostatis.
408 3670 425 3722 ι
439 3669 471 3723 ιιι
484 3667 747 3724 Germaniciunensis
762 3682 852 3739 pare·
907 3665 1018 3732 ιιιιιιιι,
1028 3677 1142 3734 semper
1153 3660 1257 3732 spiritu
1271 3659 1420 3730 cordisque
1436 3659 1539 3714 elioctu
1553 3675 1680 3731 praescus
1698 3659 1755 3715 illis

67 3772 79 3816 ι
93 3759 222 3830 qratiam
239 3756 335 3811 scribit
350 3756 388 3811 od
407 3757 581 3812 Pancarium.
605 3758 621 3812 3
646 3758 782 3813 Universa
799 3759 852 3812 Ea·
907 3753 1015 3809 aderat.
1025 3752 1068 3807 Ab
1078 3751 1159 3818 urbe,
1172 3748 1261 3819 nteit,
1275 3764 1423 3821 nonquam
1434 3747 1598 3809 discedebat
1611 3746 1759 3806 licentiosa

67 3849 181 3919 stupro
196 3860 247 3902 suo
259 3849 380 3916 parteac
394 3845 716 3916 facultatcdatoperam.
728 3847 745 3902 4
757 3847 852 3904 Gausis
907 3841 1049 3908 libertate,
1073 3839 1122 3896 sed
1140 3837 1299 3894 necessaria
1325 3836 1472 3909 servitute,
1488 3841 1519 3893 ut
1539 3837 1602 3893 eliis
1627 3838 1755 3894 Ecclesia

67 3935 197 3993 mundis
211 3950 239 3990 se
252 3937 379 4005 occupari
396 3936 577 4004 conqueritur.
907 3931 1043 3988 membris
1062 3928 1160 3986 debita
1178 3931 1329 4000 praestaret
1349 3926 1444 3982 cilicia
1459 3926 1559 3999 (Epist.
1587 3929 1649 3999 tre,
1667 3944 1696 3991 n.
1722 3927 1760 3998 ι).

72 4024 111 4082 ut
123 4022 219 4080 uncti
230 4023 364 4079 Praesulis
383 4022 412 4078 in
424 4023 652 4079 administranda
666 4023 789 4079 Ecclesia
802 4039 852 4078 cu·
908 4022 966 4077 lieo
976 4019 1054 4075 enine
1068 4022 1103 4074 de
1118 4033 1203 4072 causa
1217 4017 1338 4088 singulis
1351 4016 1441 4072 terme
1457 4015 1538 4072 annis
1547 4016 1760 4089 Carthaginem,

79 4109 261 4181 ductumque
284 4124 438 4181 pergamus
453 4124 614 4182 exponere:
638 4111 670 4165 ln
689 4111 854 4166 visitationi·
908 4109 1073 4181 frequenter
1087 4107 1122 4162 ad
1143 4106 1199 4162 alia
1214 4106 1287 4173 loca,
1305 4104 1502 4178 utaliquando
1517 4105 1547 4160 iu
1562 4104 1761 4161 Mauritaniam

68 4197 169 4273 inquit
183 4196 337 4260 Possidius,
351 4198 461 4253 modum
483 4197 588 4253 tutabat
602 4196 636 4251 ob
658 4197 786 4267 Apostoto
802 4197 853 4252 de·
908 4214 999 4271 usque
1012 4213 1041 4252 se
1055 4196 1218 4252 conterebat
1229 4197 1333 4268 (Epist.
1352 4197 1412 4261 tes,
1428 4211 1455 4249 n.
1474 4194 1507 4252 ll.
1524 4192 1596 4264 Ipsis
1610 4192 1696 4249 etiem
1707 4208 1761 4248 na·

67 4300 116 4354 Ι,
130 4289 164 4342 ui
174 4287 286 4342 aornim
296 4287 416 4356 pupiilae
433 4291 458 4342 et
476 4286 575 4342 uiduus
587 4288 616 4340 in
632 4286 853 4342 tribulationibus
907 4285 1061 4360 rigationis
1075 4284 1219 4340 laboribus
1234 4300 1266 4339 ac
1276 4282 1410 4356 periculis
1425 4298 1485 4338 sese
1499 4280 1630 4338 lubenter
1643 4280 1762 4353 objecis-

67 4378 159 4433 mas
178 4377 312 4430 oscitaret.
330 4377 401 4430 Etsi
419 4377 491 4443 torte
504 4375 787 4444 ubeqrotantibusob
805 4376 853 4432 boc
908 4379 960 4447 set,
988 4373 1194 4432 transmarinas
1217 4372 1350 4445 regiones
1375 4387 1428 4444 pro
1461 4369 1583 4427 Ecclesia
1605 4357 1759 4442 petiturus,

67 4469 144 4532 stass,
160 4468 249 4534 utpra
261 4465 336 4519 eisin
345 4466 625 4532 praemetiltominum
634 4467 854 4535 reparatumque
908 4463 1164 4536 ipsamqueaulem
1174 4460 1400 4534 imperatoriam,
1409 4458 1511 4530 atejus
1520 4458 1638 4531 collegae
1648 4459 1761 4515 iactita-

67 4566 96 4610 ιι
107 4554 268 4623 imponeret,
282 4554 340 4610 sine
347 4568 423 4607 mora
433 4553 573 4623 pergebat.
585 4554 757 4609 Feminarum
764 4558 854 4609 autem
909 4553 989 4619 bant,
1004 4550 1061 4607 uisi
1075 4551 1137 4624 ejus
1147 4551 1262 4607 infirma
1272 4549 1405 4606 valetudo
1420 4547 1576 4604 obstitisset
1590 4549 1688 4618 (Epist.
1701 4550 1762 4616 ιιι,

67 4642 168 4699 ιιιιιιι
188 4641 300 4696 amnui
313 4641 469 4710 urgentibus
489 4643 693 4698 necessitatibus
710 4644 852 4699 visitabat.
908 4658 936 4698 n.
960 4644 996 4712 l).
1012 4640 1096 4713 Apud
1115 4639 1185 4695 alias
1200 4639 1332 4695 ecclesias
1352 4640 1465 4692 tantum
1484 4635 1597 4708 agebat,
1621 4639 1761 4708 quantum

67 4729 172 4787 ndum
186 4744 292 4800 quaque
305 4732 336 4785 in
350 4732 409 4785 uita
419 4731 572 4787 etmaribus
585 4731 700 4785 bominis
716 4729 767 4785 liei
780 4729 854 4795 rete·
909 4729 1037 4802 episcopi
1051 4728 1206 4785 diaecesani
1220 4729 1264 4784 vel
1285 4726 1495 4799 permitterent,
1510 4726 1554 4781 set
1576 4725 1764 4797 imponerent

67 4818 172 4891 equod
189 4821 220 4874 in
233 4820 357 4875 instituto
368 4823 467 4876 sancta
481 4820 615 4875 memoriae
632 4818 772 4875 Ambrosii
783 4831 853 4873 eom·
910 4819 1010 4892 (Epist.
1023 4821 1067 4887 bt,
1078 4834 1107 4874 u.
1119 4817 1155 4890 5).
1170 4815 1366 4887 conciliisper
1379 4814 1506 4870 disemus
1521 4813 1762 4887 provinciaseele·

67 4910 120 4977 nt,
145 4911 177 4963 stt
195 4923 307 4964 acorem
325 4910 453 4979 utiquam
476 4923 617 4978 nunquam
635 4911 754 4978 posceret
770 4921 855 4976 nequae
910 4907 999 4964 bratis
1012 4907 1122 4975 edesse,
1137 4921 1204 4963 cum
1217 4907 1325 4977 posset,
1343 4918 1403 4960 nou
1417 4903 1577 4972 omittebat,
1592 4901 1685 4960 studio
1699 4917 1764 4958 suc·

67 5001 121 5053 be
141 4996 275 5052 nolentem
293 4996 331 5051 ad
349 4998 397 5053 boc
420 4996 629 5066 commendaret,
649 4998 781 5066 usquein
804 5009 855 5051 sua
910 5012 1011 5053 census
1034 4992 1209 5051 inserviendi
1230 5008 1288 5049 uon
1307 4991 1366 5049 suis
1393 4991 1561 5061 commodis,
1587 4991 1637 5049 sed
1659 4990 1764 5048 honori

67 5086 207 5157 inpetitus
220 5087 273 5140 iret
286 5085 324 5139 ad
337 5087 500 5141 conuiuium.
516 5087 554 5141 De
567 5086 684 5153 singulis
696 5085 775 5140 rebus
789 5084 854 5139 red-
911 5083 1037 5153 Cbristi,
1050 5082 1230 5154 faciendique
1251 5097 1304 5154 pro
1327 5080 1403 5138 virili
1417 5097 1470 5138 sua
1490 5083 1581 5155 parte,
1603 5082 1637 5135 ut
1657 5082 1762 5134 sanetae

67 5188 191 5242 raucas,
206 5174 309 5229 scilicet
321 5174 428 5229 nedum
443 5177 515 5229 inter
526 5189 554 5230 sc
567 5173 708 5244 conjugati
719 5188 784 5228 casu
793 5173 856 5244 jur·
911 5173 1041 5231 Ecclesiae
1055 5171 1204 5228 catholiam
1216 5174 1246 5226 ot
1265 5169 1404 5227 inviolata
1417 5170 1489 5227 fides
1510 5171 1649 5236 maneret,
1665 5171 1694 5222 et
1705 5166 1763 5223 illi·

67 5266 108 5332 ιι,
126 5265 153 5317 ei
166 5262 355 5317 maledicerent
369 5277 419 5332 per
437 5277 516 5332 quem
530 5262 668 5333 conjuncti
690 5267 790 5330 ιιιιιιι;
808 5260 856 5318 sed
910 5260 1268 5334 butadiscipliusffossid,
1280 5263 1311 5315 in
1324 5259 1529 5328 transaquas,
1541 5273 1565 5314 c.
1578 5256 1763 5328 tt).Cumsb

67 5350 316 5421 ssdbocsibiiam
331 5351 387 5406 illis
400 5352 627 5407 consentientibus
639 5353 855 5422 petituminter-
911 5351 1052 5426 episcopis
1074 5348 1217 5422 deputatis
1238 5348 1412 5406 haberentur
1434 5346 1544 5421 synodi,
1565 5347 1615 5400 eut
1633 5345 1765 5401 ceclesia-

70 5439 166 5497 mim
177 5439 354 5509 wcmdotcrn,
363 5443 395 5495 ut
407 5441 450 5496 uel
462 5455 553 5497 earum
559 5441 620 5512 jam
628 5444 712 5512 parta
721 5441 857 5513 etplaeita
912 5441 976 5498 stici
987 5439 1099 5514 judices
1113 5440 1150 5496 ad
1163 5439 1302 5512 quasdem
1313 5435 1521 5494 conmorcrsies
1530 5432 1706 5490 dirimendas
1717 5434 1766 5492 de-

67 5533 194 5600 meur,
204 5528 248 5584 ιιι
261 5527 491 5587 benedicerentur.
509 5531 545 5586 Et
555 5545 590 5586 ιιι
604 5531 710 5586 milities
722 5545 857 5586 commm-
913 5529 1083 5604 ligarentur,
1098 5527 1160 5600 ipse
1170 5526 1370 5601 episcoporum
1390 5523 1531 5583 Nunsidiae
1544 5522 1663 5580 momine
1673 5523 1766 5582 terme

159 5627 300 5694 Persou.
326 5626 450 5694 xxxii.
1504 5619 1628 5706 (Hrcit.)
