3884 6112
791 180 799 191 ἱ
872 228 1052 287 uorttrtttt.

82 368 268 435 maximam
283 367 413 447 partem
431 359 600 424 fallacium
618 357 763 421 istarum
778 355 988 435 divitiarum,
1005 373 1090 438 quas
1117 372 1154 419 se
1181 352 1341 418 effodisse
1370 354 1526 418 nonnulli
1555 358 1718 422 coaetanei
1748 379 1828 425 asse

82 469 214 542 vorant,
233 460 420 542 meritoque
440 455 672 538 suspicionem
695 458 728 517 et
756 450 902 517 dedecus
930 450 1103 515 incurrere
1137 449 1301 533 quidquid
1330 448 1394 513 viri
1416 454 1509 513 tanta
1533 450 1685 517 doctrina
1708 457 1839 537 pariter

87 580 126 627 ac
142 559 271 644 judicio
288 551 547 621 commendandi
566 549 776 633 repulerunt.

132 669 165 728 3ο
180 661 245 725 Res
268 662 321 723 est
343 657 460 739 utique
489 651 684 735 gravissimi
699 649 863 713 momenti
893 651 927 712 et
946 646 988 711 ad
1005 646 1138 711 facilem
1151 651 1310 712 textuum
1336 647 1628 729 comparationem
1647 653 1837 734 aptissima,

88 767 128 828 ut
149 759 313 825 lectiones
332 753 503 818 variantes
532 766 618 833 ques
641 746 705 811 PP.
726 744 870 808 Macrini
894 743 985 808 haud
1007 742 1168 807 unimode
1190 743 1406 821 distribuere,
1424 761 1571 828 sempor,
1589 751 1746 813 notarum
1766 769 1838 815 mo.

91 859 146 934 do,
162 851 270 919 textui
302 848 465 933 proximae
486 845 630 909 subsint.
661 840 871 924 Nuperrimae
898 842 1033 903 exstant
1060 839 1228 904 editiones
1255 838 1478 918 parisienses,
1511 859 1586 923 quae
1607 861 1717 926 neque
1740 847 1840 919 banc,

91 960 203 1036 neque
236 949 298 1013 PP.
329 945 559 1009 blaurinorum
592 937 717 1018 agendi
744 938 912 1001 rationem
940 941 1076 1014 secuta,
1103 954 1226 1001 omnes
1253 935 1439 1000 lectionum
1462 939 1645 1003 varietates
1678 945 1795 1023 procul
1825 964 1844 1007 a

91 1055 187 1114 textu
207 1047 249 1111 ad
263 1047 367 1107 ssnem
383 1039 653 1117 uniuscujusque
671 1034 857 1098 voluminis
882 1031 1132 1113 agglomerant,
1155 1037 1224 1110 aut,
1246 1050 1368 1115 parum
1389 1033 1551 1114 sollicita,
1568 1039 1843 1118 praetermittunt,

92 1147 262 1225 Quantum
288 1138 366 1202 inde
399 1136 595 1199 nasceretur
621 1130 841 1209 incommodi,
876 1132 1071 1212 quantaque
1091 1128 1255 1210 temporis
1283 1131 1439 1210 jactura,
1462 1147 1532 1194 non
1567 1132 1673 1195 semel
1698 1136 1843 1215 experti.

94 1256 272 1327 speramus
287 1237 360 1299 tore
379 1237 418 1298 ut
442 1228 625 1294 methodus
650 1233 781 1307 nostra,
811 1227 876 1292 sub
899 1229 1057 1309 respectu
1085 1225 1337 1290 commoditatis
1365 1244 1461 1310 aeque
1482 1245 1521 1292 ac
1545 1229 1714 1308 utilitatis,
1734 1233 1849 1313 potior

94 1342 261 1407 videatur.

142 1442 175 1500 4⁰
199 1431 294 1511 Quod
308 1430 350 1494 ad
370 1421 647 1503 chronologicam
667 1417 997 1500 augustinianorum
1018 1435 1161 1502 operum
1174 1418 1299 1483 seriem
1314 1419 1447 1499 attin‘et,
1468 1420 1644 1502 paululum
1667 1424 1709 1486 ab
1730 1423 1849 1487 ordine

97 1535 159 1601 PP.
176 1527 410 1596 Maurinorum
424 1519 638 1597 defleximus,
659 1521 696 1581 ut
711 1534 791 1580 eum
820 1532 1043 1598 sequeremur
1059 1533 1163 1598 qnam
1190 1533 1305 1580 rerum
1329 1516 1501 1597 analogia,
1527 1518 1737 1601 proindeque
1763 1521 1849 1584 ratio

97 1635 172 1716 ipsa
186 1624 406 1708 suggerebat.
420 1617 697 1700 Inprimoitaque
706 1621 799 1679 tomo
808 1614 875 1678 duo
890 1613 1155 1695 Soliloquiomm
1165 1612 1254 1693 libri,
1263 1614 1322 1696 qui
1332 1614 1422 1697 apud
1432 1613 1494 1678 PP.
1508 1614 1851 1682 benedictinoslibris

98 1733 139 1797 de
155 1727 277 1793 Ordine
289 1719 444 1804 proxime
456 1714 653 1791 succedunt,
669 1712 783 1776 statim
798 1716 876 1794 post
886 1709 1138 1788 Confessiones,
1154 1710 1357 1792 quibuscum
1368 1711 1411 1774 ob
1423 1711 1642 1776 manifestam
1655 1715 1849 1794 argumenti

99 1821 356 1894 similitudinem
371 1813 523 1897 apprime
546 1808 766 1887 conveniunt,
786 1826 806 1871 a
825 1808 924 1871 nobis
939 1805 1092 1870 collocati
1113 1810 1204 1868 sunt.
1227 1805 1298 1869 lino
1322 1807 1426 1870 etiarn
1444 1806 1522 1871 libri
1541 1808 1582 1872 de
1611 1808 1733 1874 Genesi
1768 1830 1846 1876 con-

97 1931 151 1990 tra
161 1917 364 1986 Manicbaeos
380 1929 398 1975 e
413 1910 524 1993 primo
538 1911 632 1971 tomo
652 1904 839 1969 intertium
857 1903 987 1985 rejecti,
1009 1921 1050 1967 eo
1069 1901 1196 1966 scilicet
1213 1901 1288 1966 loco
1303 1919 1371 1985 quo
1387 1901 1511 1986 duplex
1524 1900 1622 1990 {aliud
1642 1906 1677 1969 in
1693 1906 1851 1972 Genesim

99 2038 186 2105 opus
200 2017 284 2081 item
306 2007 506 2075 instituitur.
527 2003 691 2068 Praeterea
716 2000 841 2065 librum
860 2001 901 2064 de
928 2018 1010 2064 vera
1038 1998 1227 2079 Religione,
1250 1998 1309 2081 qui
1333 1999 1369 2062 in
1396 2000 1544 2065 editione
1568 2000 1784 2069 benedictina
1812 2007 1851 2069 li-

98 2120 199 2185 brum
214 2114 255 2178 de
274 2106 424 2173 Moribus
455 2099 719 2165 Manichaeorum
749 2097 886 2179 excipit,
908 2097 950 2161 ad
966 2096 1102 2160 tertium
1122 2095 1278 2161 similiter
1295 2101 1429 2160 tomum
1452 2099 1696 2178 revocavimus,
1726 2119 1850 2185 nempe

99 2218 277 2301 postopus
297 2207 338 2271 de
352 2199 508 2266 Doctrina
526 2196 728 2274 Christiana,
752 2197 851 2277 cujus
875 2196 1004 2277 absque
1029 2193 1131 2258 dubio
1151 2192 1440 2274 complementum
1463 2195 1585 2277 cuique
1609 2195 1736 2276 legenti
1753 2216 1851 2280 appa.

99 2310 198 2377 rabit.
216 2303 316 2371 Varia
333 2301 472 2365 tandem
490 2291 666 2377 opuscula,
683 2292 795 2375 qualia
815 2290 987 2374 Epistola,
1008 2287 1204 2369 Sermones,
1221 2293 1300 2368 etc,
1318 2307 1394 2372 quae
1412 2288 1474 2354 PP.
1491 2289 1636 2355 Macrini
1651 2297 1684 2357 et
1703 2300 1782 2377 post.
1793 2314 1852 2361 eos

101 2404 213 2473 caeteri
229 2400 309 2466 editi
329 2397 413 2479 ipsis
434 2391 579 2458 nimium
601 2389 801 2453 insistentes
821 2386 950 2469 passim
969 2385 1207 2465 disseminant,
1233 2385 1275 2450 ad
1300 2386 1445 2451 classem
1470 2405 1569 2452 suam
1594 2390 1848 2471 primigeniam,

101 2504 203 2588 prout
218 2515 274 2563 res
288 2491 494 2578 postulabat,
515 2489 669 2551 accurate
685 2484 824 2548 reducta
840 2487 931 2546 sunt.

146 2609 180 2667 5⁰
200 2599 314 2666 bmbae
333 2590 548 2677 prefationes
564 2604 640 2670 quae
659 2584 760 2668 paulo
789 2583 933 2647 interius
962 2580 1147 2646 Mabillonii
1169 2582 1410 2647 dedicatoriam
1431 2583 1617 2668 Epistolam
1645 2594 1849 2672 sequuntur,

102 2697 322 2767 undecimum
340 2690 568 2768 ultimumque
583 2682 742 2746 editionis
755 2680 981 2745 benedictinae
994 2683 1128 2743 tomum
1151 2679 1335 2757 inchoant3
1362 2698 1425 2745 nec
1447 2681 1587 2763 mirum,
1605 2683 1776 2768 siquidem
1796 2705 1856 2751 ve.

103 2793 245 2864 uerendi
264 2790 424 2864 editores,
444 2780 650 2847 curriculum
663 2779 746 2843 adeo
761 2778 906 2858 longum
925 2776 1130 2857 ingressuri,
1157 2776 1322 2860 quidquid
1341 2777 1377 2841 in
1399 2781 1471 2843 toto
1499 2778 1645 2846 decursu
1662 2788 1756 2848 esset
1780 2804 1858 2869 per-

104 2890 276 2976 agendum
295 2904 338 2950 ex
357 2884 431 2966 ipso
455 2878 573 2942 limine
593 2876 778 2959 praevidere
807 2893 878 2939 non
897 2875 1082 2956 potuerint.
1114 2871 1218 2938 Nobis
1244 2878 1360 2939 autem
1392 2892 1497 2959 opera
1523 2896 1642 2943 eorum
1669 2882 1860 2946 recudenti-

104 2993 169 3056 bus
188 3001 267 3050 cum
286 2980 379 3046 nulla
403 2978 445 3041 sit
467 2993 570 3039 causa
597 2992 657 3038 cur
681 2970 784 3035 talem
808 2970 993 3035 toleremus
1020 2970 1238 3049 anomaliam,
1260 2974 1439 3055 utramque
1453 2975 1687 3055 praelationem
1704 2996 1768 3043 suo
1783 2979 1859 3046 1000

103 3081 261 3158 naturali,
296 3077 329 3141 id
359 3078 423 3152 est,
459 3073 555 3135 initio
585 3070 711 3153 operis,
741 3067 842 3149 primi
870 3065 1063 3149 posuimus.
1094 3065 1219 3131 Eadem
1246 3084 1353 3150 propo
1383 3067 1470 3134 ratio
1499 3088 1564 3137 nos
1597 3073 1731 3156 impulit
1759 3081 1796 3140 ut
1826 3079 1861 3142 in

103 3188 237 3247 tomum
251 3175 401 3259 primum
419 3168 684 3233 transterremus
709 3164 793 3226 duas
814 3164 849 3227 b.
875 3160 1062 3243 Augustini
1089 3161 1195 3240 Vitas,
1223 3181 1368 3246 quarum
1390 3166 1485 3248 prior
1503 3185 1524 3230 a
1542 3166 1604 3233 PP.
1630 3169 1860 3237 benedictinis

106 3278 147 3343 ad
167 3275 293 3340 calcem
307 3267 391 3334 tomi
407 3262 541 3345 decimi,
554 3259 723 3344 posterior
737 3277 818 3323 vero
833 3276 943 3341 usque
963 3259 1005 3322 ad
1026 3265 1157 3323 tomum
1176 3259 1398 3325 undecimum
1412 3264 1564 3344 relegata
1577 3268 1640 3328 est.
1657 3264 1763 3330 Nemo
1778 3269 1859 3333 intl-

106 3373 248 3440 ciabitur
261 3369 363 3432 hasce
379 3366 557 3444 gestorum
579 3356 753 3440 scriptoris
781 3355 995 3419 narrationes
1016 3373 1093 3420 esse
1116 3356 1287 3439 quoddam
1310 3359 1519 3440 praefationis
1545 3378 1656 3442 genus
1676 3382 1717 3427 ea
1743 3372 1860 3431 menie

107 3472 317 3542 conmxtnm,
342 3465 380 3526 ut
401 3458 584 3539 anticipata
613 3454 784 3517 variarum
810 3452 1143 3517 circumstantiarum
1164 3451 1390 3540 revelationej,
1420 3455 1564 3521 lectores
1593 3459 1635 3522 ad
1663 3461 1804 3526 intimos
1827 3468 1859 3528 et

107 3565 205 3651 quasi
230 3559 451 3642 generatores
484 3552 596 3635 operis
635 3568 758 3615 sensus
789 3552 861 3633 jam
892 3555 965 3613 tum
991 3547 1180 3613 initientur.
1211 3549 1307 3615 Hand
1338 3550 1435 3616 aliter
1462 3552 1655 3618 sentiebant
1688 3557 1754 3639 ipsi
1795 3558 1856 3622 PP.

106 3656 327 3734 Benedictini,
354 3656 393 3717 ut
410 3655 579 3716 testantur
588 3648 698 3730 prima
716 3646 820 3711 verba
841 3639 1084 3709 Admonitionis
1094 3642 1355 3711 Confessionum
1368 3647 1464 3712 libris
1487 3651 1677 3733 praepositae
1701 3675 1707 3715 :
1735 3678 1750 3714 c
1781 3654 1861 3732 Quas

109 3785 125 3820 n
152 3775 267 3832 causa,
284 3749 455 3834 inquiunt,
473 3746 552 3811 iecit
565 3749 603 3808 ut
617 3743 791 3826 scriptoris
806 3745 974 3825 cujusque
987 3740 1063 3807 Vita
1079 3742 1275 3807 emittendis
1290 3744 1326 3808 in
1341 3745 1515 3827 publicum
1527 3750 1602 3830 eJus
1621 3749 1717 3813 libris
1733 3751 1860 3816 solem-

110 3881 125 3916 »
153 3855 189 3919 ni
199 3867 295 3917 more
310 3845 557 3929 praefigeretur,
579 3840 698 3907 cadem
717 3839 821 3904 etiam
835 3837 964 3920 primos
979 3835 1013 3902 S.
1036 3834 1221 3919 Augustini
1244 3856 1388 3921 operum
1402 3841 1550 3906 editores
1569 3843 1659 3908 haud
1675 3845 1777 3910 dubie
1793 3867 1863 3914 mo

111 3976 125 4011 n
152 3951 214 4028 vit,
235 3950 274 4011 ut
292 3939 532 4010 confessiones
547 3937 656 4021 ipsius
676 3935 790 3999 statim
814 3937 893 4017 post
918 3931 1206 3999 Retractationum
1232 3934 1379 4000 libros...
1413 3938 1448 4001 in
1467 3943 1561 4005 tomo
1585 3941 1694 4022 primo
1722 3945 1860 4011 colloca-

111 4073 126 4109 »
153 4048 241 4113 rent.
258 4043 384 4126 Nempe
400 4030 729 4122 interestplarimam
745 4039 784 4096 ut
797 4027 942 4095 auctoris
955 4026 1103 4118 qoniam,
1125 4027 1250 4110 studia,
1266 4051 1385 4113 mores,
1398 4030 1613 4122 probitatem,
1627 4034 1743 4124 fidem,
1761 4037 1861 4108 alias.

111 4170 125 4205 »
153 4160 217 4231 qne
240 4136 330 4205 dotes
358 4141 545 4224 perspectas
572 4127 695 4196 lrabeat
716 4125 777 4216 qai
802 4125 874 4215 ejeo
896 4124 1021 4215 seruato
1050 4146 1127 4191 cnm
1153 4124 1335 4216 voluptate,
1368 4138 1440 4195 tum
1455 4130 1608 4219 prosecta
1634 4134 1803 4225 pertepere
1829 4139 1863 4207 in

111 4266 125 4301 n
154 4236 305 4305 animum
320 4227 457 4298 inducit.
486 4253 501 4290 n
531 4228 612 4293 Post
633 4227 738 4291 talem
760 4224 1036 4304 declarationem,
1062 4223 1199 4289 diittcile
1219 4225 1444 4307 intelligimus
1473 4232 1696 4312 quamobrem
1716 4239 1862 4320 propria

110 4337 250 4403 editioni
262 4333 375 4400 Vitam
389 4329 423 4396 S.
441 4327 593 4392 Doctoris
612 4322 675 4388 PP.
692 4321 902 4388 Benedictini
915 4340 985 4386 non
997 4322 1217 4404 praefixerint,
1234 4324 1427 4406 praesertim
1442 4343 1487 4390 ex
1501 4327 1663 4393 omnibus
1678 4334 1754 4414 cJus
1766 4335 1864 4417 scrip·

107 4435 152 4498 tis
168 4432 416 4498 concinnatam.
438 4424 525 4489 Nulli
545 4423 652 4503 igitur
665 4420 850 4485 molestum
867 4420 940 4483 fore
954 4422 1115 4501 putamus
1141 4420 1170 4483 si
1195 4420 1231 4485 in
1255 4420 1417 4486 hisatio
1442 4424 1648 4505 quibusdam
1673 4430 1747 4492 aliis
1769 4433 1861 4511 ejtrs.

110 4532 187 4597 dem
200 4534 341 4605 natura,
359 4523 419 4589 sod
432 4518 722 4606 perpaucissimis,
739 4521 774 4581 et
795 4516 976 4598 dequibus
998 4516 1108 4581 obiter
1132 4517 1364 4598 monebimus,
1392 4519 1653 4587 discesserimus
1670 4526 1711 4587 ab
1727 4525 1863 4606 inclyti<

109 4628 264 4705 ducibus,
282 4639 429 4708 quorum
443 4617 595 4701 alioquin
614 4614 761 4695 vestigia
775 4632 840 4678 nos
855 4613 1016 4694 religiose
1036 4614 1172 4680 trivisse
1193 4615 1393 4695 gloriamur.

154 4768 193 4833 N.
210 4768 245 4833 B.
283 4758 525 4829 tricationum
548 4754 817 4842 varietatesque
840 4755 908 4820 PP.
938 4750 1165 4820 Benedictinos
1188 4752 1338 4845 primam
1366 4756 1566 4848 effugerant,
1595 4756 1711 4839 textui,
1737 4769 1775 4824 ut
1798 4759 1866 4848 ipsi

108 4861 260 4940 suadent,
276 4857 452 4947 aliquoties
466 4852 730 4933 interteeuimas,
748 4847 858 4940 priori
868 4870 982 4916 eornm
1002 4847 1139 4916 lectione
1152 4849 1239 4919 bisce
1254 4850 1383 4919 uncinis
1398 4860 1409 4937 [
1477 4852 1644 4943 ]siqnata.

154 5004 194 5072 N.
220 5004 256 5069 Β.
283 5008 317 5066 2⁰
334 4994 433 5082 Quod
447 4995 479 5064 si
499 4993 633 5086 quando
654 5004 780 5061 tentum
803 4991 936 5082 qualem
955 4990 1116 5060 iubemus
1136 5015 1159 5059 a
1179 4995 1249 5061 PP.
1274 4995 1492 5065 benedictinis
1518 4997 1754 5062 concinnatum
1788 5006 1865 5064 tan-

111 5103 212 5193 tisper
226 5099 404 5166 immutare
419 5094 523 5162 visiun
543 5104 601 5172 est,
615 5091 793 5183 propriam
808 5112 923 5158 eorum
943 5088 1113 5160 lectionem
1129 5092 1248 5181 serrant
1269 5092 1497 5162 adnotationes
1515 5091 1605 5161 hisce
1623 5093 1738 5184 siquis,
1757 5096 1795 5160 ln
1809 5098 1862 5177 B.,

109 5195 281 5266 distinctae.
374 5195 416 5261 M.
444 5194 490 5276 (l)

136 5371 172 5436 (t)
187 5372 366 5437 Quaecumque
380 5369 429 5420 PP.
444 5364 674 5418 benedictinorum
692 5362 802 5415 editioni
817 5361 1003 5421 addiderimus.
1018 5361 1099 5414 hoece
1114 5361 1200 5428 smne,
1216 5364 1260 5425 ll..
1278 5364 1485 5430 distinguantur.
