3884 6112
642 230 745 290 trena
763 231 942 291 SEPTIMUS.
1611 243 1665 299 506

71 346 257 417 lllespetium
267 349 752 420 Solonensemdetlnesacaliscrlltt.

71 435 149 490 burn
161 436 194 489 de
209 437 320 505 Nuptiis
337 441 363 490 et
383 438 610 507 Concupiscentia
625 442 754 509 primum.

71 528 168 578 ioneset
182 526 373 579 Locutionesin
384 526 626 594 Heptateuchum?
646 531 756 584 Vincen-

71 612 757 684 nrlibrisdeOripineanimaredarpuitnrobAugu·

71 699 108 754 ud
118 701 489 772 reuocandaperperarnabse
499 706 754 776 dc'ctocompellitar.

71 791 100 843 io
112 789 179 844 libri
189 789 222 842 de
235 790 373 859 conjugiis
387 792 551 849 adulterinis
565 795 618 849 duo
632 796 755 849 scriban-

71 878 186 944 esellitur
206 878 381 934 adversantes
400 882 480 948 Iegis
501 887 531 937 ‘et
550 885 756 953 Prophetarum.

71 964 253 1036 risuperiore
267 958 348 1021 anno
357 969 443 1040 coepit
460 971 569 1042 Apiarii
583 987 678 1038 causa,
695 988 758 1043 pre-

71 1053 174 1108 mirum
190 1054 267 1108 illins
292 1055 439 1124 Siccensis,
465 1060 515 1130 qui
530 1076 582 1130 per
610 1061 756 1115 Urbanum

71 1162 74 1196 ι
86 1159 170 1197 suum
179 1145 449 1212 excommunIcatus,
461 1147 554 1218 deque
565 1165 616 1202 sno
632 1148 757 1219 dejectus

74 1230 261 1302 apostolicam
276 1231 390 1301 Sedem,
412 1251 477 1289 cum
497 1241 595 1291 tamen
615 1236 685 1291 idei
705 1253 758 1307 pcr

73 1318 203 1374 Ecclesiae
223 1321 443 1375 eonsuetudines
465 1328 514 1378 aut
537 1323 614 1394 leges
636 1323 756 1379 minime

71 1408 129 1462 dice
148 1410 291 1462 Curionum
309 1410 413 1476 Afric,
430 1427 489 1465 curt.
506 1414 576 1482 Iti),
593 1414 755 1484 appellant.

71 1496 257 1568 captationem
273 1497 347 1552 iuter
367 1500 527 1555 Romanum
549 1501 706 1557 antistitem
728 1506 757 1557 et

71 1584 215 1639 Africanos
231 1585 347 1656 longam
362 1588 472 1658 peperit
487 1604 519 1642 ac
543 1590 755 1660 permolestum,

74 1677 222 1727 mortuum
240 1674 383 1745 superiori
394 1681 514 1731 exeunte
525 1693 600 1731 anno
613 1678 755 1732 Zosimum

72 1761 177 1832 potuit.
191 1761 296 1816 Zosimi
312 1779 455 1819 successor
473 1766 634 1820 Roniiacius
648 1767 755 1821 Africa·

71 1848 130 1904 indi
143 1850 295 1917 rationem,
311 1852 388 1906 etad
403 1868 432 1905 sa
446 1852 526 1907 datas
539 1854 574 1908 ab
589 1853 657 1924 ipsis
681 1854 755 1908 litte-

71 1937 162 2008 nmvis
173 1940 372 2009 gravesessent
382 1956 414 1993 ac
424 1941 521 2011 fortes,
532 1942 755 2014 haudquaquam

71 2041 115 2081 em
129 2032 239 2099 partem
255 2028 380 2099 accepit:
395 2029 424 2083 id
440 2029 757 2101 siquidemnullatenns

79 2115 234 2186 quominus
256 2133 320 2171 cum
341 2118 516 2188 Hippononsi
540 2119 686 2191 episcopo,
707 2120 756 2191 qui

71 2218 113 2257 nm
128 2202 157 2256 in
168 2203 260 2258 Africa
272 2205 307 2259 de
321 2206 428 2276 Apiarii
440 2206 556 2277 negotio
570 2207 756 2262 conciliorum

72 2281 413 2355 aiuit,necessitudinem
423 2294 557 2350 habuerit
571 2295 755 2367 singularem.

71 2381 235 2436 umemoriae
249 2399 323 2454 papa
341 2384 473 2438 laudatur
488 2386 664 2455 aProspero,
681 2386 756 2456 qnod

71 2467 151 2521 nicos
167 2469 266 2538 gratiae
287 2469 337 2524 nei
348 2487 406 2525 non
417 2471 511 2526 solum
526 2473 693 2528 auctoritate
706 2491 757 2528 sua

71 2599 73 2614 .
97 2556 252 2612 sedetiam
276 2560 497 2630 Imperatorum,
525 2576 649 2633 quorum
669 2562 757 2634 pietas

71 2659 94 2697 rs
104 2645 306 2715 opitulabatur,
321 2647 417 2702 edictis
433 2649 524 2718 egerit
538 2651 675 2720 (Prosper,
690 2653 757 2707 Con-

71 2747 142 2797 rem,
158 2749 185 2788 n.
203 2736 259 2803 57).
279 2735 372 2806 Ipsius
386 2752 462 2790 curte
480 2737 607 2792 fortassis
623 2738 693 2793 illud
709 2739 756 2793 ad-

71 2835 91 2875 n
112 2821 248 2889 edictum,
270 2824 345 2894 quod
361 2824 487 2891 Aurelio,
508 2825 554 2879 dia
576 2825 677 2897 quinto
692 2826 758 2882 idus

71 2925 102 2962 ιο
118 2910 399 2982 quadringentesImo
414 2913 523 2967 decimo
543 2929 632 2975 nono,
653 2914 756 2968 inscri-

71 2998 151 3067 Apud
164 2999 295 3066 August,
312 3003 400 3069 Epist.
415 3001 488 3072 901).
508 3002 648 3057 Ilonorius
663 3003 703 3057 ibi
719 3003 757 3058 si·

71 3085 173 3141 lictum
198 3088 354 3158 superioris
369 3090 435 3144 anni
458 3090 593 3146 adversus
609 3093 758 3165 Pelagium

71 3173 171 3229 istium
194 3192 211 3229 a
234 3193 263 3231 se
288 3178 396 3232 recenti
418 3179 563 3234 sanctione
588 3185 757 3236 renovatum

71 3262 141 3333 tque
156 3265 351 3336 constitutum,
366 3271 399 3320 ut
414 3266 543 3338 quisquis
553 3285 611 3337 eos,
623 3285 759 3341 quocum·

71 3349 95 3404 is
109 3352 235 3406 suaeloco
244 3354 433 3416 constiterint.
445 3354 535 3408 sciens
544 3371 600 3409 non
614 3357 757 3425 proderet,

70 3440 149 3506 leret,
165 3441 286 3511 ipsemet
308 3442 337 3495 in
352 3442 483 3497 exsilium
498 3443 663 3514 pelleretur.
690 3445 757 3516 Epi·

71 3532 123 3583 lem
139 3529 188 3600 qui
206 3530 324 3584 mihime
341 3530 540 3586 obniterentur
554 3532 655 3586 iisdem
670 3533 759 3587 brace·

71 3632 129 3670 :um
145 3617 185 3670 eis
200 3617 284 3672 tacite
299 3619 503 3688 consentirent,
526 3620 560 3673 ab
579 3620 694 3675 AureIIo
710 3620 758 3675 ad·

71 3704 115 3759 bet
129 3704 215 3759 oflicii
234 3705 287 3760 sui.
305 3707 368 3759 Vult
384 3706 460 3778 adigi
484 3723 584 3761 omnes
603 3707 758 3763 universim

71 3792 98 3848 rd
111 3793 344 3848 subscribendam
359 3795 465 3864 Pelagii
480 3795 704 3864 damnationem,
718 3797 758 3851 ila

71 3885 113 3935 tes
127 3881 265 3950 dignitate
281 3899 332 3935 sua
347 3887 497 3950 exuantur,
511 3888 597 3954 atque
612 3884 643 3938 in
656 3900 757 3956 perpe-

71 3969 112 4023 tlsi
126 3969 287 4024 civitatibus
302 3972 371 4036 suis,
382 3973 584 4027 communtone
600 3973 757 4044 priventur.

90 4057 214 4112 edictum
237 4058 314 4112 haud
333 4059 462 4113 absimile
475 4061 511 4115 ab
534 4062 709 4132 Imperatore
722 4062 759 4116 ad

73 4161 111 4210 m,
124 4146 174 4217 qni
188 4146 319 4201 videlicet
328 4148 387 4201 suis
401 4146 510 4201 meritis
520 4147 717 4203 auctoritatem
732 4151 760 4202 at

71 4249 149 4288 >nem
172 4251 235 4288 eam
269 4235 322 4288 sibi
341 4240 564 4306 comparaverat,
596 4240 625 4289 ut
651 4235 759 4290 honore

82 4323 143 4377 sedi
169 4323 309 4377 Africana
333 4323 453 4394 proprio
472 4323 576 4394 dignus
595 4322 757 4379 haberetur.

71 4409 209 4481 reginensi
224 4410 344 4464 concilio
362 4411 511 4482 praesentis
534 4410 603 4465 anni
625 4427 691 4466 cum
710 4412 759 4466 ad-

71 4499 220 4568 ugustinus,
242 4499 277 4554 ad
297 4499 346 4553 illa
365 4499 483 4554 forsitan
504 4499 572 4553 urhe
591 4498 760 4570 priusquam

71 4600 190 4640 monem
208 4585 237 4639 in
253 4586 369 4640 basilica
389 4585 530 4641 Restituta
552 4586 634 4643 illum
648 4588 758 4654 habuit,

72 4672 229 4744 digiorum,
240 4690 304 4744 quae
312 4674 496 4745 ierosolymae
504 4691 591 4743 anno,
604 4676 645 4730 uti
655 4670 760 4733 docent

71 4759 374 4834 iquadringentesImo
386 4762 497 4817 decimo
512 4781 598 4831 nono,
616 4765 675 4818 risa
694 4768 760 4818 suat

71 4848 204 4904 dmodum
221 4851 378 4904 recentium
393 4851 535 4909 memInit.
547 4852 656 4907 Ibidem
672 4853 758 4907 ctiam

71 4937 203 4992 tilensem
218 4939 360 4994 civitatem
386 4941 553 5011 gravissimo
573 4945 656 4995 terra
680 4947 759 4995 motu

71 5068 73 5078 .
88 5026 175 5080 inisse
192 5028 285 5094 (Scrm.
304 5032 347 5094 19,
363 5045 390 5082 a.
403 5028 439 5098 6).
453 5029 564 5084 Titulus
579 5029 685 5083 dictum
699 5045 759 5083 esse

72 5130 122 5169 uin
149 5116 261 5185 prodit,
290 5133 321 5169 ox
345 5133 401 5187 quo
419 5117 552 5188 intelligit
578 5116 758 5183 SIrmundus,

82 5201 137 5256 isto
153 5202 197 5257 die
213 5204 299 5258 luisse
314 5204 517 5274 gladiatorium
532 5210 675 5259 certamen
688 5221 695 5258 :
710 5206 760 5258 sed

71 5307 115 5345 ero
130 5291 274 5357 abhorret,
291 5293 385 5346 notrici
399 5293 441 5346 sel
458 5298 563 5346 statum
578 5292 759 5346 solummodo

71 5378 158 5433 *illud
177 5380 246 5433 alim
268 5380 465 5448 exhibebatur,
480 5381 524 5434 rel
540 5379 617 5434 aliud
631 5380 760 5433 muneris

71 5467 176 5522 adiaco
195 5469 358 5537 gladiatorii
384 5468 547 5522 certaminis
563 5468 689 5523 exhiheri
707 5484 759 5521 ca·

811 357 895 425 ptum
908 353 995 411 tuerit
1004 355 1040 410 ab
1055 371 1130 411 anno
1146 357 1408 430 quadrigentesimo
1424 362 1520 431 tertio,
1532 369 1582 418 aut
1596 382 1665 438 qua·

813 442 1039 515 dringentesima
1054 450 1167 516 quarto,
1183 463 1240 518 quo
1255 448 1426 516 gladiatores
1435 450 1558 505 abolevit
1572 454 1667 507 Itono-

811 530 871 586 rius
886 531 1065 601 (Prudentius,
1079 534 1211 591 occasa
1225 536 1426 606 Symmachum,
1438 538 1486 593 lib.
1501 541 1529 606 9,
1544 547 1569 594 et
1584 541 1663 595 Theo·

812 618 929 683 duetus,
942 622 1012 676 Ilist.
1026 622 1269 690 connaissance,
1288 639 1353 694 cap.
1370 626 1427 695 ns).

847 710 872 764 3.
894 707 949 773 Oui
969 709 1169 766 Alexandriam
1189 727 1311 784 usupra
1331 718 1489 769 memorato
1514 716 1661 787 Carthagi-

811 796 893 850 nensi
917 797 1036 852 concilio
1065 797 1168 852 missus
1192 804 1234 854 est
1248 801 1431 856 Innocentius
1449 803 1607 874 presbyter,
1632 809 1665 860 ut

811 899 892 938 seros
903 901 934 939 ac
947 901 1100 956 germanos
1115 903 1237 943 canones
1249 887 1352 959 synodi
1366 889 1489 945 Nicaenae
1503 891 1539 946 ah
1556 891 1661 963 Cyrillo

811 972 961 1044 reciperet,
976 973 1054 1029 idem
1067 974 1126 1042 ille,
1137 980 1277 1046 quantum
1288 978 1451 1048 conjectura
1462 979 1575 1049 assequi
1585 979 1661 1045 Iicot,

812 1063 960 1133 epistolam
978 1063 1045 1118 illuc
1061 1064 1095 1118 ab
1115 1065 1277 1135 Augustino
1291 1071 1389 1122 contra
1406 1067 1573 1139 Pelagianos
1594 1069 1663 1122 scri·

813 1156 890 1221 ptam
906 1151 1016 1206 detnIIt.
1035 1153 1069 1206 In
1083 1168 1117 1206 ea
1128 1157 1241 1207 sanctus
1256 1154 1359 1207 Ductor
1376 1155 1522 1226 Pelagium
1536 1157 1571 1210 ab
1591 1157 1659 1210 Ilie-

810 1254 933 1309 ronymo
944 1238 974 1294 in
987 1238 1108 1311 dialogis
1123 1240 1334 1310 Scripturarum
1348 1244 1659 1314 oppressummotibus,

810 1330 843 1381 nt
855 1327 984 1382 lullanae
994 1328 1088 1394 tradit,
1101 1328 1275 1398 predicabat
1292 1330 1397 1399 (Operis
1407 1333 1560 1401 imperfecti
1569 1333 1619 1387 lib.
1632 1335 1659 1398 t,

812 1430 872 1485 cap.
889 1415 944 1486 99).
956 1416 1061 1471 Verum
1077 1415 1234 1485 periithac
1250 1416 1379 1488 epistola,
1395 1434 1453 1473 non
1468 1435 1548 1473 secus
1563 1435 1595 1473 ac
1609 1419 1664 1474 alia

812 1519 898 1574 quam
913 1508 982 1558 tunc
996 1503 1091 1558 eidem
1106 1504 1272 1559 Innocentio
1287 1505 1429 1560 dederunt
1443 1506 1621 1577 Augustinus
1636 1512 1663 1561 et

811 1591 930 1662 Alypius
962 1592 1162 1662 perferendam
1187 1593 1222 1647 ad
1247 1593 1464 1665 Hieronymum,
1492 1594 1665 1649 sciscitantes

811 1679 930 1734 librisne
949 1680 1095 1753 Pelagiani
1116 1682 1276 1750 cujusdam,
1304 1682 1401 1753 quise
1424 1682 1529 1737 Auiani
1550 1683 1664 1737 diaconi

812 1768 972 1823 Celcdcnsis
998 1768 1116 1823 nomine
1144 1769 1263 1834 terebat,
1293 1770 1428 1825 adversus
1454 1771 1549 1842 ipsum
1582 1771 1664 1825 editis

811 1855 1014 1926 respondisset.
1036 1857 1107 1909 Nam
1119 1872 1172 1925 per
1186 1857 1318 1912 eumdem
1334 1857 1535 1912 Innocentiam
1559 1857 1661 1912 rescri-

811 1943 868 2015 psit
882 1943 938 1998 illis
952 1942 1151 2015 Hieronymus,
1177 1961 1230 2016 per
1256 1945 1382 1999 dolorem
1411 1946 1446 2000 ab
1466 1946 1547 2000 obitu
1572 1945 1663 2000 beata

812 2031 955 2086 Etrstachii
966 2035 1124 2103 acceptum,
1134 2032 1163 2087 id
1173 2033 1292 2103 aggredi
1305 2033 1427 2088 necdum
1441 2033 1496 2088 sibi
1518 2032 1662 2104 integrum

811 2120 898 2175 inisse
913 2137 919 2186 ;
936 2136 1050 2191 sperare
1064 2124 1170 2185 tamen,
1188 2121 1249 2176 iore
1276 2125 1309 2176 ut
1337 2137 1395 2176 non
1421 2137 1525 2191 magno
1547 2121 1663 2192 negotio

811 2208 884 2263 iliud
897 2212 1062 2279 praestaret;
1078 2224 1110 2264 ac
1123 2208 1200 2278 ipsos
1215 2208 1404 2263 nihilominus
1418 2214 1531 2280 gratam
1548 2208 1601 2263 sibi
1626 2209 1664 2263 ia·

812 2301 917 2358 cturas,
933 2296 957 2350 si
971 2296 1026 2350 hoc
1041 2296 1145 2350 lahorIs
1167 2296 1197 2351 in
1216 2313 1246 2351 se
1260 2298 1366 2352 vellent
1389 2297 1526 2368 recipere.
1551 2297 1664 2352 Eisdem

812 2382 932 2451 Athinae,
958 2382 1081 2452 Piniaui,
1102 2384 1229 2438 ltelanise
1249 2400 1281 2439 ac
1296 2386 1391 2440 Paulae
1405 2384 1529 2456 junioris
1543 2385 1661 2440 nomine

813 2471 933 2526 salutem
944 2470 1013 2527 dicit
1028 2472 1122 2541 (Apud
1136 2473 1266 2540 Airyosr„
1280 2475 1368 2543 Epist.
1385 2476 1447 2540 2¹02,
1464 2491 1492 2529 n.
1509 2472 1547 2544 2).
1566 2472 1665 2529 Hiera·
1733 2540 1738 2552 ·

812 2577 916 2629 nymus
929 2576 1006 2614 anno
1020 2561 1152 2630 sequenti
1165 2561 1341 2632 migravitad
1357 2577 1484 2632 superos.
1497 2564 1553 2616 IIac
1568 2562 1664 2632 itaque

812 2653 925 2703 sanctus
940 2648 1092 2718 Presbyter
1105 2648 1226 2719 epistola
1245 2665 1305 2716 sua,
1317 2653 1349 2703 nt
1366 2649 1484 2703 Baronio
1499 2648 1590 2703 risum
1606 2653 1658 2715 cst,

812 2735 924 2802 ultima,
940 2735 1071 2790 ultimam
1087 2736 1131 2789 sui
1145 2736 1176 2790 in
1189 2740 1303 2790 sanctos
1316 2735 1380 2790 illos
1394 2736 1542 2807 episcopos
1556 2736 1662 2790 amoris

813 2823 1036 2880 declarationem
1061 2823 1201 2878 contineri
1223 2823 1315 2878 voluit
1338 2823 1370 2878 iu
1386 2824 1448 2878 hac
1468 2823 1571 2878 rerba:
1592 2823 1664 2877 Atili

812 2915 882 2967 enim
905 2914 991 2968 omnis
1010 2911 1115 2967 occasio
1136 2914 1294 2978 protasias
1318 2916 1367 2970 est.
1392 2927 1443 2981 per
1466 2926 1549 2980 quam
1577 2911 1665 2965 scribo

811 3006 907 3057 cestre
915 3003 1078 3057 haerentia
1090 3021 1097 3069 ;
1109 3006 1200 3057 testem
1209 3003 1337 3056 inuocans
1352 3003 1444 3068 Deum,
1457 3000 1529 3069 qaod
1541 3002 1567 3054 si
1575 3006 1665 3069 posset

812 3092 882 3161 (teri,
897 3093 1045 3160 assumptis
1060 3092 1112 3145 alis
1124 3090 1260 3157 oolrtmbae,
1274 3091 1373 3144 uestris
1383 3089 1554 3158 amplecibus
1568 3089 1664 3158 impli-

813 3195 907 3240 carer:
921 3194 1025 3249 semper
1040 3179 1149 3248 peridem
1170 3194 1221 3248 pro
1234 3179 1330 3232 merito
1343 3179 1476 3232 uirtutum
1501 3181 1664 3239 uestrarum,

812 3268 860 3323 sed
884 3282 954 3322 nunc
980 3269 1108 3334 ιιιιιίιιι,
1136 3269 1203 3336 quia
1228 3267 1444 3336 cooperatoribus
1463 3270 1488 3319 et
1510 3265 1665 3320 auctoribus

812 3354 887 3409 ιοὺίι
902 3355 1011 3432 heresis
1021 3357 1180 3412 celestiana
1189 3356 1319 3425 jugulcrta
1336 3359 1376 3410 est
1387 3353 1478 3423 (tota,
1491 3370 1520 3408 n.
1537 3354 1573 3424 l).

848 3445 875 3498 4.
897 3444 1072 3514 Augustinus
1105 3443 1140 3498 ad
1164 3442 1334 3513 Hesychinm
1363 3441 1484 3506 Salona,
1514 3457 1579 3512 quce
1599 3441 1666 3495 Ilal·

813 3531 909 3586 matiaa
924 3531 1090 3602 metropolis
1101 3535 1153 3598 est,
1167 3529 1334 3598 antistitem,
1345 3529 1453 3583 litteras
1467 3527 1579 3582 circiter
1589 3529 1665 3583 hunc

813 3635 923 3674 annum
937 3618 1028 3674 dedit.
1047 3620 1118 3674 Nam
1131 3633 1188 3689 quo
1201 3623 1329 3688 tempore
1348 3616 1374 3670 ei
1389 3615 1509 3686 scalpsit,
1529 3632 1562 3670 eo
1574 3616 1635 3687 jam
1650 3633 1665 3670 a

814 3707 918 3762 Christi
930 3705 1078 3761 nativitate
1096 3705 1165 3761 anni
1179 3706 1268 3761 ierme
1287 3703 1489 3778 quadringenti
1513 3708 1541 3758 et
1553 3703 1664 3775 rIginti,

814 3795 850 3850 ab
864 3794 941 3850 illius
965 3799 1062 3848 autem
1075 3792 1282 3849 resurrectione
1296 3793 1339 3846 vel
1353 3792 1516 3847 ascensione
1531 3793 1596 3863 plus
1611 3792 1665 3847 mi-

813 3899 868 3937 nus
893 3882 1013 3938 trecenti
1039 3882 1194 3952 nonaginta
1222 3881 1451 3936 numerabuntur
1474 3879 1574 3950 (Epist.
1605 3883 1664 3946 199,

814 3989 842 4026 n.
853 3971 912 4040 20).
932 3971 1122 4042 Superstitem
1137 3969 1223 4024 etiam
1240 3969 1444 4040 Hieronymum
1461 3968 1554 4022 adhuc
1579 3968 1666 4023 tuisse

815 4060 968 4114 obscurum
984 4075 1040 4114 non
1055 4062 1098 4113 est
1112 4060 1212 4130 (Epist.
1231 4060 1291 4123 197,
1312 4073 1359 4111 nn.
1374 4060 1397 4120 1,
1415 4060 1440 4121 5,
1456 4061 1481 4110 et
1496 4057 1587 4126 Epist.
1604 4058 1664 4122 198,

814 4164 861 4204 nn.
883 4152 908 4214 l,
926 4150 964 4216 7).
987 4147 1171 4217 CoatIgeraat
1185 4162 1218 4200 eo
1234 4149 1364 4216 tempore
1384 4144 1515 4215 quadam
1533 4143 1665 4224 prodigia

814 4236 917 4306 (Epist,
948 4236 1008 4302 tas,
1037 4250 1065 4287 n.
1091 4237 1123 4299 53
1147 4233 1322 4296 Philostrias,
1354 4232 1397 4299 n,
1423 4232 1454 4295 83
1482 4228 1601 4295 Idacius,
1629 4230 1667 4283 acl

815 4337 916 4375 annum
942 4323 1012 4388 tt83
1041 4321 1213 4376 Marcellinus
1239 4325 1264 4375 et
1302 4317 1450 4388 Prosper);
1486 4316 1553 4371 hinc
1578 4334 1665 4388 porro

816 4408 953 4480 Hesychia
978 4411 1046 4463 nata
1067 4408 1176 4463 occasio
1196 4408 1307 4464 ridetur
1330 4406 1366 4461 ad
1397 4404 1590 4476 Augustinum
1614 4422 1666 4476 per

815 4513 906 4551 unum
925 4513 940 4551 e
960 4497 1018 4552 suis
1038 4496 1220 4568 presbyteris,
1250 4496 1295 4550 cui
1314 4509 1419 4549 nomen
1439 4493 1575 4560 Cornuto,
1596 4494 1665 4547 scri-

814 4586 910 4652 bendi,
920 4590 952 4641 ut
962 4587 1082 4641 dIsceret
1096 4603 1130 4641 ex
1145 4603 1190 4651 eo,
1207 4583 1349 4655 numquid
1363 4580 1511 4637 novissimi
1525 4582 1666 4637 adrentus

816 4675 929 4729 Domini
942 4680 1056 4746 tempus
1072 4674 1224 4729 imminere
1233 4688 1290 4726 non
1305 4674 1419 4741 putaret
1430 4669 1532 4742 :idque
1545 4671 1614 4725 satis
1625 4671 1666 4726 in-

815 4762 962 4835 telligitur,
979 4763 1075 4834 ipsum
1100 4759 1270 4832 hesychium
1294 4759 1369 4813 idem
1394 4759 1463 4813 illud
1493 4763 1608 4830 tempus
1633 4775 1665 4813 ex

815 4852 995 4924 septuaginta
1018 4850 1143 4907 Danielis
1177 4847 1414 4914 hebdomadibus,
1441 4862 1512 4918 quas
1541 4845 1665 4899 secundo

815 4940 950 4996 adventui
965 4939 1068 4995 Christi
1083 4936 1326 5003 accommodabat,
1343 4950 1442 4990 eruere
1455 4933 1592 4988 voluisse:
1609 4949 1666 5004 qna

815 5029 850 5083 de
865 5044 896 5083 re
905 5026 1099 5099 Augustinum
1112 5023 1283 5080 sententiam
1295 5024 1428 5096 rogabat.
1443 5022 1513 5077 IIuic
1520 5020 1667 5092 sapientis

815 5117 904 5171 slmns
921 5115 1027 5170 Praesul
1041 5130 1094 5185 per
1107 5112 1241 5168 eumdem
1257 5113 1456 5184 presbyterum
1474 5107 1634 5180 respondit,
1650 5123 1667 5160 n

815 5205 925 5258 ratione
939 5203 1065 5257 alienum
1084 5200 1260 5265 tidericum
1277 5216 1338 5255 rem
1354 5214 1492 5271 quarere,
1508 5212 1594 5268 quam
1605 5195 1665 5266 ipse

815 5292 943 5346 Christus
953 5295 1056 5345 tectam
1073 5305 1133 5343 esse
1147 5288 1285 5343 voluisset
1296 5305 1302 5355 ;
1314 5304 1408 5358 neque
1419 5285 1496 5339 aliud
1508 5283 1665 5354 quidquam

815 5379 919 5433 certius
938 5378 973 5432 de
989 5379 1044 5432 hoc
1058 5377 1198 5432 altlrtnari
1222 5393 1314 5448 posse,
1337 5375 1393 5428 nisi
1408 5371 1484 5442 qtrod
1503 5369 1666 5440 evangelica

818 5469 860 5519 lex
874 5466 1001 5520 nondum
1019 5482 1069 5536 per
1085 5465 1184 5520 arbem
1202 5465 1365 5519 nnimrsum
1380 5464 1452 5512 essct
1472 5457 1663 5529 promulgata.
