3884 6112
706 285 812 345 traua
833 285 936 345 UNUS.
1633 294 1700 350 lddd

71 408 180 481 genter,
196 419 263 459 cum
287 403 444 474 interrogo,
466 404 615 475 attendas;
636 422 672 462 ne
687 408 798 465 assidue
853 409 902 466 ris.
918 413 952 467 E.
969 410 1023 466 Per
1036 410 1109 466 mihi
1130 409 1193 465 haec
1211 408 1355 465 distinctio
1375 409 1468 482 placet
1484 410 1508 480 ¹,
1528 415 1558 468 et
1578 413 1701 471 libenter

71 509 182 563 tncessa,
200 493 286 549 etiam
300 492 335 547 de
348 490 384 547 iis
409 508 475 564 quae
497 491 571 548 bene
593 496 799 566 conceduntur,
852 499 1053 556 assentior.A.
1078 498 1147 555 Vide
1173 514 1242 570 ergo
1267 514 1355 567 nunc,
1380 503 1479 555 utrum
1500 515 1553 555 nos
1575 503 1701 573 aspicere

71 585 285 655 etecogantdt.
298 582 389 652 Perge
402 580 541 652 potiusad
554 585 657 638 cetera
672 600 679 639 z
695 600 799 655 quam-
849 592 947 659 ·pntes,
984 591 1017 645 ut
1051 587 1217 656 rideamns;
1248 603 1286 642 en
1321 587 1418 644 videre
1451 592 1485 645 ut
1519 588 1702 662 aspiciamus.

71 671 222 728 meddam
240 669 396 741 vigilantia
424 685 497 725 mere
520 670 661 744 quidquid
683 689 800 745 possum
852 679 885 732 E.
902 676 1052 732 ilincvcro
1067 692 1102 732 ue
1117 692 1209 733 caecus
1233 675 1350 748 quidem
1374 676 1528 750 quisquam
1553 669 1702 734 dubitave-

71 765 139 818 tme
153 760 242 834 pudet
256 759 291 813 de
313 759 453 814 sententia
476 758 577 815 cadere
598 759 701 833 toties),
723 777 800 817 nun·
853 765 900 834 rit,
915 769 1061 837 aspectum
1087 782 1146 821 esse
1171 770 1291 838 propter
1317 764 1466 833 visionem,
1488 782 1548 821 non
1562 764 1701 822 visionem

71 865 151 906 amen
163 849 310 904 deterrear
323 848 427 920 pudori
445 849 512 904 huic
526 848 622 917 reniti,
646 854 675 906 et
689 851 801 923 lapsum
853 858 972 926 propter
985 857 1139 927 aspectum.
1155 856 1193 910 A.
1211 854 1366 910 Fatendum
1381 852 1470 925 igitur
1482 853 1622 909 visionem
1635 853 1702 926 plu-

73 943 103 995 to
115 936 277 1010 presertim
291 953 411 992 maniam
427 938 522 1005 dante,
531 938 686 1009 corrigere.
703 940 801 1011 Neque
854 940 894 996 ris
912 958 1000 1014 quam
1019 947 1164 1014 aspectum
1192 959 1253 997 esse
1281 942 1472 1014 pendendam.
1487 944 1524 998 E.
1544 941 1704 998 Fatendum

71 1030 89 1083 t
108 1026 172 1082 ideo
197 1025 377 1099 suscipienda
399 1025 567 1098 pertinacia,
587 1025 656 1100 quia
676 1028 802 1100 optanda
856 1030 984 1088 omnino.
1000 1032 1037 1087 A.
1053 1031 1127 1102 Ergo
1142 1036 1171 1087 et
1184 1029 1332 1087 scientiam
1348 1029 1438 1101 pluris
1451 1046 1538 1103 quam
1549 1029 1702 1087 rationem.

72 1116 121 1173 tia.
855 1119 1244 1192 E.Conssqucnsvideo.1t.
1270 1120 1400 1175 Placetne
1426 1119 1478 1174 tibi
1501 1117 1636 1174 meliores
1654 1123 1704 1174 aut

71 1205 182 1262 untur
196 1204 300 1260 XXVII.
316 1233 351 1245 -
366 1204 446 1259 liutto
460 1207 486 1258 et
499 1205 683 1260 ratiocinatio.
852 1207 997 1265 feliciores
1023 1224 1083 1263 esse
1104 1207 1272 1266 hominibus
1296 1206 1424 1264 bestiast
1450 1210 1483 1263 E.
1499 1210 1614 1263 Avertat
1628 1208 1704 1263 Deus

71 1321 89 1346 t·
104 1288 258 1345 Proveniat
269 1287 321 1343 libi
334 1286 653 1358 plane'islaconslantia
666 1305 752 1360 qnam
762 1290 802 1345 ci·
855 1298 915 1351 tam
929 1295 1085 1352 immanem
1100 1295 1266 1353 amentiam.
1281 1297 1317 1352 Α,
1338 1297 1424 1352 Recto
1439 1312 1506 1351 sane
1520 1295 1703 1364 exhorruisti3

74 1375 270 1450 potest:mihi
292 1375 425 1446 placitam
450 1375 622 1431 sententiam
645 1377 800 1448 protulisti.
857 1383 906 1439 sed
922 1382 999 1439 adid
1012 1398 1065 1439 nos
1083 1382 1160 1455 cogit
1182 1382 1326 1438 sententia
1348 1388 1398 1439 tua
1414 1399 1421 1440 :
1440 1382 1537 1439 dixisti
1558 1383 1636 1439 enim
1656 1399 1704 1437 eas

71 1482 101 1522 nc
115 1465 166 1522 flto
182 1480 268 1537 quam
283 1463 524 1536 praesentissimus
538 1463 573 1519 ad
588 1463 642 1518 ista
654 1479 718 1537 quae
727 1465 802 1520 volo.
856 1470 963 1526 habere
976 1469 1136 1540 scientiam,
1154 1474 1183 1527 et
1197 1487 1254 1526 non
1268 1471 1374 1527 habere
1388 1470 1541 1527 rationem.
1554 1471 1706 1528 Rationem

76 1555 154 1611 enim
169 1553 220 1608 abs
232 1558 272 1622 te,
286 1552 355 1624 quid
369 1551 422 1607 tibi
436 1551 573 1607 interesse
587 1552 716 1608 videatur
730 1553 805 1609 inter
857 1563 953 1615 autern
966 1558 1053 1615 babet
1065 1559 1163 1628 homo,
1176 1575 1229 1631 per
1243 1575 1331 1632 quam
1346 1559 1391 1615 vix
1415 1560 1451 1615 ad
1473 1558 1622 1616 scientiam
1635 1575 1705 1632 per·

71 1659 99 1699 m
115 1647 143 1698 et
156 1641 415 1699 ratiocinationem.
434 1643 467 1697 Ε.
483 1642 547 1696 Non
562 1641 629 1696 satis
652 1642 732 1698 valeo
750 1639 804 1696 isla
857 1646 979 1703 venitur.
997 1645 1054 1702 Sed
1069 1650 1100 1702 ut
1113 1646 1268 1702 concedam
1283 1646 1363 1702 tacite
1386 1647 1549 1720 perveniri3
1566 1647 1635 1719 quid
1653 1663 1706 1702 nos

71 1748 129 1788 ere.
145 1735 184 1787 Α.
200 1733 334 1802 llocergo
346 1729 469 1796 intuere,
487 1733 584 1784 utrum
598 1729 742 1785 existimes
754 1728 805 1784 bo·
858 1733 1005 1806 adjurabit
1017 1733 1102 1801 ratio,
1114 1739 1146 1789 ut
1160 1732 1259 1789 bestiis
1267 1750 1319 1789 nos
1329 1736 1545 1808 anteponendos
1557 1739 1705 1807 putemus,

71 1837 112 1877 ern
137 1820 321 1890 adolescenti,
349 1819 409 1873 riro
435 1822 485 1873 aut
505 1817 548 1890 (ut
567 1833 683 1874 omnem
707 1817 804 1873 amba·
859 1837 924 1877 cum
936 1821 994 1877 illas
1008 1819 1134 1877 habeant
1146 1820 1306 1892 scientiam,
1321 1827 1350 1878 et
1363 1823 1437 1878 hanc
1453 1823 1545 1894 pluris
1559 1838 1646 1896 quam
1658 1839 1705 1878 re·

71 1909 178 1979 deramt
194 1907 317 1980 sapienti
336 1907 396 1962 sine
417 1905 630 1962 intermissione
645 1906 737 1963 inesse
758 1921 804 1961 ra·
858 1908 966 1966 tionem
980 1908 1163 1982 pendendam
1177 1925 1238 1964 esse
1252 1912 1431 1982 compertum
1445 1911 1506 1966 sitt

70 2040 78 2067 ,
93 1997 163 2054 dnm
177 2002 274 2052 mente
299 2013 384 2052 sanus
405 2000 458 2064 est,
481 1995 555 2051 sicut
574 1996 679 2051 bonam
699 1995 807 2050 valetu-
860 1998 972 2055 CAPUT
991 1997 1106 2054 XXVlIl.
1127 2026 1162 2039 -
1175 1999 1272 2054 Bestia
1291 1999 1347 2053 uim
1368 1997 1502 2055 amttetdi
1522 1998 1630 2067 babeat,
1653 2013 1708 2056 nott

71 2085 193 2159 corpori,
218 2086 286 2141 dum
312 2089 392 2156 peste
415 2101 447 2140 ac
468 2083 637 2140 vulneribus
659 2086 754 2152 caret3
769 2099 806 2139 an
1035 2101 1038 2107 ’
1210 2087 1362 2142 scientium.

71 2173 210 2241 mbulare,
236 2173 345 2235 sedere.
364 2172 455 2246 loqni,
486 2173 571 2228 modo
599 2171 692 2228 inesse
719 2172 806 2229 modo
896 2176 939 2230 54.
955 2177 988 2231 Ε.
1012 2174 1104 2246 Cogor
1132 2172 1262 2244 omnino,
1290 2178 1342 2229 aut
1361 2172 1511 2231 scientiam
1529 2173 1628 2232 bestiis
1649 2191 1709 2233 non

85 2263 124 2320 E.
135 2263 218 2319 Sane
231 2261 322 2318 menti
334 2278 447 2335 semper
461 2265 531 2335 puto
545 2261 638 2318 inesse
654 2261 804 2318 rationem.
860 2263 1026 2335 concedere,
1042 2266 1094 2319 eut
1106 2261 1179 2319 nibil
1195 2278 1337 2331 recusare,
1351 2261 1503 2335 quinmihi
1517 2263 1621 2320 merito
1629 2266 1709 2320 ante·

71 2351 174 2407 dhoet
187 2351 257 2406 dum
268 2367 321 2424 per
335 2367 370 2406 ca
383 2365 448 2423 quae
458 2350 654 2407 conceduntur
668 2366 700 2407 ac
714 2349 806 2407 mani-
860 2355 1017 2425 ponantur.
1037 2351 1103 2420 Sed,
1130 2367 1237 2424 quaeso,
1260 2351 1371 2424 explica
1392 2351 1473 2418 illud,
1488 2352 1566 2425 quod
1586 2351 1622 2409 de
1640 2366 1710 2408 cane

71 2442 119 2508 int,
134 2439 180 2495 rel
194 2439 399 2512 interrogando
422 2438 522 2507 adum,
545 2439 590 2495 vel
613 2439 807 2496 connectendo
861 2442 967 2514 Ulyssis
980 2440 1215 2505 commemoravi,
1230 2440 1385 2511 qualenam
1412 2439 1470 2498 sit:
1487 2456 1555 2497 narn
1580 2439 1641 2513 ejus
1655 2438 1710 2495 ad·

71 2528 227 2587 seducimus
254 2545 307 2585 nos
331 2528 365 2584 ad
386 2528 507 2601 alicujus
527 2526 569 2583 rei
592 2527 806 2600 cognitionem
861 2530 1015 2587 miratione
1030 2533 1189 2585 commotus
1202 2533 1262 2585 tarn
1289 2528 1416 2585 inaniter
1441 2528 1553 2585 latrari.
1579 2530 1616 2585 A.
1638 2526 1712 2594 Quid

71 2636 107 2676 ne
121 2619 172 2675 tibi
188 2621 236 2674 ant
253 2634 317 2686 nos,
332 2623 383 2674 aut
397 2617 491 2691 quivis
505 2618 619 2692 sapiens
639 2633 752 2689 semper
765 2617 807 2672 ia·
862 2622 958 2676 numm
973 2619 1028 2676 hoc
1040 2621 1125 2692 putas
1140 2633 1212 2685 esse,
1228 2616 1284 2672 nisi
1298 2616 1357 2673 vim
1381 2616 1535 2689 quamdam
1558 2615 1711 2684 sentiendi,

71 2711 89 2764 t.
106 2708 168 2763 Non
183 2722 319 2778 semper:
334 2722 392 2761 non
408 2706 486 2761 enim
501 2720 615 2778 semper
626 2704 714 2759 homo
741 2702 808 2774 qui-
862 2724 920 2765 non
934 2706 1064 2764 sciendit
1079 2706 1167 2762 Sensu
1183 2704 1261 2760 enim
1276 2720 1329 2760 nos
1341 2703 1441 2760 bestiae
1454 2704 1553 2760 multae
1564 2707 1711 2777 superant,

71 2799 95 2852 rt
108 2794 231 2868 sapiens,
242 2794 565 2868 quantumopinior,rel
578 2808 675 2849 secum
689 2792 732 2847 vel
743 2807 808 2846 cnm
862 2798 944 2869 cujus
957 2794 1001 2852 rei
1022 2810 1138 2851 oausam
1159 2808 1218 2849 non
1239 2791 1287 2848 hic
1309 2792 1390 2847 locus
1412 2795 1456 2846 est
1477 2795 1511 2847 ut
1536 2806 1711 2863 queramus,

71 2883 133 2940 aerit
145 2883 253 2955 aliquid
265 2882 433 2939 disserendo
445 2898 528 2939 :nam
543 2879 594 2954 qui
608 2878 723 2953 quaerit,
734 2894 808 2934 non·
862 2889 958 2942 mente
972 2888 1080 2951 autem,
1095 2882 1217 2950 ratione,
1230 2879 1357 2947 scientia,
1373 2895 1424 2935 nos
1438 2877 1494 2934 illis
1509 2880 1584 2935 Dens
1598 2894 1712 2952 praepo-

71 2973 170 3041 .venit;
196 2973 236 3028 ita
250 2971 274 3027 si
289 2987 404 3042 semper
418 2969 531 3043 querit.
555 2983 704 3041 nunquam
730 2967 808 3022 invt-
863 2973 928 3030 suit.
945 2972 1001 3030 Sed
1014 2971 1063 3028 ille
1077 2987 1176 3027 sensus
1191 2984 1226 3026 ea
1239 2968 1343 3042 quibus
1355 2967 1426 3023 tales
1448 2965 1551 3022 animae
1567 2966 1713 3023 delectan-

71 3062 146 3134 piens
158 3066 256 3117 autem
267 3060 329 3132 jam
344 3059 463 3128 invenit,
477 3062 510 3114 ut
523 3056 597 3114 nihil
612 3056 690 3113 aliud
704 3054 808 3124 dicam,
862 3066 920 3129 tur,
944 3061 1094 3118 accedente
1123 3057 1329 3115 consuetudine
1353 3056 1433 3129 cnjus
1459 3070 1566 3127 magna
1590 3055 1633 3110 vis
1660 3059 1714 3123 est,

71 3165 110 3206 im
122 3149 304 3223 sapientiam,
324 3163 423 3220 quam,
438 3162 504 3203 cum
518 3149 593 3203 esset
616 3147 728 3215 stultus,
753 3144 809 3200 dis·
862 3154 958 3225 potest
968 3149 1150 3218 discernere;
1165 3153 1252 3220 atque
1267 3161 1301 3202 eo
1316 3143 1436 3213 lucilius,
1452 3144 1529 3216 quod
1542 3143 1640 3200 anima
1652 3142 1713 3200 bel-

71 3238 226 3303 >fortasse
246 3241 296 3292 aut
310 3253 428 3308 quoquo
443 3236 528 3291 modo
539 3235 595 3290 alio
616 3237 738 3307 poterat,
763 3249 809 3288 re·
863 3241 978 3296 lucrum
990 3237 1082 3310 magis
1092 3235 1206 3309 corpori
1229 3233 1374 3305 alilxaest,
1388 3233 1470 3305 cujus
1484 3232 1527 3288 illi
1538 3236 1605 3288 sunt
1614 3248 1714 3289 sensus

71 3330 103 3384 rt.
120 3327 157 3383 Α.
175 3327 260 3383 Recte
276 3325 364 3380 ditis:
381 3341 470 3396 quare
494 3324 638 3395 intelligas
663 3322 728 3379 volo
751 3338 810 3377 non
864 3328 969 3401 quibus
983 3327 1076 3384 utitur
1098 3326 1136 3382 ad
1164 3325 1272 3381 victum
1299 3323 1545 3395 voluptatemque,
1565 3336 1653 3392 (ιιιιιιιι
1681 3337 1715 3377 ex

71 3432 120 3472 am
136 3415 289 3483 rationem,
312 3415 382 3470 dum
404 3430 456 3485 per
479 3428 513 3470 ca
534 3428 600 3485 quae
614 3411 811 3468 conceduntur
864 3416 966 3473 eodem
979 3414 1030 3472 illo
1045 3430 1166 3487 corpore
1181 3412 1266 3485 capit.
1292 3413 1424 3468 Humana
1448 3425 1514 3466 vero
1542 3409 1639 3464 anima
1663 3425 1716 3481 per

71 3504 178 3577 tognita
192 3506 269 3573 sunt,
282 3502 318 3559 ad
334 3502 442 3575 aliquid
457 3500 637 3574 incognitum
653 3501 809 3556 ducimur:
865 3504 1007 3561 rationem
1032 3505 1118 3574 atque
1135 3501 1293 3569 scientiam,
1323 3498 1358 3556 de
1382 3497 1488 3571 quibus
1501 3496 1623 3568 agimus,
1639 3496 1715 3569 qnod

71 3592 108 3648 im
121 3609 180 3648 non
208 3607 332 3663 semper,
358 3595 391 3645 ut
414 3590 476 3663 jam
503 3588 709 3657 consensimus,
736 3587 812 3644 inest
865 3596 933 3649 sunt
946 3590 1097 3662 istalongc
1110 3587 1310 3663 prestantiora
1330 3586 1470 3654 sensibus,
1486 3584 1635 3658 suspendit
1654 3598 1717 3639 sea

71 3698 163 3750 senoe3
178 3680 251 3737 ratio
266 3684 363 3735 autem
376 3693 499 3749 semper.
865 3694 983 3752 corpore
996 3682 1137 3751 quantum
1151 3681 1257 3749 potest,
1272 3679 1301 3732 et
1315 3692 1350 3732 ea
1364 3690 1429 3747 quas
1448 3673 1537 3743 intus,
1551 3675 1604 3742 est,
1620 3671 1713 3728 liben-

71 3773 91 3827 t.
106 3769 256 3841 Intelligo;
272 3769 322 3824 sed
336 3784 475 3841 quorsum
489 3766 568 3822 ista?
581 3767 620 3821 Α.
635 3764 707 3830 Quia
724 3765 812 3838 paulu
866 3767 923 3824 tius
936 3765 1042 3823 fruitur
1054 3765 1203 3837 voluptate
1215 3781 1222 3833 ;
1237 3766 1402 3837 quantoque
1417 3762 1448 3817 in
1462 3777 1563 3818 sensus
1581 3759 1715 3829 declinat,

71 3858 147 3927 xisti,
163 3861 317 3930 propterca
332 3873 378 3912 me
393 3856 558 3912 tibideberc
573 3853 705 3910 assentiri
719 3853 812 3909 scien·
866 3860 946 3913 tanto
961 3853 1054 3926 magis
1065 3852 1234 3910 similiorem
1247 3851 1395 3909 hominem
1406 3851 1503 3923 pecori
1509 3849 1588 3907 lacit.
1598 3848 1666 3905 lnde
1675 3853 1718 3905 est

71 3962 98 4003 os
109 3946 216 4002 habere
231 3949 296 4001 ante
310 3946 461 4013 rationem,
485 3944 561 4018 quod
576 3943 692 4016 cognito
715 3943 813 4016 aliquo
868 3942 1048 4018 quodetiam
1062 3941 1146 4017 pueri
1161 3942 1318 4014 vagientes,
1339 3944 1448 4014 quanto
1476 3939 1627 3996 alieniores
1640 3955 1657 3994 e
1671 3953 1717 3993 ra-

72 4035 163 4107 ,dum
177 4051 229 4090 nos
244 4033 318 4090 ratio
327 4035 362 4090 ad
375 4033 553 4106 incognitum
563 4031 746 4089 ducit:nunc
760 4049 813 4087 au·
866 4033 946 4090 tione
975 4035 1052 4101 sunt,
1081 4036 1162 4087 tanto
1186 4030 1297 4086 lucilius
1324 4028 1488 4085 discernunt
1513 4042 1599 4084 seusu
1631 4025 1717 4082 ctiam

71 4121 199 4179 venimus
214 4138 274 4177 non
284 4120 428 4177 rationem
440 4119 597 4175 vocandam
608 4135 668 4174 esse
679 4118 749 4174 dum
758 4119 814 4174 hoc
868 4123 1030 4177 contactum
1046 4116 1338 4190 conjunctionemque
1360 4116 1516 4182 nutricum,
1535 4129 1588 4169 nec
1601 4112 1718 4168 odorem

71 4228 76 4281 ;
93 4210 240 4266 nonenim
257 4227 325 4266 sana
350 4224 430 4265 mens
445 4207 504 4279 agit
531 4207 584 4263 hoc
604 4222 729 4279 semper,
748 4223 814 4263 cum
869 4209 992 4265 aliarum
1005 4210 1127 4280 possunt
1151 4205 1302 4276 sustinere,
1331 4220 1398 4262 cum
1412 4202 1517 4277 quibus
1541 4199 1719 4258 consuetudo

71 4303 197 4360 rhabeat
217 4302 376 4358 rationem:
392 4301 443 4356 sed
466 4302 542 4356 recte
566 4298 620 4355 ista
637 4299 816 4355 tortassera-
868 4313 928 4354 non
942 4295 1006 4352 luit.

71 4393 115 4450 tio
140 4391 325 4461 nominatur;
353 4394 385 4447 ut
411 4389 483 4445 ratio
505 4388 542 4444 sit
569 4387 687 4459 quidam
712 4387 816 4444 mentis
905 4390 950 4442 55.
966 4384 1171 4451 Quamobrem,
1199 4381 1331 4456 quamvis
1350 4381 1428 4438 abad
1448 4395 1483 4436 ex
1504 4376 1562 4433 alio
1575 4373 1719 4444 inciderit,

71 4497 110 4550 us,
132 4480 315 4537 ratiocinatio
346 4483 443 4536 autem
464 4475 581 4535 rationis
605 4475 763 4548 inquisitio,
786 4475 817 4533 id
869 4473 1094 4530 libentertamen
1108 4472 1140 4528 in
1149 4487 1321 4528 eosermona
1333 4471 1478 4536 demoror,
1487 4464 1721 4538 quoadmouetur

71 4575 179 4644 spectus
206 4569 295 4638 illius,
318 4585 369 4641 per
398 4584 432 4624 ea
459 4583 524 4640 quae
551 4564 713 4637 aspicienda
739 4569 816 4635 sunt,
872 4563 978 4631 anima,
993 4578 1029 4618 ne
1045 4577 1074 4617 se
1088 4562 1265 4633 ultraquam
1278 4557 1430 4615 necessitas
1441 4554 1527 4627 cogit,
1543 4552 1677 4610 retundat
1689 4552 1721 4609 in

86 4660 180 4726 Quare
202 4657 256 4713 ista
283 4674 357 4729 opus
380 4661 422 4712 est
441 4653 688 4728 adquaerendam,
704 4653 754 4710 ille
781 4653 819 4710 ad
870 4667 992 4720 sensus;
1006 4650 1056 4707 sed
1072 4649 1109 4706 ab
1121 4648 1268 4722 hispotius
1282 4643 1724 4718 edseipsamcoltigst,otrepue-

71 4763 133 4804 nm.
156 4749 255 4819 ltaque
282 4762 348 4802 cum
373 4746 421 4801 ille
444 4743 547 4801 mentis
570 4748 711 4815 aspectus,
732 4759 819 4815 quem
873 4731 1724 4811 rascatlleo:quodestnorumhominemtieri,vetereexu·

71 4851 110 4892 em
124 4851 270 4904 vocamus,
296 4835 443 4907 conjectus
456 4833 486 4889 in
512 4849 574 4889 rem
590 4831 729 4904 aliquam,
744 4831 821 4888 ridet
872 4832 902 4883 to
915 4843 923 4896 ;
937 4844 955 4882 a
968 4841 1026 4899 quo
1041 4825 1168 4899 incipere
1180 4825 1300 4897 propter
1313 4821 1473 4893 neglectam
1481 4818 1532 4876 ltei
1539 4821 1633 4892 legem
1647 4824 1725 4877 carta

89 4919 208 4976 scientie
231 4919 399 4975 nominatur
415 4935 421 4974 :
438 4933 504 4974 cum
532 4921 629 4973 autem
657 4932 717 4971 non
745 4916 821 4972 videt
874 4919 918 4971 est
929 4913 1093 4977 necessitas,
1107 4929 1165 4986 qno
1178 4926 1272 4984 neque
1286 4908 1629 4981 veriusnequesecretius
1643 4908 1725 4982 qnid·

77 5008 208 5082 quamvis
222 5008 354 5065 intendat
372 5011 535 5080 aspectum
554 5004 665 5061 inscitie
679 5005 724 5060 rel
737 5003 820 5076 igno·
875 5021 964 5077 quam
976 5002 1128 5076 scripturis
1142 5000 1247 5058 divinis
1260 4998 1431 5056 continetur.
1444 4999 1552 5055 Vellem
1564 4997 1724 5070 bincplnre

76 5096 192 5154 dieitur.
209 5098 275 5154 Nou
302 5096 380 5152 enim
407 5094 498 5152 ethis
521 5092 718 5165 corporalibus
733 5092 822 5148 oculis
875 5085 1724 5162 dicere,semeipsumconstringere,dumquasitibipreci·

80 5185 132 5259 qni
153 5186 265 5258 aspicit,
281 5185 375 5252 ridet;
392 5185 469 5256 quod
483 5183 514 5238 in
533 5182 660 5238 tenebris
687 5179 823 5237 facillime
875 5180 935 5253 pio,
945 5183 980 5236 ut
991 5178 1064 5235 nibil
1080 5176 1281 5248 uliudagerem
1288 5191 1375 5250 quam
1388 5175 1523 5233 redderer
1537 5172 1726 5243 mihi,cuime

71 5273 236 5331 drsrtimus.
252 5275 291 5330 lix
307 5288 365 5345 quo
380 5271 481 5343 liquet,
494 5274 527 5327 ut
539 5271 652 5344 opinor,
668 5269 746 5326 aliud
760 5285 824 5326 esse
876 5266 1003 5323 maxime
1030 5263 1120 5322 debeo
1143 5264 1166 5337 (l
1184 5267 1317 5337 Retract,
1334 5280 1395 5336 cop.
1418 5267 1450 5332 a,
1469 5280 1497 5320 rt.
1517 5264 1543 5334 3)
1559 5279 1567 5318 z
1582 5266 1670 5334 etque
1687 5261 1728 5318 ita

70 5380 131 5433 nm,
146 5364 225 5420 aliud
240 5362 396 5428 risionem;
411 5376 476 5432 que
490 5359 589 5416 dnoin
613 5363 710 5417 mente
732 5359 824 5416 ratio·
877 5357 938 5414 Deo
953 5352 1030 5425 fleri,
1046 5352 1121 5426 quod
1137 5351 1334 5421 altiloratius,
1356 5355 1484 5409 Amicum
1498 5351 1664 5422 mmcipium
1677 5350 1726 5408 do·

71 5454 86 5507 *t
100 5449 249 5506 ”ionum
263 5446 456 5547 ¹¹⁰mi¹¹ffmff³
473 5445 532 5545 N,i³i
551 5445 669 5546 ‘1¹qu
690 5431 824 5546 ΨΜ
911 5480 920 5516 ¹
935 5478 979 5532 sic
992 5489 1085 5529 omnes
1117 5488 1164 5526 uas
1175 5473 1289 5541 legimus
1300 5473 1430 5526 editiones
1439 5488 1446 5535 ;
1456 5485 1547 5524 nonne
1556 5471 1728 5541 meliuslssse

71 5541 156 5605 roret,
172 5540 222 5593 aut
235 5551 338 5608 parum
352 5533 476 5591 dilucide
490 5536 545 5590 ista
556 5533 689 5590 distincta
703 5533 823 5590 arbitra·
879 5542 953 5592 retur
968 5554 974 5589 ε
988 5542 1047 5590 aas
1061 5489 1202 5592 dts‘iisetto
1214 5536 1284 5590 mtbt
1293 5536 1445 5603 perplacet?
1475 5535 1512 5586 bl.

133 5643 273 5709 Parnoi..
299 5641 421 5708 XXXII.
1275 5637 1562 5721 (Trerus-quatre.)
