3884 6112
130 231 198 287 lasa

129 359 229 410 teneor
242 349 359 418 teneris,
369 349 502 403 mordeor
511 349 659 411 morderis,
672 363 770 401 arceor
780 347 892 408 arceris,
908 348 981 402 mul-

130 441 196 481 ceor
209 420 352 484 mulceris,
366 418 638 490 impleorimpleria,
655 417 816 473 Declinabis
832 419 893 473 baec
917 435 980 489 pas-

130 495 190 552 siva
203 508 254 566 per
267 491 367 546 modos
382 497 410 545 et
422 496 552 560 tempora
571 494 599 544 et
621 506 769 561 personas.
798 490 852 544 Per
865 491 977 555 modos,

130 565 246 634 utdixi,
275 562 469 626 indicativum,
495 562 706 631 imperativum,
724 561 892 630 optativum,
913 578 980 615 eon-

129 637 302 765 punctirum,
312 633 499 700 infinitivum,
515 633 569 686 hoc
583 637 626 686 est
640 632 715 702 qnod
732 632 790 686 dixi
806 648 856 703 par
870 633 979 687 modos.

157 725 188 763 er
200 713 331 777 tempora
345 709 450 768 autem,
466 703 708 784 idestpraaterila,
720 704 873 772 prasentia
883 704 926 757 vel
941 703 954 757 i
972 733 983 742 ·

132 784 206 835 tura.
225 779 365 833 Personas
389 780 485 830 autem
502 774 571 842 dixi,
587 774 695 845 prima,
711 775 832 828 secunda
847 778 875 829 et
888 774 980 839 tertia,

134 855 168 905 ut
179 854 280 904 teneor
294 846 400 901 teneris
413 850 544 912 tenetur;
561 851 589 899 et
601 845 751 926 pluraliter
763 849 896 899 tenemur
903 850 983 899 tone·

134 920 208 977 mini
223 924 366 973 tenentur.
383 918 448 971 llaec
463 916 535 970 sicut
549 916 617 982 dixi,
637 915 811 972 observabis.
834 916 888 970 Sed
912 933 983 985 quo-

134 990 220 1048 modo
235 995 268 1044 ut
282 988 414 1059 superius
428 987 499 1053 dixi,
515 987 609 1057 prima
622 987 786 1057 conjugatio
800 1003 865 1058 quae
880 987 939 1041 exit
954 986 984 1039 iu

136 1078 178 1131 as,
193 1066 226 1116 ut
239 1075 303 1115 amo
311 1075 399 1126 amas,
415 1059 490 1129 capit
502 1065 530 1112 et
540 1059 626 1112 verba
637 1057 786 1123 neutralia,
798 1062 913 1112 ulcerto
924 1073 984 1111 cer·

136 1137 191 1201 tas,
205 1137 273 1186 nato
287 1136 380 1199 natas,
392 1133 421 1183 in
435 1130 562 1200 quibusr
575 1129 733 1183 litteranon
744 1129 918 1194 admittitur3
933 1143 986 1181 nec

137 1204 214 1259 enim
229 1202 350 1257 dicimus
363 1205 464 1266 certor,
491 1206 593 1254 nator:
613 1201 653 1255 sic
667 1200 696 1253 in
713 1202 764 1254 lrac
783 1200 986 1270 conjugatione

138 1274 274 1342 secunda,
288 1289 353 1345 quae
364 1272 421 1326 exit
433 1272 463 1325 in
479 1287 523 1333 co,
541 1287 581 1338 es,
598 1275 629 1325 ut
643 1286 746 1325 moneo
764 1287 873 1337 mones,
899 1271 987 1325 doceo

70 1378 74 1391 .
139 1346 232 1413 doces,
248 1348 315 1398 sunt
342 1344 442 1409 multa,
470 1358 534 1411 quae
549 1358 607 1396 non
621 1342 802 1396 admittuntr
817 1342 942 1396 litteram
956 1342 987 1395 in

137 1417 233 1488 prima
246 1431 379 1487 persona,
396 1419 428 1467 ut
438 1413 519 1482 algeo
535 1414 623 1482 alges,
651 1417 744 1466 scateo
763 1417 852 1466 scates
867 1429 874 1479 ;
892 1414 988 1484 algeor

139 1488 217 1543 enim
240 1502 298 1540 non
315 1489 357 1539 est
372 1483 493 1537 latinum
510 1500 517 1537 :
534 1483 573 1536 sic
589 1483 682 1537 ferreo
697 1482 799 1552 ferves,
815 1489 915 1554 torpeo
930 1489 989 1536 tor-

140 1574 202 1629 pes,
214 1556 327 1627 pendeo
351 1554 467 1624 pendes,
493 1553 606 1607 invideo
622 1553 731 1608 invides
743 1570 750 1607 :
762 1555 893 1625 quamvis
904 1556 989 1609 llora-

140 1625 198 1683 tius
208 1625 426 1698 poetaiaoideor
437 1625 539 1679 dixerit
551 1624 594 1695 (ln
607 1625 676 1679 Arte
689 1627 806 1690 Portica,
822 1642 848 1680 u.
865 1627 923 1693 56),
939 1624 989 1679 sed

141 1714 215 1754 nova
227 1697 412 1768 usurpatione
429 1695 490 1750 :sic
512 1695 625 1749 emineo
651 1694 769 1763 emines,
794 1712 846 1751 nec
869 1696 990 1750 dicimus

141 1769 280 1824 emineor.
300 1769 349 1822 llae
372 1767 436 1821 dura
454 1766 671 1836 conjugationes
690 1767 785 1838 prima
806 1772 835 1822 et
856 1767 989 1833 secunda,

141 1856 213 1912 quas
226 1838 350 1895 diximus
366 1837 442 1892 exire
457 1837 489 1892 in
503 1853 534 1890 as
549 1842 578 1891 et
592 1837 622 1891 in
635 1853 674 1900 es,
692 1843 724 1891 ut
736 1854 802 1892 amo
827 1854 915 1901 amas,
931 1854 991 1891 rno-

141 1927 198 1966 neo
211 1925 322 1975 mones,
337 1909 468 1963 futurum
490 1923 605 1978 semper
619 1913 732 1980 tempus
746 1909 777 1963 in
796 1909 832 1963 bo
852 1909 991 1980 syllabam

142 1983 270 2048 mittunt,
284 1985 317 2034 ut
331 1981 445 2047 amabo,
461 1979 597 2036 monebo.

187 2053 299 2108 CAPUT
315 2052 382 2107 xvl.
398 2081 432 2090 -
449 2050 489 2104 De
501 2053 582 2105 tertia
593 2054 618 2104 et
633 2053 734 2119 quarta
748 2049 945 2118 conjupctr'oae.

178 2123 223 2179 Sic
237 2122 360 2177 servabis
376 2121 550 2192 ubicumque
564 2121 692 2175 futurum
712 2124 825 2190 tempus
841 2120 871 2173 in
885 2121 922 2175 bo
933 2123 990 2192 syl·

143 2195 237 2250 labam
252 2193 360 2260 mittas,
376 2192 444 2263 quia
459 2192 599 2245 suntaliae
610 2191 674 2245 duee
689 2190 914 2262 conjugationes,
928 2208 993 2262 quae

142 2266 273 2321 futurum
287 2268 401 2332 tempus
415 2261 446 2316 in
458 2277 504 2316 am
528 2262 666 2332 syllabam
685 2261 810 2326 mittant,
827 2277 884 2317 non
899 2263 929 2317 in
944 2264 991 2329 bo,

144 2341 172 2391 et
184 2339 322 2390 vocantur
331 2333 402 2404 ipsa
415 2331 632 2403 conjugationes
646 2331 731 2386 tertia
745 2337 876 2403 correpta
892 2339 922 2388 et
935 2338 992 2387 ter·

144 2406 185 2460 tia
218 2405 344 2459 reducta.
368 2402 462 2457 Tertia
483 2408 613 2474 correpta
627 2408 679 2467 est,
704 2419 768 2473 quae
792 2404 831 2458 im
853 2404 992 2459 erativum

144 2421 263 2531 mogum
278 2474 335 2528 ine
350 2477 510 2543 correptam
525 2473 623 2540 mittit,
636 2477 669 2528 ut
688 2473 787 2543 scribe,
803 2421 881 2539 tofta,
898 2491 992 2555 carpe,

144 2546 251 2612 occide,
268 2561 338 2612 sere,
348 2545 420 2616 lege.
437 2544 509 2613 Ergo
520 2543 615 2598 vidisti
626 2543 829 2614 imperativum
845 2544 884 2599 sic
908 2562 993 2601 exire.

144 2616 239 2672 'l'erlie
250 2616 347 2688 itaque
361 2614 524 2686 conjugatio
536 2620 578 2669 est
591 2620 731 2685 correpta,
748 2631 811 2687 quae
826 2631 939 2688 semper
952 2617 994 2671 lu-

146 2692 244 2743 turum
258 2692 372 2756 tempus
391 2686 422 2739 in
435 2701 482 2739 am
496 2685 594 2754 mittit,
609 2701 758 2766 nunquam
768 2687 798 2739 in
813 2687 860 2754 bo,
876 2692 908 2741 ut
927 2687 996 2742 scri·

146 2758 222 2840 bam,
237 2759 343 2840 legam,
358 2757 469 2822 tollam,
485 2772 620 2826 carpam:
656 2773 703 2810 ura
717 2757 839 2812 latinum
869 2773 927 2812 non
942 2764 994 2825 cst,

146 2828 170 2884 si
192 2829 296 2884 dixerit
340 2828 394 2895 uis,
416 2825 556 2895 scrihebo,
582 2828 644 2899 lege
665 2844 692 2894 o,
719 2828 835 2891 tollabo,
863 2830 995 2899 carpebo.

144 2900 240 2955 'l'ertia
256 2845 387 2954 similiter
402 2899 564 2968 conjugatio
587 2898 725 2968 producta
739 2914 771 2952 ax
786 2898 885 2953 eodem
901 2900 998 2970 impe·

146 2970 237 3026 reliso
252 2970 338 3024 modo
352 2969 507 3040 colligitur.
519 2969 590 3024 Cum
603 2968 680 3024 enim
695 2969 881 3040 imperativus
897 2972 998 3026 modus

146 3041 203 3096 exit
220 3041 274 3095 ini
295 3041 431 3108 litteram,
446 3040 531 3094 tertia
557 3040 641 3109 conju
664 3040 719 3094 atio
734 3041 873 3112 producta
888 3047 940 3109 est,
967 3048 1000 3098 ut

147 3111 225 3180 audi,
242 3112 329 3175 nutri,
344 3110 429 3179 senti,
446 3110 537 3178 muni,
553 3056 718 3178 sarabiam,
728 3115 757 3165 et
771 3111 848 3166 talia.
859 3111 998 3168 Similiter

146 3181 233 3237 etiam
244 3183 305 3236 baec
317 3181 445 3236 futurum
458 3185 573 3251 tempus
585 3181 667 3235 inam
679 3182 805 3249 mittunt,
813 3186 845 3236 nt
853 3183 994 3254 muniam,

145 3251 264 3317 leniam,
279 3251 417 3318 nutriam,
435 3252 559 3306 audiam.
576 3252 629 3306 Sed
647 3252 731 3306 tertia
745 3258 875 3323 correpta
885 3253 915 3308 in
928 3254 994 3309 inll-

145 3323 207 3378 nito
223 3323 307 3378 modo
321 3338 337 3376 e
352 3327 512 3392 correptam
525 3323 611 3377 habet
625 3327 692 3376 ante
706 3323 891 3378 novissimam
906 3325 994 3396 sylla-

145 3394 224 3462 bam,
237 3398 268 3448 nt
280 3393 414 3457 scribere,
425 3394 530 3462 legere,
541 3394 652 3461 tollere,
663 3397 691 3448 et
705 3393 774 3447 talia
787 3410 793 3449 :
807 3395 996 3451 tertiaautem

145 3465 285 3538 producta
299 3465 386 3520 habet
399 3464 429 3519 in
442 3464 664 3519 antenorissima
678 3465 785 3534 syllaba
800 3465 830 3520 in
846 3465 959 3521 infinito
975 3468 995 3528 i.

146 3552 212 3609 qum
225 3535 404 3609 producitur,
418 3538 451 3590 ut
473 3535 598 3603 munire,
613 3535 714 3603 lenire,
744 3535 854 3606 audire,
881 3538 994 3606 sarcire,

147 3607 262 3673 sentire,
280 3607 386 3661 venire.
400 3606 480 3663 Unda
493 3606 524 3660 in
538 3605 673 3661 omnibus
684 3606 778 3661 verbis
801 3608 846 3662 bec
860 3609 996 3680 conjuga·

146 3677 238 3733 tiones
253 3676 450 3743 observantur,
468 3693 533 3749 quae
552 3681 657 3732 exeunt
671 3677 702 3730 in
726 3693 757 3731 as
772 3683 800 3732 et
815 3678 845 3733 in
866 3694 904 3744 es,
919 3680 996 3734 lutu-

146 3764 213 3804 rum
226 3752 341 3819 tempus
349 3748 379 3802 in
390 3749 426 3803 bo
439 3748 566 3814 mittunt,
582 3752 613 3802 ut
625 3748 730 3818 saepius
743 3747 812 3803 dixi.
821 3750 890 3814 Quae
900 3755 997 3806 autem

146 3818 178 3873 in
192 3819 217 3873 is
233 3823 348 3887 exeunt,
361 3819 491 3872 laturum
504 3819 838 3888 tempusinammittont,
848 3837 997 3894 nunquam

146 3887 178 3942 in
190 3887 239 3954 bo,
251 3889 306 3942 nisi
318 3887 485 3942 auctoritate
500 3894 675 3959 praesumpta
692 3905 698 3943 :
715 3905 782 3943 nam
798 3907 843 3945 ars
861 3892 916 3946 hoc
929 3909 997 3963 pro·

146 3958 235 4013 bibet.
251 3957 304 4013 Sed
317 3958 413 4030 aliqua
427 3958 512 4012 verba
525 3959 661 4029 ponimus
676 3959 768 4014 tertiae
785 3962 847 4032 conj
853 3963 997 4032 ugationis

148 4034 299 4099 correptae,
312 4044 347 4083 ex
382 4027 466 4083 uibus
480 4033 508 4083 et
521 4029 577 4083 alia
591 4030 788 4101 consequaris.
813 4032 885 4087 Sunt
900 4039 996 4089 autem

147 4100 227 4155 brec:
242 4101 316 4172 lego,
329 4045 412 4167 tolio,
423 4099 515 4172 erigo,
527 4116 621 4171 carpo,
634 4117 785 4173 cognosco,
798 4103 890 4173 capio,
906 4105 995 4175 fugio,

147 4186 257 4242 mergo,
273 4186 348 4239 sero,
364 4187 465 4244 arguo,
491 4172 610 4253 accipio,
631 4188 718 4243 pono,
743 4189 837 4242 sumo,
861 4176 994 4244 accendo,

147 4257 270 4313 expono,
285 4242 404 4314 incipio.
425 4244 489 4297 llaec
502 4243 671 4314 accrpiuntr
686 4243 819 4309 litteram,
837 4250 866 4300 et
888 4247 998 4302 iaciunt

168 4312 258 4367 assisa
282 4314 369 4368 verbe
389 4313 481 4384 legor,
506 4329 618 4383 carpor,
643 4314 750 4385 capior,
776 4320 830 4371 etc.
857 4317 914 4373 Sub
944 4319 997 4373 hac

147 4328 240 4438 ,bruta
254 4389 320 4439 sunt
334 4384 485 4450 neutralia,
505 4400 571 4465 quae
590 4400 647 4438 non
674 4386 818 4456 accipiunt
831 4403 846 4441 r
861 4388 994 4456 litteram,

146 4459 180 4509 ut
194 4454 263 4510 cado
278 4470 285 4508 ε
302 4454 453 4509 nonenim
469 4455 590 4509 dicimus
617 4455 712 4510 cador.
729 4458 798 4512 Item
823 4474 886 4524 ruo,
903 4476 997 4531 neque

148 4524 226 4579 enim
240 4524 361 4580 dicimus
372 4540 443 4579 ruor
457 4541 463 4580 :
478 4525 560 4593 facio,
576 4541 668 4596 neque
679 4526 755 4580 anim
765 4528 886 4583 dicimus
896 4531 994 4586 lacior.

146 4594 219 4649 ltem
243 4594 379 4665 fulgesco,
404 4594 521 4662 nitesco,
551 4596 684 4664 fervesco,
711 4598 832 4669 algesco,
856 4605 994 4672 torpesco,

147 4679 306 4735 compesco,
324 4666 464 4735 nigresco.
482 4667 546 4721 llaec
572 4667 668 4722 omnia
682 4683 697 4721 r
712 4668 835 4723 litteram
864 4687 923 4725 non
945 4673 996 4726 ho·

145 4733 225 4801 bant,
242 4741 271 4790 et
286 4735 419 4791 dicuntur
429 4737 516 4791 verba
530 4738 671 4794 neutralia
685 4754 750 4811 quae
766 4745 872 4796 exeunt
892 4741 922 4796 in
938 4759 995 4798 sco.

147 4805 541 4931 Epgtppeutraliamemineris
551 4825 674 4881 semper,
684 4826 833 4883 nunqnam
846 4813 996 4870 admittere

146 4892 161 4931 r
185 4893 194 4930 r
238 4891 310 4931 ram.

147 4947 261 5005 CAPUT
273 4949 353 5004 llllll.
376 4980 411 4991 -
430 4952 472 5006 De
496 4953 575 5007 aerbo
593 4954 728 5007 communi
742 4953 814 5008 uude
836 4954 955 5025 dicotur,
971 4961 997 5014 et

377 5020 411 5076 de
427 5024 615 5092 conjugatione
635 5023 764 5091 ejusdem.

181 5091 342 5146 Remanent
355 5091 412 5146 duo
425 5094 481 5148 alia
494 5094 580 5148 verba
595 5109 659 5165 quae
674 5095 838 5150 communia
862 5096 997 5154 dicuntur

145 5165 175 5216 et
193 5161 377 5233 deponentia.
406 5164 461 5219 Sed
484 5165 649 5219 communia
672 5165 736 5221 ideo
759 5166 902 5236 dicuntur,
928 5170 997 5242 qnia

145 5234 336 5290 communiter
350 5234 437 5290 simul
451 5239 550 5289 tenent
576 5235 628 5290 sub
645 5253 703 5291 uno
726 5253 796 5293 sono
819 5240 943 5295 activum
967 5245 996 5296 et

143 5305 299 5375 passivum.
322 5306 472 5371 Quomodo
499 5306 530 5360 in
545 5308 711 5362 nominibus
728 5324 819 5379 genus
843 5327 995 5367 commune

145 5375 368 5449 diciturquodet
382 5377 572 5433 masculinum
582 5379 993 5438 tenetetfemininumsubuno

144 5462 226 5527 sono,
248 5453 280 5502 ut
293 5448 435 5517 sacerdos,
462 5450 561 5518 bomo,
573 5448 619 5504 hic
636 5455 665 5505 et
685 5450 747 5505 brec
768 5453 897 5508 sacerdos
916 5454 993 5521 iacit,

143 5514 191 5570 bic
204 5522 233 5572 et
246 5518 306 5574 brec
320 5519 427 5588 bomo;
443 5521 483 5576 sic
494 5525 522 5576 at
536 5520 622 5576 verba
631 5522 795 5577 communia
810 5523 995 5582 dicunturzet

143 5601 206 5641 nun
227 5604 295 5646 uam
309 5589 457 5663 deponunt
470 5608 485 5648 r
500 5591 636 5662 litteram,
651 5608 689 5648 ne
703 5609 761 5649 non
775 5593 832 5650 sint
843 5595 942 5652 latina.
959 5597 995 5652 Ut

144 5671 193 5739 osc
226 5674 269 5728 or,
285 5661 310 5716 si
325 5662 409 5717 tollas
422 5679 437 5718 r
451 5664 575 5721 litteram
599 5668 628 5720 et
649 5664 726 5720 dicas
753 5665 846 5730 oculo,
873 5683 931 5722 non
952 5671 994 5723 est

134 5724 272 5792 ramam.
283 5731 451 5793 didicimus
464 5750 531 5795 cum
546 5735 669 5811 agimus,
684 5736 798 5795 osculor
808 5740 854 5808 te;
865 5738 935 5795 dum
945 5756 992 5795 aa·

786 223 833 278 DE
851 223 1090 280 obtunsum
1108 220 1225 278 LIBER.

1839 220 1886 273 tiu

1034 352 1092 402 tem
1106 345 1234 418 patimur
1248 349 1277 399 et
1289 345 1324 399 ab
1339 342 1566 406 alioafficimur,
1577 339 1715 420 dicimus
1728 342 1884 398 oscmorate

1035 419 1075 473 sic
1088 416 1226 472 criminor
1241 420 1278 483 te,
1295 432 1353 469 non
1368 415 1504 483 crimino,
1530 429 1608 468 cum
1625 416 1778 466 actionem
1801 412 1882 485 signiti-

1036 506 1143 556 camus,
1161 488 1189 543 id
1205 491 1247 541 est
1261 502 1325 542 cum
1336 487 1444 541 crimen
1458 484 1641 556 objicimus,
1661 483 1804 538 criminor
1826 488 1884 541 tadi·

1036 562 1146 627 cimus;
1164 575 1228 613 cum
1240 564 1336 612 antem
1351 557 1461 612 crimen
1477 556 1569 611 nobis
1588 554 1748 626 objicitur,
1757 555 1885 612 cnminrra

1036 638 1063 687 te
1079 632 1211 699 dicimus,
1227 630 1255 684 id
1271 634 1312 683 est
1324 629 1432 684 crimen
1447 646 1464 683 a
1480 633 1510 682 te
1524 627 1634 692 undio,
1661 630 1692 681 et
1715 631 1760 681 est
1775 627 1885 696 signitica-

1036 704 1076 757 tio
1087 703 1206 774 passiva.
1218 701 1399 756 lleelinantur
1413 705 1514 754 antem
1526 699 1626 754 rerba
1642 697 1711 753 haec
1720 703 1756 751 ut
1772 702 1885 769 superiora

1037 791 1089 846 per
1104 773 1214 842 modos,
1228 777 1358 842 tempora
1382 776 1410 825 et
1424 787 1582 841 personas.
1609 771 1765 839 Tempora
1784 774 1885 839 present

1038 843 1221 915 singulariter
1235 843 1371 897 criminor
1383 841 1551 897 criminaris
1570 840 1770 906 criminatur,
1786 843 1887 912 etplnra-

1038 918 1104 972 liter
1119 915 1307 969 criminamur
1321 913 1518 968 criminamini
1533 912 1760 966 criminantur.
1773 912 1887 968 Preterita

1039 987 1204 1058 imperfecto
1227 985 1410 1055 singulariter
1424 984 1616 1039 criminabar
1641 983 1887 1038 criminabarisra'·

1039 1058 1212 1120 minabatur,
1224 1061 1252 1110 et
1262 1055 1668 1127 pluralitercriminabamur
1683 1054 1887 1110 criminabanini

1040 1128 1274 1184 criminabantur.
1295 1127 1441 1181 Praeterito
1455 1127 1594 1197 perlecto
1611 1125 1809 1196 singulariter
1819 1128 1887 1181 crini·

1041 1205 1212 1265 natussum,
1229 1198 1394 1252 criminatus
1409 1214 1449 1265 as,
1465 1195 1653 1252 criminatus
1672 1200 1737 1250 est:
1755 1200 1783 1250 et
1800 1199 1887 1268 plurali

1035 1276 1085 1326 ter
1099 1269 1242 1324 criminati
1257 1285 1365 1334 sumus,
1381 1268 1531 1323 criminati
1549 1268 1639 1333 estis,
1670 1267 1820 1322 criminati
1836 1276 1886 1323 sunt

1041 1342 1189 1398 Praeterito
1204 1341 1498 1412 plusquamperfecto
1524 1338 1738 1410 singulariter
1756 1338 1887 1396 curucam

1042 1429 1132 1480 eram,
1148 1427 1221 1476 eras,
1237 1419 1298 1466 erat
1310 1428 1315 1466 :
1329 1417 1356 1465 ct
1367 1410 1519 1481 pluraliter
1530 1409 1698 1465 criminati
1714 1426 1834 1476 eramus,
1849 1428 1886 1465 era·

1042 1485 1088 1548 tis,
1100 1488 1193 1537 orant.
1206 1483 1313 1537 Futuro
1320 1481 1507 1552 singulariter
1517 1481 1887 1537 criminaborcriminabers

1043 1553 1241 1609 criminabitur
1257 1570 1263 1608 :
1280 1558 1309 1607 et
1322 1553 1473 1624 pluraliter
1488 1552 1739 1608 criminabimur
1759 1553 1888 1623 criminali·

1043 1624 1358 1680 miniariminabuntur.
1369 1625 1689 1694 lmperatirusautem
1700 1624 1889 1695 modnssenper

1043 1697 1074 1752 in
1090 1696 1183 1750 verbis
1197 1696 1228 1749 in
1240 1710 1271 1749 re
1286 1695 1353 1762 exit,
1369 1701 1402 1750 ut
1415 1695 1495 1750 dicas
1507 1695 1686 1749 criminare
1710 1695 1806 1764 illum,
1826 1696 1849 1749 id
1863 1706 1889 1749 en

1044 1767 1153 1823 crimen
1167 1767 1209 1821 illi
1224 1766 1333 1837 ingere.
1350 1766 1482 1836 Optativo
1503 1767 1604 1820 niodo
1627 1767 1685 1833 sic,
1704 1767 1815 1821 utinam
1826 1766 1889 1819 enni

1044 1854 1129 1893 narer
1142 1837 1335 1892 criminareris
1349 1837 1561 1891 criminaretur
1574 1841 1627 1892 :et
1642 1838 1804 1907 pluraliter
1815 1837 1888 1890 aunan

1044 1907 1500 1964 criminaremurcriminaremini
1508 1907 1888 1963 criminarentur.i'rateritr

1045 1980 1171 2052 perlecto
1185 1979 1369 2049 singulariter
1385 1978 1497 2032 utinam
1511 1979 1888 2046 criminatusessem,uini·

1046 2056 1130 2106 natus
1146 2066 1229 2114 esses,
1247 2050 1415 2105 criminatus
1429 2056 1506 2104 esset
1524 2065 1532 2103 ε
1550 2054 1583 2104 et
1600 2049 1769 2119 pluraliter
1786 2049 1889 2104 crinitat'

1047 2138 1183 2187 essemus,
1199 2120 1342 2175 criminati
1357 2120 1465 2184 essetis,
1494 2120 1664 2176 criminati
1680 2127 1789 2177 essent.
1816 2123 1889 2176 fulan

1046 2191 1230 2264 singulariter
1245 2192 1356 2247 utinam
1370 2191 1509 2246 criminer
1524 2191 1891 2247 crimineriscrimineturrt
1934 2248 1936 2259 ,

1047 2263 1197 2336 pluraliter
1207 2263 1393 2318 criminemur
1405 2262 1617 2318 criminamini
1627 2264 1832 2319 criminentur.
1845 2266 1891 2317 tan·

1045 2334 1173 2406 junctivo
1197 2334 1283 2389 modo
1301 2333 1486 2403 singulariter
1500 2349 1577 2389 cum
1602 2335 1758 2390 criminer
1768 2335 1891 2390 cuminus

1048 2405 1225 2461 criminetur.
1241 2405 1387 2460 Praeterito
1396 2403 1575 2474 imperfecto
1584 2405 1787 2478 singulariter
1800 2405 1892 2460 centn

1048 2477 1173 2531 minarer
1188 2474 1379 2531 criminareris
1389 2475 1618 2531 criminaretur.
1633 2478 1793 2532 Praeterito
1802 2477 1892 2549 perlecta

1049 2546 1232 2618 singulariter
1244 2563 1308 2602 cum
1324 2545 1490 2600 criminatus
1507 2545 1583 2613 sim,
1602 2548 1789 2604 criminatus
1806 2549 1845 2610 sis,
1857 2546 1891 2600 cri·

1049 2619 1176 2673 minatus
1189 2618 1226 2671 sit
1242 2634 1249 2672 :
1270 2621 1298 2672 et
1311 2617 1458 2687 pluraliter
1470 2617 1635 2673 criminati
1652 2619 1761 2685 simus,
1784 2617 1892 2673 crininai

1050 2689 1120 2754 sitis,
1137 2688 1280 2743 criminati
1294 2688 1360 2742 sint.
1374 2688 1524 2742 Praeterito
1542 2689 1720 2771 plusquam
1734 2690 1848 2762 perlecto
1859 2690 1895 2742 aiu

1051 2759 1189 2831 gulariter
1202 2775 1267 2814 cum
1286 2758 1454 2813 criminatus
1468 2775 1580 2825 essem,
1596 2760 1895 2828 criminatusesses,eri

1051 2830 1176 2885 minatus
1190 2834 1281 2885 esset:
1298 2835 1326 2884 et
1340 2829 1489 2900 pluraliter
1500 2831 1668 2887 criminati
1682 2849 1821 2898 essemus,
1833 2831 1896 2885 uini

1052 2900 1113 2956 nati
1132 2900 1240 2967 essetis,
1256 2900 1400 2956 criminati
1425 2906 1518 2954 esent.
1545 2903 1710 2974 Tempore
1725 2904 1819 2959 futuro
1831 2904 1895 2964 siner

1053 2971 1150 3026 lariter
1162 2988 1227 3026 cum
1254 2971 1420 3026 criminatus
1434 2988 1494 3038 ero,
1524 2973 1600 3034 eris.
1636 2976 1699 3030 erit
1717 2989 1725 3031 ε
1740 2981 1771 3030 et
1783 2975 1895 3047 pluraliter

1052 3058 1118 3097 cum
1134 3042 1280 3097 criminati
1305 3043 1421 3109 erimus,
1438 3042 1531 3108 eritis,
1559 3050 1670 3100 erunt.
1696 3046 1783 3102 llodo
1805 3045 1893 3100 infinita

1053 3129 1139 3185 quem
1154 3113 1279 3168 diximus
1295 3112 1373 3168 nulla
1384 3112 1729 3185 signiticarapersonas,
1742 3117 1896 3185 tacitinpre

1052 3183 1135 3250 senti,
1148 3183 1313 3250 criminari;
1335 3184 1364 3238 in
1383 3184 1546 3255 praeterito,
1576 3187 1782 3243 criminatum
1804 3186 1895 3249 esse;in

1050 3256 1155 3319 futuro,
1171 3254 1354 3309 criminatum
1376 3254 1422 3311 iri.
1448 3255 1488 3308 Ad
1507 3256 1590 3310 banc
1613 3259 1752 3314 formam
1767 3256 1895 3314 commanis

1049 3327 1135 3380 rerba
1150 3325 1307 3382 declinabis
1322 3325 1362 3380 sie
1374 3342 1380 3380 :
1392 3326 1503 3394 hortor,
1523 3327 1666 3397 jaculor,
1692 3331 1817 3397 osculor,
1828 3327 1895 3384 nidili

1050 3400 1213 3465 cor„tutor,
1225 3397 1367 3466 consolor,
1382 3401 1502 3464 scrutor,
1532 3414 1658 3468 moror,
1691 3402 1808 3457 tenerer
1819 3400 1895 3470 ample

1051 3474 1123 3536 ctor,
1137 3471 1166 3521 et
1179 3467 1269 3534 furor,
1286 3468 1361 3523 unde
1375 3472 1418 3523 est
1431 3468 1640 3525 iurorfuraris
1657 3472 1895 3541 furatur,comitor,

1050 3538 1193 3601 recordor,
1211 3538 1389 3605 reminiscor,
1405 3543 1595 3611 percunctor,
1615 3530 1742 3612 minor,
1757 3550 1852 3616 gestor,
1866 3540 1895 3611 pi·

1051 3626 1124 3676 scor,
1140 3610 1257 3679 odoror,
1271 3626 1406 3681 aucupor,
1422 3626 1524 3678 aanor,
1545 3616 1773 3687 comtemplor,
1789 3615 1894 3688 specular.

1051 3685 1154 3750 sector,
1174 3696 1304 3747 veneror,
1319 3680 1432 3753 dignor,
1448 3697 1566 3751 precor,
1580 3685 1732 3757 miseror,
1743 3686 1896 3754 vadesitet

1050 3751 1182 3816 fidedico,
1200 3750 1369 3822 calumnior,
1385 3757 1414 3807 et
1427 3752 1496 3806 talia
1507 3769 1580 3825 quae
1599 3771 1768 3830 nunquam
1781 3758 1897 3829 deponunt

1050 3839 1065 3876 r
1080 3823 1203 3878 litteram
1216 3839 1300 3878 :nam
1325 3823 1350 3878 si
1369 3824 1528 3895 deponunt,
1545 3826 1651 3883 latina
1667 3845 1733 3885 non
1761 3837 1834 3885 sunt.
1852 3825 1896 3892 Quia

1051 3894 1128 3949 enim
1143 3894 1218 3949 dicat
1230 3890 1392 3959 reminisco,
1408 3900 1459 3949 aut
1471 3897 1613 3966 recordo,
1642 3901 1692 3956 rel
1709 3900 1810 3982 digno,
1826 3901 1860 3953 rel
1870 3911 1896 3950 sc

1050 3970 1095 4020 cto
1105 3965 1119 4018 ‘l
1129 3965 1202 4037 Ergo
1217 3965 1382 4021 memineris
1397 3965 1458 4020 hac
1473 3981 1598 4039 semper
1612 3987 1717 4026 cumr
1737 3974 1897 4029 htteraeaur

1050 4036 1133 4092 tiara.

1184 4107 1296 4163 CAPUT
1305 4106 1399 4162 lllllll.
1413 4136 1448 4148 -
1462 4107 1505 4162 De
1519 4109 1610 4166 verim
1622 4112 1794 4185 deposcenti.

1085 4179 1183 4234 Restat
1201 4178 1320 4233 rerbum
1333 4178 1490 4248 deponens,
1514 4182 1601 4251 quod
1628 4183 1703 4241 ideo
1721 4187 1835 4254 dicitnr,
1854 4179 1901 4255 quit

1050 4248 1168 4320 deponit
1183 4249 1293 4321 aliquid
1306 4249 1341 4305 de
1356 4248 1517 4320 quantitate
1532 4257 1718 4312 communis
1741 4258 1829 4314 verbi.
1848 4255 1898 4310 b‘an

1051 4336 1115 4374 cum
1129 4319 1280 4392 participia
1302 4325 1426 4392 quatuor
1449 4320 1555 4376 habeat
1585 4327 1728 4384 verbum
1751 4338 1899 4385 murmure:

1051 4406 1188 4461 praesens,
1204 4399 1236 4445 ut
1248 4391 1417 4458 criminare
1433 4391 1579 4458 futurum.
1599 4398 1840 4467 criminaturus,
1850 4411 1900 4468 pra·

1051 4463 1179 4529 teritum,
1192 4462 1374 4530 criminatus;
1386 4461 1527 4530 futurum,
1539 4465 1781 4528 criminandus:
1793 4488 1809 4526 a
1820 4467 1901 4543 passira

1051 4531 1467 4603 significationecriminandus,
1484 4533 1620 4593 hocnon
1637 4539 1736 4598 babet
1751 4538 1899 4598 verbumde

1050 4620 1169 4674 ponens.
1186 4605 1217 4658 Et
1231 4604 1295 4658 ideo
1305 4604 1408 4659 dicitur
1419 4604 1583 4686 deponens,
1602 4611 1680 4681 quia
1693 4612 1821 4685 deponit
1836 4622 1899 4666 unna

1051 4674 1233 4756 participium
1247 4676 1336 4729 futuri
1346 4680 1483 4746 temporis
1495 4692 1513 4731 a
1526 4678 1622 4734 verbo
1636 4686 1776 4752 passivo,
1787 4681 1899 4757 quadrat
1927 4738 1930 4743 ,

1051 4762 1081 4800 ru
1094 4745 1147 4800 dus
1158 4747 1307 4816 syllabam,
1320 4750 1351 4800 ut
1365 4751 1433 4816 puta
1445 4745 1549 4827 opinor
1564 4752 1616 4805 vel
1631 4753 1744 4810 minor
1758 4756 1844 4811 rerba
1856 4755 1898 4807 sual

1051 4816 1233 4887 deponentia.
1250 4817 1360 4872 Venita
1375 4816 1528 4888 participio
1562 4825 1713 4879 raesentis
1728 4825 1871 4898 temporis
1881 4826 1897 4873 tl

1050 4887 1117 4943 lacit
1131 4888 1255 4953 minans,
1270 4888 1366 4943 futuro
1391 4893 1521 4959 tempore
1536 4833 1613 4947 licit
1640 4895 1827 4963 minaturus,
1848 4908 1898 4977 pre

1050 4958 1135 5013 terito
1146 4958 1213 5013 iacit
1227 4958 1499 5014 minatusl'uturoa
1509 4958 1743 5031 significatione
1760 4969 1897 5041 passiuner

1050 5028 1117 5084 iacit
1136 5029 1290 5084 minandus
1301 5046 1308 5085 ε
1320 5030 1360 5084 sic
1374 5031 1495 5102 opinans
1510 5032 1698 5102 opinaturus
1709 5040 1846 5111 opinatus
1856 5036 1897 5106 opi

1050 5101 1162 5156 nundus
1173 5117 1232 5155 non
1245 5101 1312 5155 iacit
1322 5117 1328 5155 :
1340 5102 1383 5155 vel
1397 5101 1421 5156 si
1432 5101 1509 5156 dicas
1519 5106 1659 5162 moriens
1671 5112 1839 5168 moriturus
1847 5118 1897 5163 nor

1050 5176 1125 5238 tuus,
1140 5188 1198 5227 non
1209 5172 1276 5226 facit
1290 5173 1465 5238 moriendus,
1477 5173 1546 5244 quia
1559 5192 1626 5232 non
1640 5185 1690 5236 est
1702 5183 1840 5238 latinum.
1850 5181 1897 5247 frgi

1050 5248 1079 5298 et
1092 5244 1147 5298 hoc
1162 5242 1309 5313 deponens
1321 5243 1439 5298 verbum
1464 5244 1505 5298 sic
1520 5250 1678 5317 percurrit
1705 5269 1764 5323 per
1779 5254 1898 5310 morosa

1050 5318 1180 5386 tempora
1189 5319 1369 5385 etpersonas.
1381 5315 1638 5390 Quomodosnpra
1648 5322 1774 5381 dictum
1789 5330 1839 5389 est,
1848 5335 1898 5376 con

1050 5401 1136 5440 mune
1150 5386 1269 5441 verbum
1282 5402 1340 5440 non
1355 5384 1483 5457 deposita
1498 5402 1513 5440 r
1526 5387 1631 5446 littera
1645 5393 1783 5452 latinum
1805 5401 1852 5457 est,
1867 5391 1898 5446 de
1926 5422 1929 5435 =

1049 5456 1141 5527 posita
1157 5462 1251 5512 autem
1272 5457 1393 5513 latinum
1408 5473 1467 5512 non
1478 5461 1540 5526 est;
1555 5461 1602 5516 sic
1626 5465 1726 5522 etiam
1752 5462 1899 5541 deponente

1049 5544 1113 5582 cum
1129 5528 1308 5599 perdiderint
1322 5529 1484 5598 rlitteram,
1500 5529 1596 5591 latina
1611 5550 1676 5591 non
1694 5545 1778 5595 sunt.
1800 5531 1898 5605 subjicio

1047 5598 1144 5671 itaque
1159 5615 1236 5656 nunc
1284 5616 1337 5656 uca
1349 5600 1436 5656 verba
1445 5600 1641 5673 deponentia,
1651 5615 1768 5666 caetera
1782 5602 1897 5667 usnslati·
1934 5614 1936 5621 ’

1048 5685 1102 5725 nus
1113 5670 1235 5728 docebit.
1271 5676 1324 5728 unt
1337 5676 1451 5729 autam:
1467 5672 1584 5757 opiner,
1602 5677 1723 5749 minor,
1735 5687 1897 5756 gratemur?

1048 5741 1134 5812 tulor,
1151 5741 1283 5816 arbitror,
1293 5743 1450 5816 gumar,
1464 5759 1617 5820 auspicor,
1629 5750 1795 5825 misereor,
1812 5753 1896 5811 leneu-
