3884 6112
27 294 31 307 Ι
142 225 209 282 raes

618 214 667 273 DE
686 213 843 273 uoufflus
862 212 1154 281 usulcfluouull,
1175 212 1202 269 S.
1225 207 1418 269 Auousruu
1855 213 1899 266 lau

138 355 191 421 est,
206 348 356 406 deliciosas
384 359 463 401 escas
488 339 854 414 respuendssjudicaretis.
871 340 942 397 llam
964 339 990 396 si
1042 341 1116 397 bano
1130 334 1423 405 snmitavenditore,
1452 348 1592 408 passura
1623 334 1685 400 est,
1710 330 1792 404 qnod
1812 346 1899 402 paeon
1934 406 1936 421 Ι

137 440 203 514 quis
217 438 305 495 etium
319 449 417 490 rerum
432 434 565 488 naturam
578 429 694 502 vimque
707 429 812 485 animae
827 428 989 501 etcorporis
1043 434 1115 498 erat,
1131 428 1154 483 ei
1169 432 1198 484 te
1213 427 1299 483 dante
1314 423 1518 497 sumpsisset?
1535 419 1679 478 luvolrit
1694 419 1790 492 igitur
1802 422 1898 478 sordibn
1934 486 1936 497 Ι

138 530 236 586 minus
259 527 385 591 intuens,
401 521 481 577 vobis
496 519 631 576 concedat
660 519 786 574 animam
811 518 991 591 coinquinari
1044 519 1174 590 peccator
1195 514 1243 571 ille
1264 514 1412 569 mendicus
1428 517 1554 586 partem
1583 510 1646 566 Dei
1668 508 1803 563 revolare
1815 510 1897 580 supin

140 620 175 676 de
190 615 324 679 obsonio,
334 612 426 668 multo
442 609 533 680 magis
548 624 611 664 eam
621 610 718 663 tamen
728 607 909 663 immundam
927 606 991 663 sieri
1044 611 1114 676 tem,
1129 604 1188 661 tuis
1201 602 1329 659 nummis
1341 601 1378 659 ad
1390 606 1511 657 motum
1528 599 1639 656 scelus
1667 597 1809 669 adjutus:
1835 602 1898 654 eth

138 705 295 779 cupiditate
310 698 474 758 comeditis.
497 697 567 763 Ouae
589 712 658 768 ergo
674 696 747 752 ratio
767 701 820 767 est,
835 697 879 752 rel
894 695 991 768 potius
1044 711 1111 751 men
1138 710 1188 749 vos
1208 692 1340 749 homines
1363 690 1607 764 prudentissimi
1637 687 1788 743 interesse
1812 687 1896 743 arbitr

140 795 274 858 amentia,
301 791 336 846 de
362 802 482 843 numero
517 785 673 841 electorum
698 784 845 840 hominem
872 785 990 857 pellere,
1044 783 1128 852 mini,
1138 782 1163 837 si
1176 782 1366 839 homicidium
1378 781 1494 836 facturo
1506 795 1574 836 non
1583 777 1669 834 detis
1681 776 1894 849 hominemque

139 883 189 957 qui
204 883 276 938 forte
291 893 406 934 carnem
433 874 605 931 valetudinis
619 890 713 942 caiisa,
731 874 810 929 nulla
837 874 992 946 cupiditate
1045 872 1167 942 occidat,
1180 871 1229 927 scd
1240 871 1360 926 scientes
1372 870 1534 942 pecuniam
1545 867 1638 924 unde
1651 866 1842 922 occidendum
1851 883 1894 922 eoa

138 968 313 1045 gustaverit:
330 967 354 1022 si
369 971 466 1021 autern
481 964 727 1036 piperata-tubera
750 963 888 1019 voraciter
909 964 992 1019 odere

139 1056 326 1130 concupierit,
343 1053 536 1110 immodestiae
550 1057 664 1108 tantum
679 1053 752 1108 forte
766 1052 882 1124 possitis
897 1068 994 1124 repre·

139 1148 278 1216 haedere,
295 1148 463 1201 nouantem
477 1148 509 1198 ut
522 1147 722 1214 corruptorem
737 1141 873 1196 damnare
897 1140 992 1213 signa-

139 1237 221 1293 ouli‘?
233 1237 276 1291 lla
289 1234 323 1290 tit
346 1238 379 1288 ut
393 1233 424 1287 in
439 1231 536 1288 electis
551 1231 652 1286 vestris
667 1246 801 1286 essenon
826 1229 928 1301 possit,
943 1228 994 1301 qni

141 1325 269 1400 proditus
291 1322 387 1390 fuerit,
416 1337 475 1376 non
500 1319 739 1392 concupiscendo,
765 1320 816 1375 scd
830 1319 993 1374 medendo¹

142 1417 254 1487 partem
267 1412 393 1483 aliquam
408 1425 534 1465 coenasse
556 1407 690 1480 gallinae:
718 1423 779 1463 esse
803 1411 899 1462 aulem
915 1407 995 1461 iniis

141 1501 232 1592 possit
259 1500 309 1572 qui
333 1498 516 1553 vehementer
545 1495 703 1567 cumiphas,
734 1497 762 1550 et
788 1495 842 1550 alia
864 1496 996 1567 placenta

141 1605 227 1646 carne
239 1586 364 1644 carentia
381 1586 557 1642 desiderasse
572 1600 601 1639 se
615 1583 676 1655 ipse
693 1582 864 1655 prodiderit.
881 1582 995 1638 Tenetis

145 1694 214 1750 ergo
230 1693 297 1733 eum
326 1691 413 1747 quern
442 1672 583 1745 cupiditas
609 1671 740 1727 sordibus
764 1670 879 1742 mergit,
908 1687 996 1742 quem

143 1782 209 1823 vero
223 1765 284 1838 ipse
300 1764 388 1829 cibus,
404 1766 436 1817 ut
450 1761 641 1829 arbitramini,
657 1760 792 1829 maculat,
809 1776 867 1815 non
880 1761 995 1829 tenetis,

142 1870 208 1910 cum
222 1852 454 1924 inquinationem
477 1848 851 1922 decoooupiscentiaquam
863 1850 897 1905 de
912 1849 995 1905 obso·

144 1943 193 2000 nio
208 1943 294 2013 longe
307 1941 446 2014 majorem
461 1938 524 1995 lieri
539 1937 697 2007 fateamini,
714 1939 937 2010 complectentes
952 1941 995 1993 ta·

144 2047 212 2087 men
225 2047 292 2087 enm
307 2029 358 2102 qui
372 2029 494 2084 conditis
522 2027 688 2083 suavissime
702 2026 835 2099 frugibus
862 2027 998 2083 imminet

143 2120 269 2188 inhians,
302 2133 420 2190 seseque
443 2132 503 2173 non
531 2120 627 2172 tenet:
654 2117 837 2172 excludentes
864 2132 931 2172 eum
946 2115 997 2188 qui

144 2207 286 2281 quaslibet
299 2207 397 2278 epulas
411 2203 564 2260 hominum
580 2202 806 2275 comprimendae
818 2202 903 2258 iamis
913 2217 998 2258 causa

145 2296 207 2351 sine
222 2295 281 2351 ulla
296 2293 450 2365 cupiditate
465 2296 582 2364 paratus
597 2306 721 2360 sumere,
737 2295 766 2346 et
780 2294 897 2363 paratus
912 2291 997 2347 amit·

145 2388 218 2448 tere,
233 2382 432 2439 indifferenter
446 2379 530 2451 capit.
548 2381 589 2435 lin
603 2379 670 2434 miri
691 2394 797 2449 mores,
822 2396 859 2435 an
881 2379 998 2453 egregia

146 2471 309 2544 disciplina,
325 2486 361 2526 en
371 2467 565 2525 memorabilis
578 2467 783 2541 temperantia!

183 2561 228 2616 52.
241 2561 303 2615 lem
319 2557 397 2630 quod
410 2573 443 2612 ea
468 2574 532 2630 quae
556 2557 637 2612 vobis
662 2557 744 2629 quasi
767 2557 918 2629 purganda
931 2557 998 2613 olie-

147 2652 251 2704 runtor
264 2647 300 2704 ad
315 2648 424 2720 epulas,
449 2646 529 2701 neias
547 2645 655 2716 putatis
669 2645 692 2700 si
711 2646 776 2718 quis
796 2646 868 2701 alius
893 2651 999 2718 praeter

119 2790 124 2797 .
146 2736 251 2793 electos
265 2736 302 2792 ad
317 2735 472 2791 cibandum
486 2734 623 2804 tetigerit,
639 2739 754 2806 quantoe
771 2734 960 2806 turpitudinis
971 2738 1000 2791 et

147 2825 302 2898 aliquando
317 2823 430 2879 sceleris
449 2824 568 2895 plenum
595 2823 660 2878 est‘l
684 2822 834 2894 Siquidem
848 2839 924 2896 saeps
939 2828 999 2880 tam

147 2915 239 2971 multa
253 2915 368 2982 dautur,
382 2917 416 2969 ui
430 2912 560 2969 consumi
574 2911 657 2967 facile
673 2911 793 2984 spaucis
808 2928 866 2967 non
879 2913 996 2983 possint.

148 3006 182 3062 Et
197 3004 335 3078 quoniam
350 3003 534 3075 sacrilegium
548 3006 674 3074 putatur,
691 3002 735 3057 vel
750 3002 813 3058 aliis
831 3003 898 3058 dare
921 3002 998 3076 quod

149 3092 300 3162 redundat,
315 3092 360 3147 rol
371 3096 446 3147 certe
461 3090 594 3163 abjicere,
607 3090 638 3145 in
650 3106 769 3163 magnas
794 3090 1000 3147 contrudimini

149 3180 317 3245 cruditates,
333 3182 428 3233 toturn
442 3179 520 3251 quod
534 3178 635 3234 datum
650 3181 693 3233 est
720 3178 802 3251 quasi
812 3195 936 3251 purgare
950 3196 999 3235 ou-

148 3268 272 3341 pientes.
299 3268 362 3322 lam
388 3282 456 3321 vero
471 3265 598 3334 distenti,
619 3270 648 3322 et
673 3281 762 3338 prope
777 3272 934 3340 crepantes,
950 3284 999 3324 eos

149 3355 199 3429 qoi
214 3355 266 3410 sub
279 3358 372 3409 restra
385 3353 536 3426 disciplina
551 3357 628 3421 sont,
647 3370 753 3425 pueros
775 3355 811 3411 ad
837 3355 1000 3413 devoranda

149 3443 260 3517 reliqua
271 3443 379 3500 crudeli
391 3441 588 3498 dominatione
599 3442 783 3515 compellitis:
795 3443 834 3498 ita
845 3447 877 3499 ut
886 3445 999 3501 cuidam

149 3532 186 3588 sit
197 3533 296 3588 Rornae
310 3532 467 3605 objectum,
483 3530 558 3604 quod
574 3531 695 3587 miseros
722 3533 858 3603 parvulos
872 3535 999 3606 cogendo

149 3620 185 3677 ad
200 3621 371 3677 vescendum
386 3621 436 3676 tali
451 3619 656 3692 superstitione
671 3622 822 3677 necaverit.
838 3621 919 3687 Quod
941 3639 999 3678 non

149 3709 306 3776 crederem,
320 3709 376 3764 nisi
396 3708 499 3764 scirem
514 3712 656 3781 quantum
680 3708 761 3764 netas
789 3725 849 3765 esse
878 3711 999 3767 arbitre-

148 3797 231 3865 mini,
246 3797 290 3852 vel
304 3797 368 3852 aliis
382 3797 444 3852 hnc
458 3797 526 3852 dare
541 3797 592 3868 qui
602 3797 686 3855 electi
699 3813 759 3853 non
774 3801 850 3866 sunt,
866 3799 910 3854 rel
924 3788 1000 3856 certe

149 3884 326 3957 projicienda
352 3900 462 3939 curare.
503 3884 582 3940 Unde
609 3885 659 3939 illa
686 3884 818 3941 vescendi
847 3887 1000 3944 necessitas

149 3984 246 4048 restat,
263 3996 328 4052 quae
343 3979 379 4034 ad
395 3977 591 4051 turpissimam
605 3978 778 4035 cruditatem
792 3983 803 4018 ¹
818 3996 890 4053 pene
909 3984 1001 4054 quoti·

149 4068 206 4138 die,
225 4068 381 4142 aliquando
395 4073 492 4125 tamen
506 4071 602 4139 potest
616 4071 644 4124 et
658 4084 749 4141 usque
763 4068 800 4125 ad
814 4069 1000 4128 homicidium

147 4158 307 4231 pervenire.

183 4251 228 4306 53.
250 4248 319 4314 Oura
341 4262 407 4303 cum
437 4245 477 4303 ita
497 4245 564 4317 sint,
588 4245 676 4302 etiarn
699 4263 805 4320 panem
823 4249 1001 4306 mendicanti

148 4338 216 4393 dare
230 4335 411 4408 prohibetis:
438 4333 559 4391 censetis
582 4339 680 4391 tamen
703 4340 823 4408 propter
839 4337 1000 4394 misericor·

148 4425 235 4493 diam,
267 4425 310 4480 vel
334 4423 431 4496 potius
457 4427 577 4496 propter
603 4423 743 4482 invidiam
766 4442 899 4483 nummos
926 4428 998 4484 dari.

147 4513 222 4579 Quid
236 4512 282 4569 hic
296 4513 377 4585 prius
390 4529 519 4586 arguam,
535 4513 743 4585 crudelitatem,
766 4531 802 4570 an
815 4516 1001 4575 vecordiam?

147 4600 219 4667 Quid
236 4602 312 4659 enim
328 4603 352 4657 si
367 4619 401 4658 eo
412 4603 474 4658 loco
490 4617 535 4658 res
547 4606 659 4676 agatur,
675 4604 724 4660 obi
737 4604 844 4660 venalis
861 4605 940 4661 cibus
954 4606 998 4662 in·

147 4689 237 4745 veniri
252 4705 310 4745 non
324 4692 442 4762 potest?
459 4691 547 4747 Homo
567 4707 654 4763 egens
668 4692 717 4748 ille
741 4692 817 4749 lame
840 4695 999 4752 moriturus

147 4781 202 4848 cst,
212 4777 282 4832 dum
294 4780 325 4832 to
340 4779 383 4834 vir
395 4780 509 4852 sapiens
518 4793 547 4837 et
553 4779 698 4854 benignus
713 4782 805 4855 magis
816 4799 998 4840 cucumerem

148 4881 235 4940 wem
260 4865 407 4922 homiuem
431 4868 587 4927 miseraris.
611 4871 677 4926 llaec
703 4875 746 4926 est
768 4872 896 4943 proiecto
917 4872 998 4944 (quid

146 4955 224 5012 enim
234 4954 327 5012 dicam
340 4957 544 5027 congruentius
554 4962 582 5013 ct
596 4959 738 5031 planius‘l)
749 4960 822 5016 falsa
837 4960 997 5017 misericor-

146 5045 194 5102 dia
208 5050 237 5102 et
259 5059 326 5099 vera
352 5044 514 5101 crudelitas.
546 5049 625 5103 Nunc
649 5049 813 5106 vecordiam
839 5048 995 5106 rideamus.

146 5133 219 5200 Quid
233 5133 311 5189 enim
326 5131 348 5188 si
363 5133 490 5188 nummis
505 5133 574 5206 illis,
590 5152 661 5209 quos
675 5136 798 5205 dederis,
814 5137 869 5194 sibi
891 5153 998 5210 panem

146 5226 243 5282 emat?
257 5225 358 5280 Nonne
372 5223 427 5278 hoc
441 5222 471 5277 in
492 5222 542 5279 illo
556 5240 623 5296 pars
646 5224 695 5282 illa
709 5230 801 5283 vestra
824 5226 931 5299 divina,
946 5224 997 5300 qui

177 5378 184 5412 ¹
204 5376 243 5426 lta
253 5377 315 5427 blas.
334 5376 368 5428 st
381 5376 444 5426 editi
460 5375 548 5436 habet,
562 5375 668 5429 edendo.

145 5438 497 5550 ωὦΕιιιιιοί,σνιιάοίὲίαιωιι
507 5456 513 5491 :
524 5437 600 5504 cujus
610 5439 669 5492 loco
681 5441 742 5491 bles.
756 5441 862 5495 habent.
878 5439 996 5494 erudita

1046 966 1138 1035 paret,
1154 961 1238 1017 detis.
1255 960 1328 1026 Quid
1343 959 1469 1015 adhunc
1490 957 1657 1014 insaniam
1679 955 1751 1011 addi
1764 958 1894 1028 potestllu

1047 1051 1125 1107 enim
1138 1051 1171 1105 lit
1185 1056 1217 1107 ut
1231 1053 1281 1105 aut
1295 1050 1382 1104 homo
1396 1048 1561 1118 moriatur,
1577 1047 1607 1103 si
1622 1045 1769 1101 venalem
1784 1061 1835 1101 uon
1850 1045 1893 1101 iun

1047 1139 1123 1196 uerit
1137 1138 1243 1207 cibum,
1259 1141 1310 1194 aut
1321 1138 1400 1193 cibus
1415 1138 1491 1210 ipse,
1507 1136 1531 1192 si
1550 1135 1736 1192 invenerit:
1762 1137 1892 1207 quorunat

1046 1234 1141 1285 terum
1155 1232 1198 1283 est
1211 1244 1311 1283 rerum
1326 1226 1521 1284 homicidium
1535 1244 1544 1294 ;
1564 1227 1708 1282 alterum
1724 1229 1851 1287 restnuo,
1869 1242 1892 1279 rs

1048 1318 1093 1374 bis
1118 1321 1215 1372 tamen
1240 1315 1281 1371 ita
1307 1316 1509 1386 tribuendum,
1538 1319 1701 1387 tanquam
1727 1315 1892 1386 ntrnnqoesl

1049 1421 1159 1463 rerum.
1177 1407 1248 1461 Nam
1263 1406 1340 1477 quod
1366 1404 1516 1461 auditores
1530 1408 1657 1460 vestros
1690 1419 1755 1458 non
1778 1403 1892 1474 probbsb

1049 1495 1183 1551 carnibus
1195 1494 1281 1561 vesci,
1292 1492 1341 1549 sed
1353 1494 1485 1549 occidere
1501 1492 1660 1549 animalia
1674 1492 1843 1565 prohibetis,
1853 1493 1891 1565 qul

1050 1583 1165 1641 stultius
1191 1586 1220 1640 et
1234 1582 1395 1656 perversius
1415 1583 1481 1638 lieri
1504 1584 1641 1655 potest?
1661 1584 1744 1638 Nam
1757 1581 1782 1636 si
1799 1582 1891 1637 albu

1050 1671 1228 1729 contaminat
1243 1671 1333 1743 cibus,
1348 1686 1398 1726 vos
1412 1687 1533 1744 quoque
1551 1671 1693 1726 sumite:
1712 1671 1739 1724 si
1752 1669 1892 1729 canumet

1051 1778 1116 1835 quaa
1130 1761 1247 1817 tandem
1275 1759 1419 1817 dementia
1441 1763 1486 1814 est
1511 1759 1621 1832 majus
1640 1760 1732 1815 nefas
1747 1760 1892 1832 putarent

1050 1866 1130 1906 mam
1145 1849 1292 1922 porcinam
1306 1849 1341 1904 de
1356 1863 1476 1920 corpore
1491 1848 1629 1917 solvere,
1651 1864 1751 1921 qnam
1778 1849 1891 1904 humum

1051 1938 1171 2011 porcino
1185 1953 1306 2009 corpore
1321 1937 1490 1992 maculare?

1052 2029 1164 2085 CAPUT
1195 2028 1274 2083 XVII.
1301 2056 1336 2067 -
1359 2027 1492 2081 Mannum
1519 2027 1720 2095 signaculum
1750 2026 1822 2097 opud
1837 2026 1890 2081 lim

1293 2116 1377 2171 cbaos
1391 2114 1475 2185 quale
1485 2112 1527 2170 sit
1545 2116 1692 2184 uperitw

1088 2207 1132 2261 bl.
1152 2203 1204 2260 Sed
1225 2204 1288 2277 jam
1302 2202 1337 2259 ad
1351 2218 1493 2259 manuum
1518 2202 1729 2275 signaculum
1751 2204 1889 2260 consident·

1052 2295 1122 2350 dum
1137 2292 1376 2365 tractandumque
1396 2291 1568 2347 veniamus.
1592 2295 1638 2348 Ac
1656 2293 1793 2364 primum
1813 2292 1890 2365 quus

1053 2383 1131 2457 quod
1149 2383 1185 2439 ab
1200 2382 1367 2438 animalium
1386 2396 1466 2461 nece,
1488 2384 1519 2436 et
1536 2381 1576 2437 ab
1594 2381 1747 2454 stirpium
1762 2381 1890 2438 laeana

1052 2489 1103 2529 ros
1125 2470 1302 2544 temperatis,
1323 2468 1659 2540 superstitiosissimum
1676 2471 1809 2527 Christus
1832 2475 1889 2524 ostes

1054 2561 1113 2617 dit:
1129 2560 1180 2634 qui
1194 2560 1303 2615 nullam
1322 2558 1404 2615 nobis
1414 2574 1480 2613 cum
1495 2558 1612 2614 belluis
1625 2563 1660 2615 et
1673 2558 1889 2617 arboribussotis·

1052 2653 1141 2704 tatem
1152 2646 1226 2721 juris
1239 2663 1300 2702 esse
1310 2645 1453 2719 judicans,
1469 2649 1498 2701 et
1512 2644 1548 2700 in
1561 2662 1699 2720 gregem
1714 2647 1891 2721 porcorundr
1927 2646 1930 2661 '

1053 2753 1152 2792 mones
1176 2735 1255 2791 misit
1282 2736 1390 2806 (Malos.
1417 2751 1477 2803 vrn,
1498 2736 1560 2806 32),
1591 2739 1626 2791 et
1654 2738 1796 2794 arborem
1819 2737 1891 2808 inqu
1926 2716 1932 2789 Ι

1053 2827 1177 2883 fructum
1203 2841 1262 2881 non
1283 2823 1441 2894 invenerat,
1465 2823 1637 2880 maledicto
1656 2826 1776 2883 aridam
1789 2825 1889 2885 ieeitllt.
1928 2810 1933 2837 “

1052 2932 1107 2983 rar,
1124 2916 1179 2988 lb).
1194 2913 1270 2970 Nihil
1288 2916 1363 2968 certe
1388 2913 1479 2985 porci,
1495 2912 1577 2968 nihil
1605 2915 1706 2972 arbor
1729 2916 1778 2972 illa
1799 2930 1892 2990 naurs

1053 3008 1107 3060 rat.
1125 3005 1222 3076 Neque
1238 3001 1316 3059 enim
1327 3016 1418 3074 usque
1433 3016 1467 3056 eo
1478 3000 1647 3058 dementes
1664 3020 1781 3071 sumus,
1807 3008 1834 3058 nt
1845 3000 1892 3056 arbi-

1052 3097 1164 3149 tremur
1177 3108 1228 3149 soa
1243 3094 1343 3164 sponte
1357 3090 1489 3146 arborem
1509 3091 1559 3146 vel
1592 3092 1782 3166 frugiferam
1803 3108 1852 3147 esse
1866 3089 1893 3143 nl

1054 3182 1187 3239 sterilem.
1218 3181 1315 3254 Neque
1343 3179 1415 3235 illud
1441 3179 1487 3234 hic
1514 3179 1607 3236 vobis
1624 3182 1792 3240 dicendum
1811 3187 1853 3247 est,
1866 3178 1894 3234 u

1054 3271 1134 3328 iactis
1146 3270 1300 3327 llominum
1315 3273 1445 3324 nostrum
1461 3268 1520 3324 alia
1536 3271 1691 3342 quaedam
1705 3271 1894 3346 significarem

1054 3359 1158 3416 luisse:
1175 3359 1240 3432 quis
1264 3358 1342 3414 enim
1367 3356 1494 3413 nescisti
1520 3358 1581 3415 Sed
1598 3365 1690 3417 certe
1721 3363 1793 3419 rius
1806 3360 1894 3417 brian

1053 3464 1106 3521 per
1118 3447 1304 3504 homicidium
1319 3447 1433 3520 signum
1448 3446 1583 3503 dandum
1603 3449 1680 3519 init,
1700 3451 1727 3505 si
1739 3452 1894 3507 arborensi

1054 3553 1129 3607 care,
1146 3541 1177 3592 nt
1188 3553 1238 3592 ros
1251 3536 1353 3605 dicitis,
1369 3534 1562 3592 homicidium
1588 3542 1653 3606 est,
1683 3545 1740 3595 aut
1755 3555 1846 3597 necare
1856 3538 1894 3590 aui·

1054 3626 1150 3682 maiia.
1167 3627 1237 3681 llam
1253 3628 1281 3680 et
1296 3624 1331 3681 de
1343 3624 1522 3692 hominihus,
1541 3641 1618 3682 cum
1636 3629 1755 3701 quibus
1769 3630 1855 3702 utique
1868 3640 1894 3678 su

1054 3732 1119 3772 mus
1127 3714 1201 3788 juris
1218 3714 1351 3770 societate
1371 3712 1530 3786 conjuncti,
1557 3713 1657 3788 signa
1683 3719 1818 3791 mandam
1829 3714 1895 3775 delia

1054 3805 1103 3860 sed
1117 3803 1242 3860 sanando
1255 3803 1395 3870 homines,
1409 3817 1467 3856 non
1481 3803 1638 3861 necando.
1663 3807 1753 3873 Quod
1769 3812 1797 3862 ct
1814 3807 1843 3862 ds
1859 3803 1894 3858 bd

1054 3892 1109 3949 luis
1124 3896 1152 3947 et
1165 3892 1200 3947 de
1218 3890 1369 3946 arboribus
1391 3890 1507 3959 iaceret,
1534 3890 1561 3946 si
1578 3892 1696 3950 eadem
1715 3912 1770 3952 nos
1797 3890 1894 3951 cumin

1054 3981 1198 4051 societate,
1225 3997 1281 4053 qua
1306 3996 1356 4035 ros
1381 3977 1554 4050 opinamini,
1583 3983 1774 4055 conjunctos
1801 4000 1852 4040 esse
1867 3981 1894 4051 ja

1053 4071 1169 4127 dicaret.

1090 4162 1133 4215 55.
1161 4159 1222 4225 Quo
1249 4159 1310 4214 loco
1328 4157 1401 4214 mihi
1430 4157 1591 4214 auctoritas
1624 4160 1895 4237 interponendam

1054 4253 1107 4318 est,
1121 4252 1274 4322 propterca
1295 4247 1411 4320 quiade
1437 4262 1582 4318 pecorum
1612 4251 1735 4320 anima,
1750 4258 1780 4309 et
1803 4254 1834 4309 dc
1851 4264 1895 4323 qu·

1053 4337 1120 4393 dam
1133 4337 1191 4392 rita
1205 4353 1263 4410 qua
1275 4336 1409 4393 dicuntur
1425 4336 1542 4391 arbores
1557 4337 1680 4411 vivore,
1699 4359 1765 4398 non
1780 4345 1860 4416 petrei
1869 4355 1896 4392 n

1053 4426 1163 4482 hiscum
1178 4426 1322 4481 subtiliter
1349 4423 1500 4498 disputari.
1519 4425 1581 4480 Sed
1613 4431 1768 4501 quoniam
1784 4426 1895 4506 pririlepr

1052 4515 1179 4588 quodam
1195 4531 1244 4569 vos
1263 4513 1396 4578 tuemini,
1419 4516 1451 4568 ut
1473 4513 1705 4589 descriptoris
1732 4519 1853 4595 opprimi
1868 4531 1894 4571 rr
1917 4524 1921 4539 '

1053 4605 1172 4678 queatis,
1189 4605 1309 4662 dicendo
1323 4621 1371 4661 eas
1383 4620 1443 4659 esse
1457 4603 1598 4661 falsatas:
1617 4624 1802 4685 quanquam
1815 4627 1845 4667 et
1857 4621 1894 4681 qt!

1052 4686 1274 4750 commemoravi
1300 4694 1335 4750 de
1362 4693 1471 4760 arbore,
1505 4695 1535 4747 et
1565 4694 1607 4751 da
1634 4713 1735 4772 grege
1767 4710 1894 4774 perrona

1052 4781 1462 4855 uunquamacorrnploribus,
1482 4780 1622 4840 immissa
1646 4803 1717 4844 esse
1741 4790 1894 4846 dixissen
1916 4816 1920 4839 l

1052 4887 1131 4942 men,
1146 4887 1182 4926 ne
1207 4870 1417 4926 considerantes
1442 4873 1589 4942 quantum
1610 4876 1703 4932 robis
1730 4880 1892 4936 adversentur.
1916 4928 1919 4933 .

1051 4959 1105 5015 hoc
1119 4959 1197 5016 idem
1213 4959 1298 5015 etiam
1315 4959 1349 5015 de
1372 4959 1417 5014 his
1441 4958 1605 5031 aliquando
1622 4963 1732 5024 dicere
1758 4969 1894 5031 velitisne
1919 4976 1924 5035 j

1051 5065 1135 5104 neam
1148 5048 1328 5121 propositum
1339 5063 1447 5116 meum,
1463 5050 1494 5102 ut
1514 5066 1531 5103 a
1547 5051 1652 5121 vobis,
1670 5059 1798 5131 magnis
1811 5055 1894 5114 omniu
1915 5058 1923 5069 ''

1051 5137 1287 5209 pollicitatoribus
1299 5136 1418 5193 rationis
1436 5140 1522 5209 atque
1535 5140 1692 5215 veritatis,
1711 5164 1843 5220 quaram
1862 5141 1896 5217 prr
1917 5162 1927 5225 l

1051 5243 1131 5282 muru
1146 5226 1216 5300 quid
1230 5227 1304 5283 obsit
1317 5226 1423 5296 arbori,
1439 5243 1497 5282 non
1514 5226 1581 5283 dico
1601 5232 1629 5287 si
1658 5251 1792 5308 pomum
1807 5233 1896 5294 indeb
1920 5256 1924 5283 ι

1050 5315 1156 5371 liumre
1172 5316 1318 5388 decerpas,
1329 5315 1406 5387 quod
1420 5314 1538 5388 quidem
1558 5322 1648 5391 apud
1662 5340 1732 5393 vos,
1750 5328 1776 5384 si
1792 5328 1851 5400 quis
1861 5335 1897 5378 ou
1921 5300 1936 5375 Ψ

1051 5404 1257 5477 imprudentia,
1279 5405 1328 5460 scd
1353 5404 1444 5460 sciens
1456 5403 1570 5478 iecerit,
1602 5410 1764 5485 signaculi
1779 5416 1897 5486 corrrspttl

1053 5492 1115 5549 sine
1127 5494 1186 5551 nlla
1197 5492 1374 5551 dubitatione
1386 5492 1587 5568 damnabitur,
1611 5502 1665 5558 sed
1681 5506 1811 5563 omnino
1825 5505 1846 5561 si
1857 5511 1898 5558 eru
