3884 6112
686 278 789 336 atem
808 278 947 337 sexsus,
1512 275 1514 278 ’
1648 291 1700 345 cac

69 404 163 463 usqne
178 391 275 463 scripti
287 392 408 449 lectione
424 395 532 450 clarum
543 400 717 469 erat(lireoic.
732 401 794 455 Col·
848 402 914 470 381,
927 400 1001 475 aas).
1021 403 1114 474 Atque
1133 404 1168 459 ed
1192 421 1258 460 eum
1281 407 1398 463 modum
1417 409 1569 465 terminata
1591 412 1703 468 rideba-

83 480 141 550 te).
158 479 251 545 Quare
266 484 501 554 percommodum
515 485 618 541 accidit
632 486 793 555 Catholicis,
849 494 898 544 tur
912 489 1044 546 Ecclesiae
1058 507 1152 559 causa,
1178 493 1209 548 in
1224 510 1282 566 qua
1302 493 1355 550 hoc
1377 495 1432 552 sibi
1455 514 1629 570 proposuere
1656 501 1705 556 Ca·

81 566 218 641 ipsorum
227 570 395 627 mandatum
409 572 577 629 adversariis
583 591 636 647 per
650 576 795 631 Notarium
850 576 960 646 tbolici,
975 580 1063 636 nullis
1075 597 1139 637 eam
1153 582 1301 650 maculari,
1312 599 1365 639 nec
1377 584 1531 653 Caeciliani,
1543 601 1595 641 nec
1607 587 1703 657 cujus·

69 654 154 713 itibus
180 657 348 729 edidissent,
373 659 538 733 eisdemque
552 662 661 734 pariter
676 663 795 734 petitam
850 664 893 719 vis
908 666 1026 723 alterins
1051 669 1142 742 culpis
1171 670 1378 728 demonstrare.
1409 675 1446 728 hc
1474 673 1623 729 donatistce
1650 675 1706 747 ipsi

69 748 147 800 nent
161 747 399 817 septemdiemm
412 748 592 817 dilationem,
607 767 665 822 qao
680 750 722 806 illi
734 751 795 806 elu-
851 753 989 825 placitum
1005 755 1077 812 illud
1100 757 1215 814 tandem
1239 776 1392 832 agnovere,
1417 778 1482 817 cum
1506 761 1537 817 in
1559 763 1706 833 angustias

69 848 88 889 n
102 833 275 907 aliquemne
289 851 342 908 per
356 841 399 893 tot
412 837 472 893 dies
489 838 658 895 meditatam
677 855 796 911 respon·
827 847 829 851 ’
853 844 995 914 compulsi
1009 844 1289 904 blaximianistarum
1303 849 1423 904 historia
1438 850 1537 921 (Epist.
1565 852 1656 919 illm.
1673 855 1705 919 6;

69 920 225 978 anement:
239 924 384 997 siquidem
396 925 584 999 bincliquido
599 928 797 984 eratenimad-
851 932 956 988 Brevia.
984 933 1080 990 Callai.
1110 937 1136 1003 3,
1165 952 1212 993 nn.
1236 940 1335 1005 tl-ib,
1357 943 1383 993 ct
1406 939 1706 1010 intentamente

85 1012 191 1086 quibus
220 1014 362 1086 capitibus
385 1014 428 1071 illi
448 1016 521 1072 nihil
546 1018 676 1089 responsi
696 1019 797 1075 darent
853 1020 938 1076 verba
946 1021 1006 1091 illa,
1021 1039 1086 1095 quse
1097 1024 1182 1080 toties
1190 1025 1246 1081 illis
1257 1026 1432 1097 hugcrstinus
1447 1028 1568 1099 oggerit,
1584 1028 1707 1100 exprimi
1728 1099 1732 1111 ⁸

68 1116 102 1158 aa
113 1117 255 1174 perquam
263 1104 360 1175 gravia
375 1107 477 1177 eraut),
494 1106 556 1178 ipsa
570 1123 627 1162 non
638 1107 725 1164 fuisse
739 1124 797 1164 me·
852 1111 929 1181 passi
945 1115 1022 1178 sant,
1050 1113 1199 1182 nimimm,
1224 1117 1278 1172 Nec
1301 1131 1384 1172 causo
1408 1132 1505 1184 cause,
1521 1133 1568 1173 nec
1587 1133 1706 1189 persona

68 1188 132 1245 ritio
146 1191 338 1262 praetermissa
349 1193 493 1264 :sedqaod
504 1199 598 1249 essent
611 1195 797 1266 responsione
850 1214 975 1269 persona
990 1201 1158 1271 prejudicat
1172 1204 1270 1273 (Epist.
1296 1206 1356 1271 111,
1372 1221 1400 1260 a.
1412 1208 1445 1274 6;
1460 1209 1549 1276 Epist.
1568 1210 1629 1277 iti,
1638 1223 1657 1262 n
1671 1210 1686 1262 3
1698 1224 1705 1275 ;

68 1277 187 1349 periore
202 1278 261 1345 (Ad
275 1281 431 1336 Donatistae
440 1287 503 1352 post
518 1283 625 1350 collat,
636 1299 663 1339 n.
680 1285 739 1354 13),
852 1287 899 1342 Ad
913 1291 1071 1346 Donatistae
1082 1292 1259 1360 posideum..
1276 1308 1304 1347 n.
1321 1294 1366 1360 tl,
1381 1293 1445 1365 cic).
1464 1295 1562 1367 ltaque
1576 1311 1706 1366 pronun·

68 1364 152 1422 citato
171 1367 225 1422 isto
239 1367 337 1424 codice
357 1370 528 1426 schismatici
552 1371 606 1443 ipsi
626 1372 798 1442 Catbohcos,
853 1375 932 1431 tiarit
951 1377 1139 1440 Marcellinus,
1170 1383 1257 1451 caput
1277 1381 1333 1435 hoc
1360 1381 1494 1453 ampliori
1513 1382 1706 1454 disputatione

68 1455 247 1528 sponderent,
261 1456 481 1529 interpellarunt
493 1459 752 1530 (Collat'Cartbag.
770 1465 796 1529 3,
851 1481 911 1519 non
926 1465 1067 1538 indigere,
1083 1484 1115 1522 ac
1139 1484 1168 1522 sa
1190 1473 1344 1541 postquam
1370 1470 1427 1525 alia
1454 1469 1552 1526 omnia
1580 1471 1706 1528 discussa

68 1544 84 1616 l)
97 1560 105 1599 ε
118 1544 164 1600 his
173 1544 300 1601 accidere
311 1546 383 1602 nihil
395 1549 662 1621 poteratsoptatius;
677 1565 797 1623 eamque
853 1558 957 1621 essent,
973 1554 1008 1611 de
1022 1572 1057 1610 eo
1076 1572 1192 1629 quoque
1208 1559 1333 1614 laturum
1360 1575 1421 1615 esse
1436 1558 1623 1616 sententiam:
1645 1561 1706 1632 jam

68 1636 120 1690 ‘am
133 1633 322 1706 Augustinus,
334 1637 448 1692 tametsi
466 1643 604 1710 perpetuo
624 1639 797 1695 interturba-
853 1642 943 1714 igitur
968 1642 1127 1700 schismatis
1154 1661 1270 1702 causam
1298 1652 1383 1721 atque
1418 1648 1561 1721 originem
1598 1651 1705 1706 exami-

68 1723 189 1790 rersarii,
202 1725 328 1796 suscepit
335 1725 425 1796 (ibid,
441 1742 520 1797 capp.
537 1729 689 1799 161167).
707 1730 740 1784 Et
748 1729 798 1783 illo
853 1731 978 1807 nandans
995 1732 1109 1804 (Callet.
1130 1734 1269 1803 Carthag.
1286 1738 1312 1804 3,
1336 1737 1472 1810 cap.t89).
1488 1738 1615 1793 Instabat
1637 1755 1705 1795 eon·

73 1816 196 1885 urgente
217 1813 393 1869 adversarios
409 1814 444 1869 de
457 1817 539 1886 palea
552 1816 703 1872 dominicae
723 1833 798 1873 areae
853 1824 897 1875 tra
911 1823 1033 1892 utraque
1047 1837 1124 1892 pars,
1144 1827 1177 1878 ut
1191 1823 1226 1878 de
1239 1839 1413 1897 unaquaque
1434 1840 1476 1892 re,
1502 1826 1597 1881 statim
1620 1831 1706 1898 atque

68 1901 320 1958 drentilationem
334 1903 494 1972 toleranda,
513 1906 637 1977 negabat
659 1906 799 1962 Emeritus
854 1907 1018 1964 absolutum
1032 1914 1107 1965 esset
1121 1911 1181 1982 ejus
1208 1926 1339 1980 examen,
1369 1913 1570 1985 pronuntiaret
1590 1913 1705 1985 (Breuic.

68 1990 261 2063 nErangclio
277 1991 333 2065 legi
347 1992 443 2063 (ibid,
459 2009 519 2064 cap.
545 1997 628 2062 tut),·
644 1995 691 2051 sed
706 1994 799 2050 citatis
854 1998 955 2053 collat.
970 2000 996 2067 3,
1012 2014 1041 2054 n.
1057 1999 1120 2072 ²¹l³
1138 2005 1167 2055 at
1194 2000 1253 2062 ille.
1281 2001 1334 2056 boc
1348 2017 1401 2073 per
1429 2003 1506 2072 leges
1535 2019 1593 2058 non
1621 2003 1706 2059 licere

68 2094 104 2137 ns
117 2080 213 2135 verbis
227 2097 294 2136 eum
308 2083 540 2138 sanctusl’raesul
555 2083 671 2151 revicit3
685 2084 799 2158 ipsique
854 2085 1019 2157 respondit;
1039 2102 1071 2141 ac
1091 2087 1196 2157 judicis
1218 2087 1346 2145 officium
1361 2105 1432 2158 esse,
1451 2090 1487 2145 de
1505 2094 1565 2146 toto
1590 2093 1706 2164 negotio

68 2169 303 2227 mtistae'secreto
313 2171 471 2228 Emeritam
483 2171 710 2229 suimonuerunt
720 2190 799 2230 erro-
855 2176 939 2230 simul
967 2176 1041 2231 terre
1068 2177 1256 2248 sententiam,
1279 2183 1464 2252 mentemque
1493 2195 1584 2246 suam,
1614 2181 1709 2252 quoad

68 2274 108 2317 rm
121 2259 239 2331 quidem
252 2259 293 2314 ita
307 2261 437 2329 correxit,
453 2266 486 2317 ut
504 2278 555 2317 nac
573 2266 670 2318 tamen
685 2261 798 2318 hereti-
855 2263 973 2318 omnino
982 2269 1192 2335 causaperacta
1203 2265 1249 2335 sit,
1263 2282 1396 2339 premere
1407 2267 1517 2341 (Callai.
1532 2270 1666 2336 coritae.
1680 2272 1706 2338 3,

85 2349 296 2406 schismaticam
315 2351 444 2422 posuerit
454 2352 681 2424 perversitatem.
702 2352 799 2409 Conti-
855 2365 935 2420 capp.
950 2352 1013 2416 iti,
1030 2353 1101 2423 311).

67 2455 93 2496 m
107 2439 229 2511 subjecit
240 2440 331 2511 paleas
340 2439 458 2496 nomine
469 2442 560 2496 malos
574 2441 697 2497 occultos
711 2441 800 2512 signi·
892 2442 917 2495 6.
935 2440 1007 2495 Cum
1027 2441 1169 2513 originem
1194 2446 1222 2497 et
1241 2460 1357 2500 causam
1380 2445 1490 2502 discidii
1514 2446 1637 2519 primam
1661 2460 1710 2500 ex-

67 2529 167 2587 tonna
190 2529 382 2597 Gaudentium,
399 2531 445 2586 tib.
467 2532 494 2598 i,
519 2547 548 2587 n.
572 2532 609 2602 4).
631 2530 800 2603 Quanquam
855 2528 963 2599 plorari
984 2529 1071 2585 vellet
1096 2530 1288 2600 llarceltinus,
1315 2532 1343 2588 id
1365 2534 1519 2605 quominus
1541 2535 1632 2596 fieret.
1659 2534 1710 2589 ob·

67 2617 180 2693 sponsio
205 2617 237 2672 in
262 2618 332 2673 actis
359 2619 497 2674 Petiliana
524 2619 661 2675 tribuitur
689 2621 799 2690 (Callai.
858 2615 952 2672 nixius
968 2617 1123 2674 Donatistae
1137 2618 1277 2675 obsistere
1292 2628 1442 2693 caeperunt
1465 2623 1577 2694 (Breuic.
1607 2623 1708 2678 Callai.

67 2722 84 2767 l.
100 2708 128 2775 3,
137 2722 198 2778 cap.
214 2709 287 2779 363).
304 2706 425 2762 Tribuni
439 2708 557 2764 taudem
570 2707 740 2764 auctoritate
753 2706 800 2761 rix
859 2708 886 2772 3,
901 2721 928 2761 n.
945 2704 1099 2777 il);adeo
1125 2711 1158 2762 ut
1184 2708 1246 2779 ejus
1261 2709 1313 2776 rei,
1343 2714 1443 2782 utpote
1472 2727 1537 2784 quas
1566 2711 1711 2783 episcopos

67 2810 128 2853 nns
141 2795 268 2851 obtinuit
286 2799 318 2851 ut
332 2796 387 2850 sibi
409 2796 547 2852 continua
570 2796 643 2853 serie
666 2813 698 2852 ac
717 2796 798 2852 nullo
857 2793 1047 2866 contingeret,
1065 2795 1209 2851 Christum
1233 2813 1322 2853 unum
1334 2797 1462 2867 judicem
1482 2815 1542 2854 esse
1565 2814 1713 2853 causaren-

69 2884 150 2942 lante
170 2883 250 2956 loqui
274 2885 373 2940 liceret
396 2885 510 2956 (Brevia.
535 2887 635 2942 Collot.
662 2887 685 2948 3,
700 2902 728 2941 n.
747 2885 800 2957 ld).
856 2886 925 2950 tur;
942 2899 1056 2939 necnon
1076 2882 1234 2939 Catholicos
1261 2890 1395 2940 vocarent
1410 2886 1440 2941 in
1461 2883 1609 2954 invidiam,
1634 2885 1713 2958 quod

67 2988 118 3031 sm
137 2988 233 3040 suum,
250 2989 337 3045 quem
351 2972 507 3028 universim
524 2973 673 3029 Catholicis
696 2973 801 3028 adscri—
859 2987 923 3028 eam
936 2971 971 3027 ad
985 2972 1146 3028 humanum
1168 2973 1294 3028 tribunal
1320 2973 1489 3031 detulissent
1508 2976 1618 3045 (Cottot.
1637 2977 1712 3029 Car-

67 3060 99 3119 ris
110 3062 172 3134 ipse
186 3061 298 3133 redegit
308 3061 338 3116 in
354 3061 565 3133 compendium.
579 3062 639 3117 lllic
654 3061 802 3117 omuistu·
861 3062 937 3130 tiraq.
955 3065 980 3128 3,
997 3077 1077 3133 capp.
1092 3063 1154 3130 343,
1165 3064 1242 3131 im).
1262 3063 1322 3118 lluc
1336 3063 1423 3119 etiam
1438 3064 1535 3120 solitas
1549 3063 1713 3120 inserebant

67 3150 202 3208 mfionem
222 3151 296 3206 hauc
319 3152 434 3207 firmare
453 3150 628 3222 aggreditur,
655 3150 802 3222 improbos
862 3148 996 3220 querelas
1010 3149 1045 3205 de
1059 3149 1307 3222 persecutionibus
1322 3166 1394 3223 quas
1411 3152 1523 3224 perpeti
1537 3152 1711 3208 viderentur.

67 3239 184 3298 Ecclesia
201 3239 366 3295 manifestos
380 3238 500 3311 perinde
515 3241 600 3312 atqua
621 3240 747 3294 occultos
761 3243 802 3294 to·
860 3237 914 3293 Sed
930 3237 1068 3292 Catholici
1081 3237 1180 3294 eadem
1195 3237 1254 3307 illa,
1271 3255 1335 3312 quae
1351 3245 1409 3295 tam
1424 3239 1562 3297 invidiose
1576 3240 1711 3297 crimina-

69 3344 124 3386 nec
142 3344 242 3385 eornm
256 3328 389 3400 peccatis,
405 3327 457 3400 qui
476 3343 542 3383 cum
563 3327 620 3382 illis
641 3331 800 3394 versantur,
856 3325 973 3394 bantur,
995 3342 1043 3382 eos
1070 3327 1183 3398 priores
1206 3327 1353 3384 admisisse
1378 3333 1585 3385 monstrarunt.
1614 3330 1711 3403 Neque

67 3416 151 3475 nde
172 3418 266 3473 Exstat
279 3419 372 3473 adhuc
386 3416 417 3472 in
437 3417 507 3472 actis
526 3415 692 3472 Collationis
716 3417 802 3489 hujus
857 3413 1084 3488 illisjquidquam
1097 3415 1217 3488 proiuit,
1233 3416 1312 3489 quod
1323 3417 1590 3475 Circumcellionum
1603 3419 1711 3474 scelera

67 3504 219 3563 isiuitium
235 3506 343 3576 {Cedat
362 3505 493 3574 Cartboq.
508 3508 534 3571 3,
557 3520 617 3576 cap.
635 3503 721 3576 2803
736 3504 802 3560 reli-
858 3503 1022 3561 dictitarent
1033 3504 1106 3559 nibil
1121 3505 1157 3560 ad
1174 3505 1323 3577 episcopos
1344 3506 1507 3577 pertinere;
1528 3505 1710 3579 quandoqui-

66 3610 104 3661 το,
115 3611 174 3651 una
187 3610 253 3649 cum
267 3593 340 3649 serie
354 3598 479 3660 acinum,
495 3607 618 3666 quoram
636 3597 743 3664 praeter
756 3610 801 3648 ar·
858 3592 924 3648 dem
937 3591 1061 3648 iuriosos
1075 3593 1140 3648 illos
1153 3593 1273 3649 ducibus
1288 3610 1388 3649 eorum
1410 3594 1520 3650 clericis
1534 3600 1576 3650 tot
1594 3601 1711 3668 tamque

66 3698 108 3741 rm
120 3682 221 3739 titulos
241 3681 312 3738 nibil
335 3686 474 3754 superest,
490 3680 696 3743 desiderantur.
722 3679 803 3746 Quod
857 3680 1002 3737 horrenda
1019 3681 1097 3736 male
1114 3681 1291 3737 commisisse
1302 3683 1459 3738 constabat.
1475 3684 1540 3738 lieo
1558 3688 1656 3739 autem
1675 3683 1710 3739 de

66 3776 178 3829 unctus
192 3771 296 3827 hoctor
309 3771 428 3839 dixerat,
451 3770 607 3827 seminatos
628 3769 659 3825 in
682 3767 804 3825 Ecclesia
858 3768 1058 3826 vexationibus
1073 3774 1159 3843 atque
1171 3770 1287 3843 injuriis
1299 3771 1493 3827 controversia
1511 3772 1625 3845 longius
1642 3791 1710 3845 pro-

66 3859 705 3930 .diabolo,idillireicllerestnduerunt(ibid,
721 3874 801 3930 capp.
859 3859 1014 3916 luceas:
1030 3876 1130 3917 rerum
1150 3877 1216 3917 cum
1240 3861 1420 3918 Marcellinus
1441 3862 1622 3936 precepisset
1642 3878 1711 3934 pro-

66 3948 435 4023 dissimilationem
463 3949 576 4005 aliunde
598 3949 675 4005 idem
699 3947 803 4004 contir-
859 3948 916 4003 lata
941 3946 1129 4004 acatholicis
1155 3948 1347 4004 instrumenta
1368 3948 1435 4022 legi,
1459 3949 1525 4006 finis
1545 3950 1572 4005 ci
1596 3952 1712 4007 tandem

66 4042 158 4109 tium
172 4039 216 4094 rel
232 4037 355 4094 maxime
369 4038 538 4094 auctoritate
553 4036 687 4110 Cypriani
701 4036 805 4110 episco-
859 4035 1012 4108 impositus
1035 4035 1187 4094 init.Salua
1207 4053 1271 4108 crgo
1285 4053 1368 4095 causa
1391 4040 1526 4107 Ecclesia,
1551 4038 1712 4111 confirmata

66 4140 100 4185 m
111 4126 261 4199 inprimis
285 4126 340 4183 sibi
360 4127 540 4183 venerationi
554 4143 615 4183 esse
634 4125 805 4183 schismatici
860 4130 885 4181 at
899 4125 1156 4181 incommutabiliter
1165 4126 1713 4198 iaaacstabilita,tanquamsuprosua·

72 4216 214 4276 terebant.
227 4216 314 4289 Cujus
328 4216 445 4289 quidem
460 4216 563 4285 serbis,
575 4214 688 4288 quoties
703 4229 738 4269 ea
751 4211 806 4268 sibi
860 4215 1016 4270 dementum
1027 4219 1113 4286 petre
1133 4231 1214 4286 quam
1226 4220 1314 4287 porte
1333 4218 1483 4283 interorum
1505 4231 1559 4270 non
1580 4219 1710 4271 riacani:

66 4305 175 4375 tantur,
190 4321 256 4362 cum
282 4305 456 4378 respondere
473 4319 568 4377 neque
587 4302 735 4369 auderent,
754 4317 805 4356 ue·
861 4304 1073 4372 bacerqosalua,
1081 4303 1258 4376 Augustinus
1269 4303 1375 4378 inquit,
1382 4307 1503 4360 venimus
1517 4308 1543 4359 ct
1557 4304 1594 4359 ad
1603 4321 1712 4361 causam

66 4394 169 4463 demut,
189 4395 350 4451 renuebant
367 4398 465 4449 tamen
479 4393 540 4465 ejus
561 4390 723 4448 auctoritati
737 4405 805 4446 cou-
862 4392 1015 4461 ceciliani,
1021 4391 1186 4461 iamsecuri,
1195 4393 1553 4463 quidquiditleincenirctur
1560 4393 1711 4450 admisisse.

71 4482 188 4559 (drevic.
205 4485 306 4541 Callai.
323 4487 349 4552 3,
364 4500 393 4539 n.
409 4485 454 4550 20,
469 4487 495 4537 et
508 4481 556 4537 Ad
569 4483 728 4538 donatistas
744 4482 807 4550 post
862 4482 898 4537 Et
913 4482 1046 4547 uicimus,
1061 4481 1144 4538 Salva
1163 4496 1246 4538 causa
1263 4483 1399 4548 Ecclesia,
1410 4482 1455 4536 cui
1467 4482 1537 4537 nihil
1549 4482 1715 4553 prejudicat

81 4588 110 4631 n.
136 4573 192 4644 10).
214 4573 257 4628 hd
279 4572 341 4628 huc
364 4570 523 4627 catholicos
547 4567 806 4636 calumniabantur,
858 4573 1000 4641 peccatum
1016 4570 1172 4639 Caeciliani,
1187 4569 1333 4626 uideamus
1347 4573 1373 4624 et
1385 4571 1473 4640 ipsius
1489 4585 1608 4639 causam,
1625 4572 1715 4640 quatis

66 4658 135 4721 duas
168 4662 290 4718 existere
318 4661 455 4718 Ecclesias
480 4659 653 4727 docuissent,
684 4672 808 4731 quarum
863 4661 909 4714 sit.
918 4659 1373 4716 Siinuenerimusemninnocentem
1383 4658 1454 4726 nam
1463 4673 1509 4714 uos
1519 4660 1659 4724 abieritis,
1667 4662 1717 4730 qui

66 4750 148 4810 litera
161 4751 291 4809 mortalis
301 4755 384 4808 esset.
401 4751 469 4818 Que
479 4749 640 4806 criminatio
653 4763 686 4804 eo
700 4747 809 4802 niteba·
863 4751 889 4803 et
903 4748 1128 4818 inipsahumana
1138 4749 1275 4804 calumnia
1282 4747 1482 4814 defecistisisi
1492 4752 1581 4803 autem
1590 4750 1715 4804 inuentus

65 4845 277 4914 repraesentem
289 4840 545 4907 Ecclesiaestatum,
561 4839 591 4894 iu
601 4853 659 4911 quo
679 4834 809 4893 mortalis
864 4837 952 4904 suerat
964 4852 1071 4904 nocens,
1087 4839 1113 4892 si
1126 4836 1528 4904 inuentussueritrcussnccsic
1538 4839 1711 4903 uictisumus

65 4925 808 4998 tutbominibusmortiobnoxiisconstans,atuturo,
865 4924 1714 4996 quicunitatemlicctesiae,quainuictaest,obtinemus.inom-

67 5013 811 5093 sanctiregnaturisuntmortalilatislegibusexpedi·
866 5014 1288 5084 tussitprorsusreus;homiucm
1298 5014 1448 5082 anathemo,
1457 5015 1560 5071 Christi
1569 5015 1715 5069 Ecclesiam

65 5106 809 5181 luxerathagustinuslcoilat.carthag.esequiti,
864 5117 918 5157 non
944 5102 1044 5157 desero.
1070 5103 1123 5157 Hoc
1149 5103 1272 5169 (ecimus,
1298 5101 1438 5158 dicimus:
1454 5102 1578 5173 deinceps
1596 5118 1655 5156 eum
1678 5101 1716 5154 ad

65 5202 145 5257 mic.
161 5200 259 5258 Callai.
276 5202 303 5266 3,
323 5213 370 5253 nn.
390 5200 433 5264 16,
451 5197 503 5267 lt).
527 5197 633 5251 Verum
652 5193 730 5249 baud
748 5209 810 5248 ma-
866 5193 954 5248 attare
968 5191 1039 5246 inter
1052 5192 1198 5260 episcopos,
1220 5205 1287 5261 quos
1310 5190 1401 5260 fideles
1416 5195 1442 5246 et
1455 5193 1603 5247 innocentes
1625 5189 1716 5244 credi-

65 5286 135 5347 hnic
148 5287 299 5361 negotium
312 5285 367 5342 icit
384 5284 557 5342 calumniam
570 5284 742 5340 dissolvere:
767 5286 810 5337 et·
867 5294 937 5345 mus,
962 5294 1017 5335 nan
1039 5279 1222 5335 recitabimus.
1244 5282 1301 5335 Hoc
1325 5280 1411 5336 solum
1430 5281 1553 5348 fecimus.
1575 5277 1717 5347 Numquid

65 5392 119 5436 mm
131 5394 185 5435 sna
198 5376 290 5450 ipsius
300 5375 386 5431 rerba
398 5374 489 5448 relegi
503 5373 642 5447 petiisset,
658 5388 692 5427 eo
707 5369 812 5426 redacti
864 5373 978 5441 propter
989 5368 1160 5426 Caecilianum
1176 5368 1377 5440 rebaptizaturi
1388 5370 1451 5424 estis
1460 5367 1549 5423 orbem
1562 5369 1719 5423 terrarum?

65 5465 215 5536 mnatiatae,
228 5468 336 5523 utnon
359 5464 435 5537 quod
454 5463 503 5519 ille
521 5461 641 5530 dixerat,
663 5459 713 5516 sed
735 5458 812 5531 quod
870 5460 930 5515 Hac
940 5459 1086 5514 securitate
1100 5460 1248 5514 constituta
1261 5461 1287 5513 ct
1301 5461 1421 5528 firmata,
1437 5458 1504 5526 coepi
1518 5457 1618 5513 discuti
1636 5471 1719 5512 causa

65 5550 809 5632 mgitaremt,accusarent((lallat.Carmentalem).
872 5548 1014 5606 Cecih'ani
1026 5547 1111 5619 (Scrrn
1134 5547 1293 5618 353113).
1317 5545 1443 5602 Recitata
1467 5549 1509 5600 est
1529 5544 1619 5619 igitur
1641 5548 1720 5602 hnu-

139 5672 279 5739 Parnon.
305 5668 431 5737 XXXH.
1352 5659 1559 5744 (Ouatorae.)
