<?xml version="1.0" encoding="UTF-8"?>
<!DOCTYPE html PUBLIC "-//W3C//DTD XHTML 1.0 Transitional//EN"
    "http://www.w3.org/TR/xhtml1/DTD/xhtml1-transitional.dtd">
<html xmlns="http://www.w3.org/1999/xhtml" xml:lang="en" lang="en">
 <head>
  <title>
</title>
<meta http-equiv="Content-Type" content="text/html;charset=utf-8" />
  <meta name='ocr-system' content='tesseract 3.04.00' />
  <meta name='ocr-capabilities' content='ocr_page ocr_carea ocr_par ocr_line ocrx_word'/>
</head>
<body>
  <div class='ocr_page' id='page_1' title='image "./patrologiaecurs02migngoog_0205.png"; bbox 0 0 3884 6112; ppageno 0'>
   <div class='ocr_carea' id='block_1_1' title="bbox 687 248 1709 319">
    <p class='ocr_par' dir='ltr' id='par_1_1' title="bbox 687 248 1709 319">
     <span class='ocr_line' id='line_1_1' title="bbox 687 248 1709 319; baseline 0.01 -11"><span class='ocrx_word' id='word_1_1' title='bbox 687 251 790 308; x_wconf 84' lang='lat' dir='ltr'>LIBER</span> <span class='ocrx_word' id='word_1_2' title='bbox 808 248 949 310; x_wconf 83' lang='lat' dir='ltr'><strong>SEXTUS.</strong></span> <span class='ocrx_word' id='word_1_3' title='bbox 1656 265 1709 319; x_wconf 79' lang='grc'><strong><em>310</em></strong></span> 
     </span>
    </p>
   </div>
   <div class='ocr_carea' id='block_1_2' title="bbox 70 373 805 5590">
    <p class='ocr_par' dir='ltr' id='par_1_2' title="bbox 71 373 802 1317">
     <span class='ocr_line' id='line_1_2' title="bbox 71 373 802 444; baseline 0 -14"><span class='ocrx_word' id='word_1_4' title='bbox 71 374 146 439; x_wconf 75' lang='lat' dir='ltr'><strong><em>heus,</em></strong></span> <span class='ocrx_word' id='word_1_5' title='bbox 162 373 277 444; x_wconf 88' lang='lat' dir='ltr'><strong><em>quodsi</em></strong></span> <span class='ocrx_word' id='word_1_6' title='bbox 288 375 439 442; x_wconf 75' lang='lat' dir='ltr'><strong><em>saluisacti</em></strong></span> <span class='ocrx_word' id='word_1_7' title='bbox 452 378 547 444; x_wconf 86' lang='lat' dir='ltr'><strong><em>essent,</em></strong></span> <span class='ocrx_word' id='word_1_8' title='bbox 563 389 622 428; x_wconf 93' lang='lat' dir='ltr'><strong><em>eam</em></strong></span> <span class='ocrx_word' id='word_1_9' title='bbox 635 376 802 444; x_wconf 76' lang='grc'><strong>1111111111-</strong></span> 
     </span>
     <span class='ocr_line' id='line_1_3' title="bbox 71 461 801 533; baseline 0 -15"><span class='ocrx_word' id='word_1_10' title='bbox 71 461 187 518; x_wconf 83' lang='lat' dir='ltr'><strong><em>ldereut.</em></strong></span> <span class='ocrx_word' id='word_1_11' title='bbox 198 462 339 532; x_wconf 80' lang='lat' dir='ltr'><strong><em>lejunauit</em></strong></span> <span class='ocrx_word' id='word_1_12' title='bbox 348 464 408 533; x_wconf 89' lang='lat' dir='ltr'><strong><em>illa,</em></strong></span> <span class='ocrx_word' id='word_1_13' title='bbox 420 467 445 519; x_wconf 91' lang='lat' dir='ltr'><strong><em>et</em></strong></span> <span class='ocrx_word' id='word_1_14' title='bbox 455 464 554 532; x_wconf 85' lang='grc'><strong>111111,</strong></span> <span class='ocrx_word' id='word_1_15' title='bbox 567 468 592 517; x_wconf 84' lang='grc'><strong><em>11</em></strong></span> <span class='ocrx_word' id='word_1_16' title='bbox 600 462 732 518; x_wconf 75' lang='lat' dir='ltr'><strong><em>exaudita</em></strong></span> <span class='ocrx_word' id='word_1_17' title='bbox 742 479 801 518; x_wconf 87' lang='lat' dir='ltr'><strong><em>coa·</em></strong></span> 
     </span>
     <span class='ocr_line' id='line_1_4' title="bbox 71 549 801 621; baseline 0.007 -20"><span class='ocrx_word' id='word_1_18' title='bbox 71 553 85 606; x_wconf 76' lang='lat' dir='ltr'><strong><em>t.</em></strong></span> <span class='ocrx_word' id='word_1_19' title='bbox 97 549 147 606; x_wconf 78' lang='lat' dir='ltr'><strong><em>Ad</em></strong></span> <span class='ocrx_word' id='word_1_20' title='bbox 157 551 205 605; x_wconf 86' lang='lat' dir='ltr'><strong><em>boc</em></strong></span> <span class='ocrx_word' id='word_1_21' title='bbox 215 553 286 605; x_wconf 90' lang='lat' dir='ltr'><strong><em>enim</em></strong></span> <span class='ocrx_word' id='word_1_22' title='bbox 299 553 405 618; x_wconf 71' lang='lat' dir='ltr'><strong><em>factum</em></strong></span> <span class='ocrx_word' id='word_1_23' title='bbox 417 556 485 617; x_wconf 79' lang='lat' dir='ltr'><strong><em>mat,</em></strong></span> <span class='ocrx_word' id='word_1_24' title='bbox 501 556 633 621; x_wconf 87' lang='lat' dir='ltr'><strong><em>quantum</em></strong></span> <span class='ocrx_word' id='word_1_25' title='bbox 647 555 737 607; x_wconf 80' lang='lat' dir='ltr'><strong><em>caitus</em></strong></span> <span class='ocrx_word' id='word_1_26' title='bbox 751 552 801 606; x_wconf 92' lang='lat' dir='ltr'><strong><em>do-</em></strong></span> 
     </span>
     <span class='ocr_line' id='line_1_5' title="bbox 77 638 799 710; baseline 0.001 -16"><span class='ocrx_word' id='word_1_27' title='bbox 77 638 124 694; x_wconf 86' lang='lat' dir='ltr'><strong><em>illi</em></strong></span> <span class='ocrx_word' id='word_1_28' title='bbox 139 642 195 693; x_wconf 88' lang='lat' dir='ltr'><strong><em>tam</em></strong></span> <span class='ocrx_word' id='word_1_29' title='bbox 210 641 350 710; x_wconf 88' lang='lat' dir='ltr'><strong><em>repentino</em></strong></span> <span class='ocrx_word' id='word_1_30' title='bbox 362 641 412 695; x_wconf 80' lang='lat' dir='ltr'><strong><em>liei</em></strong></span> <span class='ocrx_word' id='word_1_31' title='bbox 426 641 548 710; x_wconf 69' lang='lat' dir='ltr'><strong><em>beneflcio</em></strong></span> <span class='ocrx_word' id='word_1_32' title='bbox 562 641 650 695; x_wconf 76' lang='lat' dir='ltr'><strong><em>solerte</em></strong></span> <span class='ocrx_word' id='word_1_33' title='bbox 663 645 799 710; x_wconf 85' lang='lat' dir='ltr'><strong><em>percepta,</em></strong></span> 
     </span>
     <span class='ocr_line' id='line_1_6' title="bbox 71 729 802 800; baseline 0.004 -19"><span class='ocrx_word' id='word_1_34' title='bbox 71 742 141 784; x_wconf 84' lang='lat' dir='ltr'><strong><em>ream</em></strong></span> <span class='ocrx_word' id='word_1_35' title='bbox 149 733 175 783; x_wconf 87' lang='lat' dir='ltr'><strong><em>et</em></strong></span> <span class='ocrx_word' id='word_1_36' title='bbox 183 729 353 795; x_wconf 79' lang='lat' dir='ltr'><strong><em>honorantes,</em></strong></span> <span class='ocrx_word' id='word_1_37' title='bbox 363 730 436 798; x_wconf 91' lang='lat' dir='ltr'><strong><em>quod</em></strong></span> <span class='ocrx_word' id='word_1_38' title='bbox 445 745 535 784; x_wconf 90' lang='lat' dir='ltr'><strong><em>eorum</em></strong></span> <span class='ocrx_word' id='word_1_39' title='bbox 544 734 631 784; x_wconf 90' lang='lat' dir='ltr'><strong><em>mater</em></strong></span> <span class='ocrx_word' id='word_1_40' title='bbox 638 732 802 800; x_wconf 71' lang='lat' dir='ltr'><strong><em>promiserat</em></strong></span> 
     </span>
     <span class='ocr_line' id='line_1_7' title="bbox 71 817 800 889; baseline -0.001 -16"><span class='ocrx_word' id='word_1_41' title='bbox 71 821 136 873; x_wconf 76' lang='lat' dir='ltr'><strong><em>uri.</em></strong></span> <span class='ocrx_word' id='word_1_42' title='bbox 151 818 252 889; x_wconf 88' lang='lat' dir='ltr'><strong><em>ltaque</em></strong></span> <span class='ocrx_word' id='word_1_43' title='bbox 265 833 317 888; x_wconf 92' lang='lat' dir='ltr'><strong><em>per</em></strong></span> <span class='ocrx_word' id='word_1_44' title='bbox 331 817 493 873; x_wconf 89' lang='lat' dir='ltr'><strong><em>mirabilem</em></strong></span> <span class='ocrx_word' id='word_1_45' title='bbox 510 818 561 873; x_wconf 86' lang='lat' dir='ltr'><strong><em>Uei</em></strong></span> <span class='ocrx_word' id='word_1_46' title='bbox 574 818 800 874; x_wconf 86' lang='lat' dir='ltr'><strong><em>misericordiam</em></strong></span> 
     </span>
     <span class='ocr_line' id='line_1_8' title="bbox 71 907 802 979; baseline 0 -16"><span class='ocrx_word' id='word_1_47' title='bbox 71 921 137 963; x_wconf 85' lang='lat' dir='ltr'><strong><em>nore</em></strong></span> <span class='ocrx_word' id='word_1_48' title='bbox 151 922 259 978; x_wconf 89' lang='lat' dir='ltr'><strong><em>magno</em></strong></span> <span class='ocrx_word' id='word_1_49' title='bbox 275 907 333 962; x_wconf 90' lang='lat' dir='ltr'><strong><em>suis</em></strong></span> <span class='ocrx_word' id='word_1_50' title='bbox 350 907 516 979; x_wconf 87' lang='lat' dir='ltr'><strong><em>pareatibus</em></strong></span> <span class='ocrx_word' id='word_1_51' title='bbox 535 908 665 963; x_wconf 90' lang='lat' dir='ltr'><strong><em>restituta</em></strong></span> <span class='ocrx_word' id='word_1_52' title='bbox 680 913 732 963; x_wconf 91' lang='lat' dir='ltr'><strong><em>est.</em></strong></span> <span class='ocrx_word' id='word_1_53' title='bbox 751 910 802 963; x_wconf 87' lang='lat' dir='ltr'><strong><em>Ue·</em></strong></span> 
     </span>
     <span class='ocr_line' id='line_1_9' title="bbox 71 993 802 1067; baseline -0.001 -16"><span class='ocrx_word' id='word_1_54' title='bbox 71 993 167 1067; x_wconf 74' lang='grc'><strong>1111111,</strong></span> <span class='ocrx_word' id='word_1_55' title='bbox 178 999 291 1050; x_wconf 89' lang='lat' dir='ltr'><strong><em>lantum</em></strong></span> <span class='ocrx_word' id='word_1_56' title='bbox 303 995 333 1049; x_wconf 93' lang='lat' dir='ltr'><strong><em>in</em></strong></span> <span class='ocrx_word' id='word_1_57' title='bbox 344 1001 439 1051; x_wconf 91' lang='lat' dir='ltr'><strong><em>mente</em></strong></span> <span class='ocrx_word' id='word_1_58' title='bbox 449 997 543 1051; x_wconf 85' lang='lat' dir='ltr'><strong><em>valere</em></strong></span> <span class='ocrx_word' id='word_1_59' title='bbox 554 996 747 1067; x_wconf 75' lang='lat' dir='ltr'>integritatem</span> <span class='ocrx_word' id='word_1_60' title='bbox 758 1015 802 1051; x_wconf 89' lang='lat' dir='ltr'><strong><em>ca-</em></strong></span> 
     </span>
     <span class='ocr_line' id='line_1_10' title="bbox 71 1082 800 1158; baseline 0 -19"><span class='ocrx_word' id='word_1_61' title='bbox 71 1086 106 1139; x_wconf 88' lang='lat' dir='ltr'><strong><em>ut</em></strong></span> <span class='ocrx_word' id='word_1_62' title='bbox 119 1083 169 1137; x_wconf 85' lang='lat' dir='ltr'><strong><em>illa</em></strong></span> <span class='ocrx_word' id='word_1_63' title='bbox 181 1082 328 1154; x_wconf 85' lang='lat' dir='ltr'><strong><em>inviolata,</em></strong></span> <span class='ocrx_word' id='word_1_64' title='bbox 340 1084 435 1139; x_wconf 91' lang='lat' dir='ltr'><strong><em>necin</em></strong></span> <span class='ocrx_word' id='word_1_65' title='bbox 448 1100 567 1156; x_wconf 87' lang='lat' dir='ltr'><strong><em>corpore</em></strong></span> <span class='ocrx_word' id='word_1_66' title='bbox 581 1085 673 1157; x_wconf 85' lang='lat' dir='ltr'><strong>possit</strong></span> <span class='ocrx_word' id='word_1_67' title='bbox 686 1084 800 1158; x_wconf 90' lang='lat' dir='ltr'><strong><em>padici-</em></strong></span> 
     </span>
     <span class='ocr_line' id='line_1_11' title="bbox 71 1170 310 1243; baseline -0.004 -16"><span class='ocrx_word' id='word_1_68' title='bbox 71 1170 100 1227; x_wconf 85' lang='lat' dir='ltr'><strong><em>ri</em></strong></span> <span class='ocrx_word' id='word_1_69' title='bbox 114 1171 217 1243; x_wconf 78' lang='lat' dir='ltr'><strong><em>(Epist.</em></strong></span> <span class='ocrx_word' id='word_1_70' title='bbox 236 1171 310 1243; x_wconf 91' lang='grc'><strong>111).</strong></span> 
     </span>
     <span class='ocr_line' id='line_1_12' title="bbox 272 1262 476 1317; baseline 0.005 -1"><span class='ocrx_word' id='word_1_71' title='bbox 272 1262 386 1317; x_wconf 76' lang='lat' dir='ltr'><strong><em>CAPUT</em></strong></span> <span class='ocrx_word' id='word_1_72' title='bbox 405 1262 476 1317; x_wconf 85' lang='lat' dir='ltr'><strong><em>Vlll.</em></strong></span> 
     </span>
    </p>

    <p class='ocr_par' dir='ltr' id='par_1_3' title="bbox 70 1348 805 5590">
     <span class='ocr_line' id='line_1_13' title="bbox 82 1348 803 1421; baseline 0.006 -18"><span class='ocrx_word' id='word_1_73' title='bbox 82 1348 350 1421; x_wconf 84' lang='lat' dir='ltr'><strong><em>quadrinqentesimo</em></strong></span> <span class='ocrx_word' id='word_1_74' title='bbox 364 1349 476 1418; x_wconf 80' lang='lat' dir='ltr'><strong><em>decimo,</em></strong></span> <span class='ocrx_word' id='word_1_75' title='bbox 492 1355 651 1421; x_wconf 80' lang='lat' dir='ltr'><strong><em>eapuqnata</em></strong></span> <span class='ocrx_word' id='word_1_76' title='bbox 664 1352 743 1419; x_wconf 87' lang='lat' dir='ltr'><strong><em>Urbe,</em></strong></span> <span class='ocrx_word' id='word_1_77' title='bbox 759 1363 803 1407; x_wconf 88' lang='lat' dir='ltr'><strong><em>ua·</em></strong></span> 
     </span>
     <span class='ocr_line' id='line_1_14' title="bbox 71 1438 801 1510; baseline 0.001 -17"><span class='ocrx_word' id='word_1_78' title='bbox 71 1438 128 1494; x_wconf 79' lang='lat' dir='ltr'><strong><em>ade</em></strong></span> <span class='ocrx_word' id='word_1_79' title='bbox 141 1454 171 1493; x_wconf 90' lang='lat' dir='ltr'><strong><em>re</em></strong></span> <span class='ocrx_word' id='word_1_80' title='bbox 189 1453 322 1494; x_wconf 80' lang='lat' dir='ltr'><strong><em>sermome</em></strong></span> <span class='ocrx_word' id='word_1_81' title='bbox 337 1439 417 1494; x_wconf 87' lang='lat' dir='ltr'><strong><em>babet</em></strong></span> <span class='ocrx_word' id='word_1_82' title='bbox 431 1440 469 1494; x_wconf 92' lang='lat' dir='ltr'><strong><em>ad</em></strong></span> <span class='ocrx_word' id='word_1_83' title='bbox 481 1440 596 1509; x_wconf 77' lang='lat' dir='ltr'><strong><em>plebem.</em></strong></span> <span class='ocrx_word' id='word_1_84' title='bbox 613 1443 801 1510; x_wconf 73' lang='grc'><strong>2111111111-</strong></span> 
     </span>
     <span class='ocr_line' id='line_1_15' title="bbox 71 1526 802 1599; baseline 0.003 -18"><span class='ocrx_word' id='word_1_85' title='bbox 71 1526 219 1582; x_wconf 83' lang='lat' dir='ltr'><strong><em>absentiam</em></strong></span> <span class='ocrx_word' id='word_1_86' title='bbox 229 1542 307 1582; x_wconf 88' lang='lat' dir='ltr'><strong><em>suam</em></strong></span> <span class='ocrx_word' id='word_1_87' title='bbox 321 1532 444 1596; x_wconf 78' lang='lat' dir='ltr'><strong><em>memet,</em></strong></span> <span class='ocrx_word' id='word_1_88' title='bbox 454 1532 537 1596; x_wconf 91' lang='lat' dir='ltr'><strong><em>utque</em></strong></span> <span class='ocrx_word' id='word_1_89' title='bbox 548 1527 582 1582; x_wconf 90' lang='lat' dir='ltr'><strong><em>de</em></strong></span> <span class='ocrx_word' id='word_1_90' title='bbox 592 1529 739 1584; x_wconf 75' lang='lat' dir='ltr'><strong><em>vestiendis</em></strong></span> <span class='ocrx_word' id='word_1_91' title='bbox 752 1545 802 1599; x_wconf 89' lang='lat' dir='ltr'><strong><em>pro</em></strong></span> 
     </span>
     <span class='ocr_line' id='line_1_16' title="bbox 71 1615 802 1685; baseline 0.003 -14"><span class='ocrx_word' id='word_1_92' title='bbox 71 1630 118 1671; x_wconf 84' lang='lat' dir='ltr'><strong><em>are</em></strong></span> <span class='ocrx_word' id='word_1_93' title='bbox 133 1615 304 1685; x_wconf 87' lang='lat' dir='ltr'><strong><em>pauperibus</em></strong></span> <span class='ocrx_word' id='word_1_94' title='bbox 324 1618 450 1684; x_wconf 77' lang='lat' dir='ltr'><strong><em>cogitent,</em></strong></span> <span class='ocrx_word' id='word_1_95' title='bbox 471 1615 639 1673; x_wconf 85' lang='grc'><strong>1111111111.3</strong></span> <span class='ocrx_word' id='word_1_96' title='bbox 665 1621 686 1674; x_wconf 78' lang='lat' dir='ltr'><em>A</em></span> <span class='ocrx_word' id='word_1_97' title='bbox 711 1619 802 1673; x_wconf 89' lang='lat' dir='ltr'><strong><em>morbo</em></strong></span> 
     </span>
     <span class='ocr_line' id='line_1_17' title="bbox 71 1704 801 1775; baseline 0 -15"><span class='ocrx_word' id='word_1_98' title='bbox 71 1704 167 1760; x_wconf 76' lang='lat' dir='ltr'><strong><em>terrem</em></strong></span> <span class='ocrx_word' id='word_1_99' title='bbox 182 1706 244 1758; x_wconf 90' lang='lat' dir='ltr'><strong><em>ruri</em></strong></span> <span class='ocrx_word' id='word_1_100' title='bbox 255 1705 398 1775; x_wconf 78' lang='lat' dir='ltr'><strong><em>respondet</em></strong></span> <span class='ocrx_word' id='word_1_101' title='bbox 417 1708 543 1760; x_wconf 86' lang='lat' dir='ltr'><strong><em>Dioscaro</em></strong></span> <span class='ocrx_word' id='word_1_102' title='bbox 558 1704 591 1760; x_wconf 88' lang='lat' dir='ltr'><strong><em>de</em></strong></span> <span class='ocrx_word' id='word_1_103' title='bbox 609 1707 801 1774; x_wconf 74' lang='lat' dir='ltr'><strong><em>questionibus</em></strong></span> 
     </span>
     <span class='ocr_line' id='line_1_18' title="bbox 71 1794 802 1866; baseline 0.001 -17"><span class='ocrx_word' id='word_1_104' title='bbox 71 1794 174 1849; x_wconf 83' lang='lat' dir='ltr'><strong><em>missis.</em></strong></span> <span class='ocrx_word' id='word_1_105' title='bbox 189 1794 206 1849; x_wconf 77' lang='grc'>4</span> <span class='ocrx_word' id='word_1_106' title='bbox 221 1795 392 1850; x_wconf 88' lang='lat' dir='ltr'><strong><em>Consentium</em></strong></span> <span class='ocrx_word' id='word_1_107' title='bbox 406 1796 493 1848; x_wconf 88' lang='lat' dir='ltr'><strong><em>animi</em></strong></span> <span class='ocrx_word' id='word_1_108' title='bbox 507 1796 685 1866; x_wconf 76' lang='lat' dir='ltr'><strong><em>simplicitate</em></strong></span> <span class='ocrx_word' id='word_1_109' title='bbox 698 1811 729 1850; x_wconf 91' lang='lat' dir='ltr'><strong><em>ac</em></strong></span> <span class='ocrx_word' id='word_1_110' title='bbox 743 1798 802 1850; x_wconf 87' lang='lat' dir='ltr'><strong><em>sine</em></strong></span> 
     </span>
     <span class='ocr_line' id='line_1_19' title="bbox 71 1882 801 1953; baseline 0.001 -16"><span class='ocrx_word' id='word_1_111' title='bbox 71 1883 145 1937; x_wconf 81' lang='grc'><strong>111111</strong></span> <span class='ocrx_word' id='word_1_112' title='bbox 168 1886 303 1937; x_wconf 81' lang='lat' dir='ltr'><strong><em>errantem</em></strong></span> <span class='ocrx_word' id='word_1_113' title='bbox 321 1882 440 1950; x_wconf 76' lang='lat' dir='ltr'><strong><em>dedocet,</em></strong></span> <span class='ocrx_word' id='word_1_114' title='bbox 462 1882 612 1953; x_wconf 89' lang='lat' dir='ltr'><strong><em>imbuitque</em></strong></span> <span class='ocrx_word' id='word_1_115' title='bbox 633 1885 801 1939; x_wconf 76' lang='grc'><strong>1111111111-</strong></span> 
     </span>
     <span class='ocr_line' id='line_1_20' title="bbox 71 1969 802 2040; baseline 0 -14"><span class='ocrx_word' id='word_1_116' title='bbox 71 1973 112 2027; x_wconf 61' lang='grc'><strong><em>15</em></strong></span> <span class='ocrx_word' id='word_1_117' title='bbox 129 1969 249 2028; x_wconf 77' lang='lat' dir='ltr'><strong><em>colenda</em></strong></span> <span class='ocrx_word' id='word_1_118' title='bbox 263 1986 318 2026; x_wconf 80' lang='lat' dir='ltr'><strong><em>sua</em></strong></span> <span class='ocrx_word' id='word_1_119' title='bbox 332 1973 428 2040; x_wconf 85' lang='lat' dir='ltr'><strong><em>cuique</em></strong></span> <span class='ocrx_word' id='word_1_120' title='bbox 441 1971 580 2039; x_wconf 76' lang='lat' dir='ltr'><strong><em>religionis</em></strong></span> <span class='ocrx_word' id='word_1_121' title='bbox 593 1972 742 2027; x_wconf 84' lang='lat' dir='ltr'><strong><em>libertatem</em></strong></span> <span class='ocrx_word' id='word_1_122' title='bbox 756 1973 802 2027; x_wconf 93' lang='lat' dir='ltr'><strong><em>da-</em></strong></span> 
     </span>
     <span class='ocr_line' id='line_1_21' title="bbox 71 2059 801 2129; baseline -0.004 -13"><span class='ocrx_word' id='word_1_123' title='bbox 71 2059 132 2116; x_wconf 86' lang='lat' dir='ltr'><strong><em>ollii</em></strong></span> <span class='ocrx_word' id='word_1_124' title='bbox 152 2060 332 2115; x_wconf 79' lang='grc'><strong>1111111116</strong></span> <span class='ocrx_word' id='word_1_125' title='bbox 353 2059 427 2114; x_wconf 85' lang='lat' dir='ltr'><strong><em>Idem</em></strong></span> <span class='ocrx_word' id='word_1_126' title='bbox 445 2059 523 2129; x_wconf 84' lang='lat' dir='ltr'><strong><em>jubet</em></strong></span> <span class='ocrx_word' id='word_1_127' title='bbox 543 2063 575 2114; x_wconf 88' lang='lat' dir='ltr'><strong><em>ul</em></strong></span> <span class='ocrx_word' id='word_1_128' title='bbox 596 2060 728 2116; x_wconf 85' lang='lat' dir='ltr'><strong><em>Catholici</em></strong></span> <span class='ocrx_word' id='word_1_129' title='bbox 742 2074 801 2114; x_wconf 93' lang='lat' dir='ltr'><strong><em>cum</em></strong></span> 
     </span>
     <span class='ocr_line' id='line_1_22' title="bbox 70 2147 802 2216; baseline -0.004 -14"><span class='ocrx_word' id='word_1_130' title='bbox 70 2148 134 2202; x_wconf 76' lang='lat' dir='ltr'><strong><em>istis</em></strong></span> <span class='ocrx_word' id='word_1_131' title='bbox 152 2149 183 2201; x_wconf 90' lang='lat' dir='ltr'><strong><em>in</em></strong></span> <span class='ocrx_word' id='word_1_132' title='bbox 201 2149 363 2216; x_wconf 75' lang='lat' dir='ltr'><strong><em>colloquium</em></strong></span> <span class='ocrx_word' id='word_1_133' title='bbox 382 2150 532 2202; x_wconf 73' lang='lat' dir='ltr'><strong><em>uenienti</em></strong></span> <span class='ocrx_word' id='word_1_134' title='bbox 554 2147 681 2204; x_wconf 85' lang='lat' dir='ltr'><strong><em>Curanda</em></strong></span> <span class='ocrx_word' id='word_1_135' title='bbox 698 2149 802 2214; x_wconf 75' lang='lat' dir='ltr'><strong><em>lutura</em></strong></span> 
     </span>
     <span class='ocr_line' id='line_1_23' title="bbox 71 2235 745 2307; baseline -0.004 -15"><span class='ocrx_word' id='word_1_136' title='bbox 71 2236 141 2292; x_wconf 84' lang='lat' dir='ltr'><strong><em>ionis</em></strong></span> <span class='ocrx_word' id='word_1_137' title='bbox 155 2235 233 2291; x_wconf 92' lang='lat' dir='ltr'><strong><em>modo</em></strong></span> <span class='ocrx_word' id='word_1_138' title='bbox 247 2252 278 2290; x_wconf 90' lang='lat' dir='ltr'><strong><em>ac</em></strong></span> <span class='ocrx_word' id='word_1_139' title='bbox 293 2235 385 2290; x_wconf 86' lang='lat' dir='ltr'><strong><em>ordini</em></strong></span> <span class='ocrx_word' id='word_1_140' title='bbox 395 2235 550 2307; x_wconf 76' lang='lat' dir='ltr'><strong><em>preficitur</em></strong></span> <span class='ocrx_word' id='word_1_141' title='bbox 562 2238 745 2291; x_wconf 80' lang='lat' dir='ltr'><strong><em>Marcellinus.</em></strong></span> 
     </span>
     <span class='ocr_line' id='line_1_24' title="bbox 71 2323 800 2399; baseline 0.001 -20"><span class='ocrx_word' id='word_1_142' title='bbox 71 2323 181 2399; x_wconf 88' lang='lat' dir='ltr'><strong><em>periore</em></strong></span> <span class='ocrx_word' id='word_1_143' title='bbox 195 2340 271 2379; x_wconf 91' lang='lat' dir='ltr'><strong><em>anno</em></strong></span> <span class='ocrx_word' id='word_1_144' title='bbox 284 2325 477 2380; x_wconf 79' lang='lat' dir='ltr'><strong><em>victorianum</em></strong></span> <span class='ocrx_word' id='word_1_145' title='bbox 489 2325 524 2379; x_wconf 91' lang='lat' dir='ltr'><strong><em>oh</em></strong></span> <span class='ocrx_word' id='word_1_146' title='bbox 535 2324 725 2380; x_wconf 83' lang='lat' dir='ltr'><strong><em>intolerabilia</em></strong></span> <span class='ocrx_word' id='word_1_147' title='bbox 739 2340 800 2380; x_wconf 91' lang='lat' dir='ltr'><strong><em>me-</em></strong></span> 
     </span>
     <span class='ocr_line' id='line_1_25' title="bbox 71 2410 800 2483; baseline -0.007 -14"><span class='ocrx_word' id='word_1_148' title='bbox 71 2412 260 2469; x_wconf 84' lang='lat' dir='ltr'><strong><em>barharorum</em></strong></span> <span class='ocrx_word' id='word_1_149' title='bbox 271 2411 485 2468; x_wconf 90' lang='lat' dir='ltr'><strong><em>incursionibus</em></strong></span> <span class='ocrx_word' id='word_1_150' title='bbox 493 2411 617 2483; x_wconf 91' lang='lat' dir='ltr'><strong><em>Imperio</em></strong></span> <span class='ocrx_word' id='word_1_151' title='bbox 627 2410 800 2479; x_wconf 88' lang='lat' dir='ltr'><strong><em>acciderent,</em></strong></span> 
     </span>
     <span class='ocr_line' id='line_1_26' title="bbox 71 2500 800 2573; baseline -0.005 -15"><span class='ocrx_word' id='word_1_152' title='bbox 71 2505 182 2558; x_wconf 78' lang='grc'><strong>’11111111</strong></span> <span class='ocrx_word' id='word_1_153' title='bbox 202 2501 371 2557; x_wconf 82' lang='lat' dir='ltr'><strong><em>confirmare</em></strong></span> <span class='ocrx_word' id='word_1_154' title='bbox 388 2501 519 2557; x_wconf 84' lang='lat' dir='ltr'><strong><em>studebat</em></strong></span> <span class='ocrx_word' id='word_1_155' title='bbox 538 2500 715 2573; x_wconf 77' lang='lat' dir='ltr'><strong><em>Augustinus</em></strong></span> <span class='ocrx_word' id='word_1_156' title='bbox 732 2516 800 2555; x_wconf 85' lang='lat' dir='ltr'><strong><em>:re-</em></strong></span> 
     </span>
     <span class='ocr_line' id='line_1_27' title="bbox 72 2589 801 2663; baseline -0.005 -17"><span class='ocrx_word' id='word_1_157' title='bbox 72 2607 166 2663; x_wconf 80' lang='lat' dir='ltr'><strong><em>genne</em></strong></span> <span class='ocrx_word' id='word_1_158' title='bbox 181 2590 325 2655; x_wconf 82' lang='lat' dir='ltr'><strong><em>remediis,</em></strong></span> <span class='ocrx_word' id='word_1_159' title='bbox 342 2606 407 2662; x_wconf 79' lang='lat' dir='ltr'><strong><em>quse</em></strong></span> <span class='ocrx_word' id='word_1_160' title='bbox 427 2590 483 2662; x_wconf 91' lang='lat' dir='ltr'><strong><em>ipsi</em></strong></span> <span class='ocrx_word' id='word_1_161' title='bbox 495 2606 639 2662; x_wconf 90' lang='lat' dir='ltr'><strong><em>propensa</em></strong></span> <span class='ocrx_word' id='word_1_162' title='bbox 652 2589 682 2644; x_wconf 90' lang='lat' dir='ltr'><strong><em>in</em></strong></span> <span class='ocrx_word' id='word_1_163' title='bbox 702 2605 801 2644; x_wconf 85' lang='lat' dir='ltr'><strong><em>omnes</em></strong></span> 
     </span>
     <span class='ocr_line' id='line_1_28' title="bbox 71 2678 801 2752; baseline -0.004 -17"><span class='ocrx_word' id='word_1_164' title='bbox 71 2679 261 2752; x_wconf 79' lang='lat' dir='ltr'><strong><em>appeditabat,</em></strong></span> <span class='ocrx_word' id='word_1_165' title='bbox 274 2679 367 2751; x_wconf 88' lang='lat' dir='ltr'><strong><em>magis</em></strong></span> <span class='ocrx_word' id='word_1_166' title='bbox 378 2679 505 2751; x_wconf 81' lang='lat' dir='ltr'><strong><em>indiguit</em></strong></span> <span class='ocrx_word' id='word_1_167' title='bbox 515 2683 628 2734; x_wconf 87' lang='lat' dir='ltr'><strong><em>sanctas</em></strong></span> <span class='ocrx_word' id='word_1_168' title='bbox 638 2679 763 2734; x_wconf 76' lang='lat' dir='ltr'><strong><em>Antiates</em></strong></span> <span class='ocrx_word' id='word_1_169' title='bbox 771 2678 801 2733; x_wconf 91' lang='lat' dir='ltr'><strong><em>in</em></strong></span> 
     </span>
     <span class='ocr_line' id='line_1_29' title="bbox 71 2764 801 2837; baseline -0.004 -16"><span class='ocrx_word' id='word_1_170' title='bbox 71 2764 164 2832; x_wconf 79' lang='lat' dir='ltr'><strong><em>imnis,</em></strong></span> <span class='ocrx_word' id='word_1_171' title='bbox 176 2780 246 2836; x_wconf 88' lang='lat' dir='ltr'><strong><em>quas</em></strong></span> <span class='ocrx_word' id='word_1_172' title='bbox 259 2781 351 2820; x_wconf 91' lang='lat' dir='ltr'><strong><em>annus</em></strong></span> <span class='ocrx_word' id='word_1_173' title='bbox 362 2765 665 2837; x_wconf 81' lang='lat' dir='ltr'><strong><em>quadringentesimus</em></strong></span> <span class='ocrx_word' id='word_1_174' title='bbox 675 2764 801 2819; x_wconf 89' lang='lat' dir='ltr'><strong><em>decimas</em></strong></span> 
     </span>
     <span class='ocr_line' id='line_1_30' title="bbox 71 2853 800 2911; baseline -0.005 0"><span class='ocrx_word' id='word_1_175' title='bbox 71 2871 95 2911; x_wconf 80' lang='lat' dir='ltr'><strong><em>to</em></strong></span> <span class='ocrx_word' id='word_1_176' title='bbox 105 2853 236 2910; x_wconf 85' lang='lat' dir='ltr'><strong><em>videlicet</em></strong></span> <span class='ocrx_word' id='word_1_177' title='bbox 246 2871 322 2909; x_wconf 89' lang='lat' dir='ltr'><strong><em>anno</em></strong></span> <span class='ocrx_word' id='word_1_178' title='bbox 332 2855 490 2909; x_wconf 85' lang='lat' dir='ltr'><strong><em>Gothorum</em></strong></span> <span class='ocrx_word' id='word_1_179' title='bbox 499 2871 547 2909; x_wconf 86' lang='lat' dir='ltr'><strong><em>rex</em></strong></span> <span class='ocrx_word' id='word_1_180' title='bbox 557 2854 685 2909; x_wconf 79' lang='lat' dir='ltr'><strong><em>Alaricus</em></strong></span> <span class='ocrx_word' id='word_1_181' title='bbox 698 2854 800 2909; x_wconf 86' lang='lat' dir='ltr'><strong><em>Urbem</em></strong></span> 
     </span>
     <span class='ocr_line' id='line_1_31' title="bbox 71 2941 800 3014; baseline -0.003 -16"><span class='ocrx_word' id='word_1_182' title='bbox 71 2958 97 3000; x_wconf 81' lang='lat' dir='ltr'><strong><em>ce</em></strong></span> <span class='ocrx_word' id='word_1_183' title='bbox 121 2943 220 3010; x_wconf 80' lang='lat' dir='ltr'><strong><em>cinxit,</em></strong></span> <span class='ocrx_word' id='word_1_184' title='bbox 243 2947 272 2998; x_wconf 90' lang='lat' dir='ltr'><strong><em>et</em></strong></span> <span class='ocrx_word' id='word_1_185' title='bbox 293 2959 371 2997; x_wconf 92' lang='lat' dir='ltr'><strong><em>nono</em></strong></span> <span class='ocrx_word' id='word_1_186' title='bbox 390 2942 529 2998; x_wconf 85' lang='lat' dir='ltr'><strong><em>kalendas</em></strong></span> <span class='ocrx_word' id='word_1_187' title='bbox 548 2941 718 3014; x_wconf 85' lang='lat' dir='ltr'><strong><em>septembris</em></strong></span> <span class='ocrx_word' id='word_1_188' title='bbox 736 2946 800 2996; x_wconf 91' lang='lat' dir='ltr'><strong><em>tan-</em></strong></span> 
     </span>
     <span class='ocr_line' id='line_1_32' title="bbox 71 3029 802 3105; baseline -0.004 -18"><span class='ocrx_word' id='word_1_189' title='bbox 71 3031 213 3105; x_wconf 83' lang='lat' dir='ltr'><strong><em>pagnarit.</em></strong></span> <span class='ocrx_word' id='word_1_190' title='bbox 231 3033 308 3087; x_wconf 83' lang='lat' dir='ltr'><strong><em>lianc</em></strong></span> <span class='ocrx_word' id='word_1_191' title='bbox 323 3031 401 3087; x_wconf 88' lang='lat' dir='ltr'><strong><em>enim</em></strong></span> <span class='ocrx_word' id='word_1_192' title='bbox 418 3030 501 3086; x_wconf 87' lang='lat' dir='ltr'><strong><em>militi</em></strong></span> <span class='ocrx_word' id='word_1_193' title='bbox 516 3030 653 3087; x_wconf 89' lang='lat' dir='ltr'><strong><em>barbarus</em></strong></span> <span class='ocrx_word' id='word_1_194' title='bbox 667 3029 802 3102; x_wconf 90' lang='lat' dir='ltr'><strong><em>diripian-</em></strong></span> 
     </span>
     <span class='ocr_line' id='line_1_33' title="bbox 71 3118 800 3193; baseline -0.004 -17"><span class='ocrx_word' id='word_1_195' title='bbox 71 3121 177 3189; x_wconf 84' lang='lat' dir='ltr'><strong><em>rmisit;</em></strong></span> <span class='ocrx_word' id='word_1_196' title='bbox 193 3136 360 3193; x_wconf 85' lang='lat' dir='ltr'><strong><em>quanquam</em></strong></span> <span class='ocrx_word' id='word_1_197' title='bbox 375 3136 408 3175; x_wconf 89' lang='lat' dir='ltr'><strong><em>ea</em></strong></span> <span class='ocrx_word' id='word_1_198' title='bbox 427 3119 520 3192; x_wconf 86' lang='lat' dir='ltr'><strong><em>posita</em></strong></span> <span class='ocrx_word' id='word_1_199' title='bbox 535 3121 608 3192; x_wconf 89' lang='lat' dir='ltr'><strong><em>lege,</em></strong></span> <span class='ocrx_word' id='word_1_200' title='bbox 622 3125 655 3176; x_wconf 90' lang='lat' dir='ltr'><strong><em>ut</em></strong></span> <span class='ocrx_word' id='word_1_201' title='bbox 676 3125 705 3176; x_wconf 91' lang='lat' dir='ltr'><strong><em>et</em></strong></span> <span class='ocrx_word' id='word_1_202' title='bbox 725 3118 800 3174; x_wconf 89' lang='lat' dir='ltr'><strong><em>chri-</em></strong></span> 
     </span>
     <span class='ocr_line' id='line_1_34' title="bbox 71 3209 802 3282; baseline -0.004 -16"><span class='ocrx_word' id='word_1_203' title='bbox 71 3209 197 3281; x_wconf 80' lang='lat' dir='ltr'><strong><em>mnguini</em></strong></span> <span class='ocrx_word' id='word_1_204' title='bbox 213 3214 352 3281; x_wconf 86' lang='lat' dir='ltr'><strong><em>parceret,</em></strong></span> <span class='ocrx_word' id='word_1_205' title='bbox 370 3214 399 3265; x_wconf 88' lang='lat' dir='ltr'><strong><em>et</em></strong></span> <span class='ocrx_word' id='word_1_206' title='bbox 424 3226 601 3282; x_wconf 89' lang='lat' dir='ltr'><strong><em>eorumquae</em></strong></span> <span class='ocrx_word' id='word_1_207' title='bbox 625 3209 654 3263; x_wconf 92' lang='lat' dir='ltr'><strong><em>ia</em></strong></span> <span class='ocrx_word' id='word_1_208' title='bbox 676 3209 802 3264; x_wconf 85' lang='lat' dir='ltr'><strong><em>basilicis</em></strong></span> 
     </span>
     <span class='ocr_line' id='line_1_35' title="bbox 71 3297 800 3370; baseline -0.004 -16"><span class='ocrx_word' id='word_1_209' title='bbox 71 3297 107 3354; x_wconf 86' lang='lat' dir='ltr'><strong><em>lm</em></strong></span> <span class='ocrx_word' id='word_1_210' title='bbox 120 3299 318 3370; x_wconf 89' lang='lat' dir='ltr'><strong><em>apostolorum</em></strong></span> <span class='ocrx_word' id='word_1_211' title='bbox 335 3298 409 3353; x_wconf 86' lang='lat' dir='ltr'><strong><em>Petri</em></strong></span> <span class='ocrx_word' id='word_1_212' title='bbox 419 3301 448 3352; x_wconf 91' lang='lat' dir='ltr'><strong><em>ei</em></strong></span> <span class='ocrx_word' id='word_1_213' title='bbox 458 3298 537 3353; x_wconf 87' lang='lat' dir='ltr'><strong><em>Pauli</em></strong></span> <span class='ocrx_word' id='word_1_214' title='bbox 547 3301 657 3369; x_wconf 88' lang='lat' dir='ltr'><strong><em>recepta</em></strong></span> <span class='ocrx_word' id='word_1_215' title='bbox 668 3298 800 3367; x_wconf 85' lang='lat' dir='ltr'><strong><em>inissent,</em></strong></span> 
     </span>
     <span class='ocr_line' id='line_1_36' title="bbox 71 3387 800 3460; baseline -0.003 -16"><span class='ocrx_word' id='word_1_216' title='bbox 71 3403 115 3444; x_wconf 82' lang='lat' dir='ltr'><strong><em>cre</em></strong></span> <span class='ocrx_word' id='word_1_217' title='bbox 124 3387 282 3460; x_wconf 88' lang='lat' dir='ltr'><strong><em>quidquam</em></strong></span> <span class='ocrx_word' id='word_1_218' title='bbox 298 3403 356 3442; x_wconf 90' lang='lat' dir='ltr'><strong><em>non</em></strong></span> <span class='ocrx_word' id='word_1_219' title='bbox 372 3387 498 3442; x_wconf 90' lang='lat' dir='ltr'><strong><em>auderet.</em></strong></span> <span class='ocrx_word' id='word_1_220' title='bbox 511 3387 722 3454; x_wconf 72' lang='lat' dir='ltr'><strong><em>calamitatum,</em></strong></span> <span class='ocrx_word' id='word_1_221' title='bbox 735 3403 800 3459; x_wconf 81' lang='lat' dir='ltr'><strong><em>quae</em></strong></span> 
     </span>
     <span class='ocr_line' id='line_1_37' title="bbox 71 3475 802 3547; baseline -0.001 -14"><span class='ocrx_word' id='word_1_222' title='bbox 71 3475 157 3533; x_wconf 81' lang='lat' dir='ltr'><strong><em>imam</em></strong></span> <span class='ocrx_word' id='word_1_223' title='bbox 176 3476 256 3531; x_wconf 91' lang='lat' dir='ltr'><strong><em>illam</em></strong></span> <span class='ocrx_word' id='word_1_224' title='bbox 277 3477 378 3532; x_wconf 90' lang='lat' dir='ltr'><strong><em>urbem</em></strong></span> <span class='ocrx_word' id='word_1_225' title='bbox 400 3476 544 3547; x_wconf 75' lang='lat' dir='ltr'><strong><em>populatae</em></strong></span> <span class='ocrx_word' id='word_1_226' title='bbox 564 3477 686 3539; x_wconf 73' lang='lat' dir='ltr'><strong><em>fererant,</em></strong></span> <span class='ocrx_word' id='word_1_227' title='bbox 707 3477 802 3532; x_wconf 83' lang='lat' dir='ltr'><strong><em>tristes</em></strong></span> 
     </span>
     <span class='ocr_line' id='line_1_38' title="bbox 71 3562 801 3634; baseline -0.007 -13"><span class='ocrx_word' id='word_1_228' title='bbox 71 3564 102 3621; x_wconf 88' lang='lat' dir='ltr'><strong><em>io</em></strong></span> <span class='ocrx_word' id='word_1_229' title='bbox 111 3564 239 3621; x_wconf 81' lang='lat' dir='ltr'><strong><em>Antistiti</em></strong></span> <span class='ocrx_word' id='word_1_230' title='bbox 249 3564 387 3619; x_wconf 89' lang='lat' dir='ltr'><strong><em>erebrose</em></strong></span> <span class='ocrx_word' id='word_1_231' title='bbox 397 3568 510 3634; x_wconf 90' lang='lat' dir='ltr'><strong><em>pectore</em></strong></span> <span class='ocrx_word' id='word_1_232' title='bbox 520 3562 654 3634; x_wconf 82' lang='lat' dir='ltr'><strong><em>gemitus,</em></strong></span> <span class='ocrx_word' id='word_1_233' title='bbox 667 3578 801 3634; x_wconf 90' lang='lat' dir='ltr'><strong><em>magnam</em></strong></span> 
     </span>
     <span class='ocr_line' id='line_1_39' title="bbox 71 3651 803 3725; baseline -0.007 -15"><span class='ocrx_word' id='word_1_234' title='bbox 71 3653 290 3725; x_wconf 79' lang='lat' dir='ltr'><strong><em>slacrpmarum</em></strong></span> <span class='ocrx_word' id='word_1_235' title='bbox 306 3653 362 3707; x_wconf 86' lang='lat' dir='ltr'><strong><em>rim</em></strong></span> <span class='ocrx_word' id='word_1_236' title='bbox 385 3656 588 3723; x_wconf 77' lang='lat' dir='ltr'><strong><em>expresserunt</em></strong></span> <span class='ocrx_word' id='word_1_237' title='bbox 604 3668 610 3707; x_wconf 94' lang='lat'>:</span> <span class='ocrx_word' id='word_1_238' title='bbox 627 3654 713 3722; x_wconf 88' lang='lat' dir='ltr'><strong><em>atque</em></strong></span> <span class='ocrx_word' id='word_1_239' title='bbox 736 3651 803 3705; x_wconf 89' lang='lat' dir='ltr'><strong><em>hinc</em></strong></span> 
     </span>
     <span class='ocr_line' id='line_1_40' title="bbox 71 3741 803 3815; baseline -0.005 -17"><span class='ocrx_word' id='word_1_240' title='bbox 71 3758 84 3798; x_wconf 86' lang='lat' dir='ltr'><strong><em>a</em></strong></span> <span class='ocrx_word' id='word_1_241' title='bbox 97 3758 200 3815; x_wconf 84' lang='lat' dir='ltr'><strong><em>capere</em></strong></span> <span class='ocrx_word' id='word_1_242' title='bbox 210 3757 239 3796; x_wconf 92' lang='lat' dir='ltr'><strong><em>se</em></strong></span> <span class='ocrx_word' id='word_1_243' title='bbox 250 3741 296 3796; x_wconf 90' lang='lat' dir='ltr'><strong><em>vix</em></strong></span> <span class='ocrx_word' id='word_1_244' title='bbox 309 3742 438 3812; x_wconf 88' lang='lat' dir='ltr'><strong><em>potuisse</em></strong></span> <span class='ocrx_word' id='word_1_245' title='bbox 447 3741 600 3812; x_wconf 88' lang='lat' dir='ltr'><strong><em>protitetur</em></strong></span> <span class='ocrx_word' id='word_1_246' title='bbox 610 3741 656 3812; x_wconf 81' lang='lat' dir='ltr'><strong><em>(lle</em></strong></span> <span class='ocrx_word' id='word_1_247' title='bbox 669 3741 748 3795; x_wconf 85' lang='lat' dir='ltr'><strong><em>Urbis</em></strong></span> <span class='ocrx_word' id='word_1_248' title='bbox 758 3756 803 3795; x_wconf 84' lang='lat' dir='ltr'><strong><em>ea-</em></strong></span> 
     </span>
     <span class='ocr_line' id='line_1_41' title="bbox 71 3829 803 3903; baseline -0.007 -15"><span class='ocrx_word' id='word_1_249' title='bbox 71 3832 129 3903; x_wconf 81' lang='grc'><strong>.3).</strong></span> <span class='ocrx_word' id='word_1_250' title='bbox 145 3833 183 3886; x_wconf 79' lang='lat' dir='ltr'><strong><em>nt</em></strong></span> <span class='ocrx_word' id='word_1_251' title='bbox 200 3830 227 3885; x_wconf 92' lang='lat' dir='ltr'><strong><em>ei</em></strong></span> <span class='ocrx_word' id='word_1_252' title='bbox 242 3846 303 3902; x_wconf 78' lang='lat' dir='ltr'><strong><em>prae</em></strong></span> <span class='ocrx_word' id='word_1_253' title='bbox 318 3829 429 3885; x_wconf 81' lang='lat' dir='ltr'><strong><em>caeteris</em></strong></span> <span class='ocrx_word' id='word_1_254' title='bbox 443 3829 473 3884; x_wconf 90' lang='lat' dir='ltr'><strong><em>in</em></strong></span> <span class='ocrx_word' id='word_1_255' title='bbox 494 3830 645 3884; x_wconf 87' lang='lat' dir='ltr'><strong><em>molestum</em></strong></span> <span class='ocrx_word' id='word_1_256' title='bbox 661 3832 732 3897; x_wconf 89' lang='lat' dir='ltr'><strong><em>erat,</em></strong></span> <span class='ocrx_word' id='word_1_257' title='bbox 750 3831 803 3884; x_wconf 91' lang='lat' dir='ltr'><strong><em>Pa·</em></strong></span> 
     </span>
     <span class='ocr_line' id='line_1_42' title="bbox 71 3917 804 3991; baseline -0.004 -16"><span class='ocrx_word' id='word_1_258' title='bbox 71 3923 123 3976; x_wconf 86' lang='lat' dir='ltr'><strong><em>tax</em></strong></span> <span class='ocrx_word' id='word_1_259' title='bbox 138 3919 208 3991; x_wconf 88' lang='lat' dir='ltr'><strong><em>ipsis</em></strong></span> <span class='ocrx_word' id='word_1_260' title='bbox 220 3935 268 3974; x_wconf 90' lang='lat' dir='ltr'><strong><em>eos</em></strong></span> <span class='ocrx_word' id='word_1_261' title='bbox 283 3919 372 3974; x_wconf 90' lang='lat' dir='ltr'><strong><em>etiam</em></strong></span> <span class='ocrx_word' id='word_1_262' title='bbox 384 3933 507 3991; x_wconf 88' lang='lat' dir='ltr'><strong><em>quoram</em></strong></span> <span class='ocrx_word' id='word_1_263' title='bbox 518 3917 613 3982; x_wconf 88' lang='lat' dir='ltr'><strong><em>satuti,</em></strong></span> <span class='ocrx_word' id='word_1_264' title='bbox 623 3917 679 3972; x_wconf 92' lang='lat' dir='ltr'><strong><em>nisi</em></strong></span> <span class='ocrx_word' id='word_1_265' title='bbox 689 3934 719 3972; x_wconf 90' lang='lat' dir='ltr'><strong><em>sa</em></strong></span> <span class='ocrx_word' id='word_1_266' title='bbox 730 3918 804 3972; x_wconf 88' lang='lat' dir='ltr'><strong><em>chri-</em></strong></span> 
     </span>
     <span class='ocr_line' id='line_1_43' title="bbox 71 4005 804 4078; baseline -0.01 -12"><span class='ocrx_word' id='word_1_267' title='bbox 71 4009 180 4066; x_wconf 85' lang='lat' dir='ltr'><strong><em>meutili</em></strong></span> <span class='ocrx_word' id='word_1_268' title='bbox 201 4010 305 4076; x_wconf 89' lang='lat' dir='ltr'><strong><em>essent,</em></strong></span> <span class='ocrx_word' id='word_1_269' title='bbox 327 4011 377 4062; x_wconf 90' lang='lat' dir='ltr'><strong><em>aul</em></strong></span> <span class='ocrx_word' id='word_1_270' title='bbox 396 4007 427 4060; x_wconf 92' lang='lat' dir='ltr'><strong><em>in</em></strong></span> <span class='ocrx_word' id='word_1_271' title='bbox 447 4005 673 4061; x_wconf 89' lang='lat' dir='ltr'><strong><em>Christianorum</em></strong></span> <span class='ocrx_word' id='word_1_272' title='bbox 693 4005 804 4078; x_wconf 88' lang='lat' dir='ltr'><strong><em>templa</em></strong></span> 
     </span>
     <span class='ocr_line' id='line_1_44' title="bbox 71 4094 803 4165; baseline -0.007 -11"><span class='ocrx_word' id='word_1_273' title='bbox 71 4103 156 4165; x_wconf 81' lang='grc'><strong>11111,</strong></span> <span class='ocrx_word' id='word_1_274' title='bbox 175 4096 338 4152; x_wconf 89' lang='lat' dir='ltr'><strong><em>consultum</em></strong></span> <span class='ocrx_word' id='word_1_275' title='bbox 358 4094 476 4150; x_wconf 88' lang='lat' dir='ltr'><strong><em>omnino</em></strong></span> <span class='ocrx_word' id='word_1_276' title='bbox 498 4111 557 4149; x_wconf 92' lang='lat' dir='ltr'><strong><em>non</em></strong></span> <span class='ocrx_word' id='word_1_277' title='bbox 577 4094 688 4163; x_wconf 86' lang='lat' dir='ltr'><strong><em>luisset,</em></strong></span> <span class='ocrx_word' id='word_1_278' title='bbox 705 4099 803 4151; x_wconf 89' lang='lat' dir='ltr'><strong><em>tamen</em></strong></span> 
     </span>
     <span class='ocr_line' id='line_1_45' title="bbox 71 4183 804 4258; baseline -0.004 -16"><span class='ocrx_word' id='word_1_279' title='bbox 71 4201 121 4242; x_wconf 80' lang='lat' dir='ltr'><strong><em>aas</em></strong></span> <span class='ocrx_word' id='word_1_280' title='bbox 134 4191 222 4258; x_wconf 87' lang='lat' dir='ltr'><strong><em>atque</em></strong></span> <span class='ocrx_word' id='word_1_281' title='bbox 231 4185 417 4240; x_wconf 87' lang='lat' dir='ltr'><strong><em>immemores</em></strong></span> <span class='ocrx_word' id='word_1_282' title='bbox 428 4183 563 4239; x_wconf 84' lang='lat' dir='ltr'><strong><em>beneficii</em></strong></span> <span class='ocrx_word' id='word_1_283' title='bbox 574 4201 603 4239; x_wconf 90' lang='lat' dir='ltr'><strong><em>se</em></strong></span> <span class='ocrx_word' id='word_1_284' title='bbox 618 4184 758 4255; x_wconf 79' lang='lat' dir='ltr'><strong><em>praebere,</em></strong></span> <span class='ocrx_word' id='word_1_285' title='bbox 770 4187 804 4239; x_wconf 91' lang='lat' dir='ltr'><strong><em>ut</em></strong></span> 
     </span>
     <span class='ocr_line' id='line_1_46' title="bbox 83 4271 803 4345; baseline -0.008 -13"><span class='ocrx_word' id='word_1_286' title='bbox 83 4275 189 4332; x_wconf 80' lang='lat' dir='ltr'><strong><em>damna</em></strong></span> <span class='ocrx_word' id='word_1_287' title='bbox 207 4274 369 4329; x_wconf 76' lang='lat' dir='ltr'><strong><em>christiana</em></strong></span> <span class='ocrx_word' id='word_1_288' title='bbox 391 4271 526 4345; x_wconf 88' lang='lat' dir='ltr'><strong><em>religioni</em></strong></span> <span class='ocrx_word' id='word_1_289' title='bbox 540 4272 729 4344; x_wconf 85' lang='lat' dir='ltr'><strong><em>imputarent,</em></strong></span> <span class='ocrx_word' id='word_1_290' title='bbox 750 4273 803 4328; x_wconf 89' lang='lat' dir='ltr'><strong><em>Ur-</em></strong></span> 
     </span>
     <span class='ocr_line' id='line_1_47' title="bbox 71 4361 804 4435; baseline -0.008 -16"><span class='ocrx_word' id='word_1_291' title='bbox 71 4380 140 4421; x_wconf 78' lang='lat' dir='ltr'><strong><em>rnon</em></strong></span> <span class='ocrx_word' id='word_1_292' title='bbox 152 4363 288 4434; x_wconf 89' lang='lat' dir='ltr'><strong><em>abaliud,</em></strong></span> <span class='ocrx_word' id='word_1_293' title='bbox 301 4379 388 4435; x_wconf 89' lang='lat' dir='ltr'><strong><em>quam</em></strong></span> <span class='ocrx_word' id='word_1_294' title='bbox 398 4367 518 4434; x_wconf 89' lang='lat' dir='ltr'><strong><em>propter</em></strong></span> <span class='ocrx_word' id='word_1_295' title='bbox 532 4377 630 4417; x_wconf 88' lang='lat' dir='ltr'><strong><em>eversa</em></strong></span> <span class='ocrx_word' id='word_1_296' title='bbox 640 4361 804 4430; x_wconf 87' lang='lat' dir='ltr'><strong><em>simulacra,</em></strong></span> 
     </span>
     <span class='ocr_line' id='line_1_48' title="bbox 71 4449 804 4523; baseline -0.008 -14"><span class='ocrx_word' id='word_1_297' title='bbox 71 4457 141 4509; x_wconf 81' lang='lat' dir='ltr'><strong><em>etam</em></strong></span> <span class='ocrx_word' id='word_1_298' title='bbox 164 4452 251 4507; x_wconf 87' lang='lat' dir='ltr'><strong><em>luisse</em></strong></span> <span class='ocrx_word' id='word_1_299' title='bbox 274 4451 472 4523; x_wconf 87' lang='lat' dir='ltr'><strong><em>praedicarent.</em></strong></span> <span class='ocrx_word' id='word_1_300' title='bbox 499 4452 587 4505; x_wconf 83' lang='lat' dir='ltr'><strong><em>Hasce</em></strong></span> <span class='ocrx_word' id='word_1_301' title='bbox 611 4449 804 4521; x_wconf 88' lang='lat' dir='ltr'><strong><em>blasphemias</em></strong></span> 
     </span>
     <span class='ocr_line' id='line_1_49' title="bbox 71 4538 803 4612; baseline -0.01 -13"><span class='ocrx_word' id='word_1_302' title='bbox 71 4560 85 4599; x_wconf 84' lang='lat' dir='ltr'><strong><em>s</em></strong></span> <span class='ocrx_word' id='word_1_303' title='bbox 103 4541 253 4598; x_wconf 78' lang='lat' dir='ltr'><strong><em>refellebat</em></strong></span> <span class='ocrx_word' id='word_1_304' title='bbox 271 4541 301 4595; x_wconf 92' lang='lat' dir='ltr'><strong><em>ia</em></strong></span> <span class='ocrx_word' id='word_1_305' title='bbox 321 4540 379 4595; x_wconf 90' lang='lat' dir='ltr'><strong><em>suis</em></strong></span> <span class='ocrx_word' id='word_1_306' title='bbox 398 4541 432 4595; x_wconf 89' lang='lat' dir='ltr'><strong><em>ad</em></strong></span> <span class='ocrx_word' id='word_1_307' title='bbox 447 4541 588 4612; x_wconf 90' lang='lat' dir='ltr'><strong><em>poputum</em></strong></span> <span class='ocrx_word' id='word_1_308' title='bbox 607 4538 803 4606; x_wconf 81' lang='lat' dir='ltr'><strong><em>sermonibus,</em></strong></span> 
     </span>
     <span class='ocr_line' id='line_1_50' title="bbox 71 4627 804 4702; baseline -0.01 -13"><span class='ocrx_word' id='word_1_309' title='bbox 71 4647 105 4689; x_wconf 85' lang='lat' dir='ltr'><strong><em>us</em></strong></span> <span class='ocrx_word' id='word_1_310' title='bbox 117 4647 178 4687; x_wconf 89' lang='lat' dir='ltr'><strong><em>nou</em></strong></span> <span class='ocrx_word' id='word_1_311' title='bbox 190 4630 275 4702; x_wconf 90' lang='lat' dir='ltr'><strong><em>pauci</em></strong></span> <span class='ocrx_word' id='word_1_312' title='bbox 285 4635 440 4701; x_wconf 88' lang='lat' dir='ltr'><strong><em>supersunt</em></strong></span> <span class='ocrx_word' id='word_1_313' title='bbox 455 4630 599 4697; x_wconf 71' lang='lat' dir='ltr'><strong><em>adhaesi</em></strong></span> <span class='ocrx_word' id='word_1_314' title='bbox 613 4644 688 4684; x_wconf 89' lang='lat' dir='ltr'><strong><em>unus</em></strong></span> <span class='ocrx_word' id='word_1_315' title='bbox 702 4627 733 4682; x_wconf 89' lang='lat' dir='ltr'><strong><em>in</em></strong></span> <span class='ocrx_word' id='word_1_316' title='bbox 747 4629 804 4701; x_wconf 90' lang='lat' dir='ltr'><strong><em>pri·</em></strong></span> 
     </span>
     <span class='ocr_line' id='line_1_51' title="bbox 75 4717 802 4795; baseline -0.006 -19"><span class='ocrx_word' id='word_1_317' title='bbox 75 4736 133 4795; x_wconf 90' lang='lat' dir='ltr'><strong><em>quo</em></strong></span> <span class='ocrx_word' id='word_1_318' title='bbox 149 4718 303 4790; x_wconf 87' lang='lat' dir='ltr'><strong><em>significat,</em></strong></span> <span class='ocrx_word' id='word_1_319' title='bbox 320 4718 375 4772; x_wconf 90' lang='lat' dir='ltr'><strong><em>sibi</em></strong></span> <span class='ocrx_word' id='word_1_320' title='bbox 394 4735 411 4772; x_wconf 89' lang='lat' dir='ltr'><strong><em>a</em></strong></span> <span class='ocrx_word' id='word_1_321' title='bbox 426 4717 586 4773; x_wconf 85' lang='lat' dir='ltr'><strong><em>Gentilibus</em></strong></span> <span class='ocrx_word' id='word_1_322' title='bbox 601 4717 724 4773; x_wconf 89' lang='lat' dir='ltr'><strong><em>nimium</em></strong></span> <span class='ocrx_word' id='word_1_323' title='bbox 742 4733 802 4772; x_wconf 89' lang='lat' dir='ltr'><strong><em>cro-</em></strong></span> 
     </span>
     <span class='ocr_line' id='line_1_52' title="bbox 71 4807 804 4878; baseline -0.005 -13"><span class='ocrx_word' id='word_1_324' title='bbox 71 4824 182 4865; x_wconf 84' lang='lat' dir='ltr'><strong><em>omanae</em></strong></span> <span class='ocrx_word' id='word_1_325' title='bbox 197 4807 285 4862; x_wconf 90' lang='lat' dir='ltr'><strong><em>cladis</em></strong></span> <span class='ocrx_word' id='word_1_326' title='bbox 301 4807 479 4861; x_wconf 88' lang='lat' dir='ltr'><strong><em>mentionem</em></strong></span> <span class='ocrx_word' id='word_1_327' title='bbox 490 4807 665 4878; x_wconf 85' lang='lat' dir='ltr'><strong><em>exprobrari,</em></strong></span> <span class='ocrx_word' id='word_1_328' title='bbox 678 4807 758 4878; x_wconf 91' lang='lat' dir='ltr'><strong><em>quasi</em></strong></span> <span class='ocrx_word' id='word_1_329' title='bbox 773 4807 804 4861; x_wconf 91' lang='lat' dir='ltr'><strong><em>in</em></strong></span> 
     </span>
     <span class='ocr_line' id='line_1_53' title="bbox 71 4895 804 4968; baseline -0.005 -14"><span class='ocrx_word' id='word_1_330' title='bbox 71 4896 182 4954; x_wconf 84' lang='grc'><strong>1111111</strong></span> <span class='ocrx_word' id='word_1_331' title='bbox 195 4895 256 4968; x_wconf 90' lang='lat' dir='ltr'><strong><em>ipse</em></strong></span> <span class='ocrx_word' id='word_1_332' title='bbox 266 4895 367 4951; x_wconf 88' lang='lat' dir='ltr'><strong><em>alienis</em></strong></span> <span class='ocrx_word' id='word_1_333' title='bbox 380 4896 596 4968; x_wconf 83' lang='lat' dir='ltr'><strong><em>illuderentque</em></strong></span> <span class='ocrx_word' id='word_1_334' title='bbox 609 4897 749 4952; x_wconf 88' lang='lat' dir='ltr'><strong><em>insultare</em></strong></span> <span class='ocrx_word' id='word_1_335' title='bbox 762 4896 804 4950; x_wconf 90' lang='lat' dir='ltr'><strong><em>in·</em></strong></span> 
     </span>
     <span class='ocr_line' id='line_1_54' title="bbox 71 4984 803 5059; baseline -0.003 -16"><span class='ocrx_word' id='word_1_336' title='bbox 71 5004 83 5043; x_wconf 86' lang='grc'><strong><em>1</em></strong></span> <span class='ocrx_word' id='word_1_337' title='bbox 99 5004 106 5042; x_wconf 95' lang='lat'><strong>:</strong></span> <span class='ocrx_word' id='word_1_338' title='bbox 121 5002 187 5059; x_wconf 80' lang='lat' dir='ltr'><strong><em>quae</em></strong></span> <span class='ocrx_word' id='word_1_339' title='bbox 200 5002 244 5040; x_wconf 87' lang='lat' dir='ltr'><strong><em>res</em></strong></span> <span class='ocrx_word' id='word_1_340' title='bbox 260 4986 294 5040; x_wconf 88' lang='lat' dir='ltr'><strong><em>ab</em></strong></span> <span class='ocrx_word' id='word_1_341' title='bbox 309 4987 370 5057; x_wconf 86' lang='lat' dir='ltr'><strong><em>ejus</em></strong></span> <span class='ocrx_word' id='word_1_342' title='bbox 386 4984 502 5056; x_wconf 87' lang='lat' dir='ltr'><strong><em>ingenio</em></strong></span> <span class='ocrx_word' id='word_1_343' title='bbox 518 5001 605 5056; x_wconf 92' lang='lat' dir='ltr'><strong><em>quam</em></strong></span> <span class='ocrx_word' id='word_1_344' title='bbox 620 4985 741 5040; x_wconf 83' lang='lat' dir='ltr'><strong><em>rrraximc</em></strong></span> <span class='ocrx_word' id='word_1_345' title='bbox 754 4986 803 5041; x_wconf 88' lang='lat' dir='ltr'><strong><em>ab·</em></strong></span> 
     </span>
     <span class='ocr_line' id='line_1_55' title="bbox 71 5072 804 5149; baseline -0.008 -17"><span class='ocrx_word' id='word_1_346' title='bbox 71 5075 195 5149; x_wconf 85' lang='lat' dir='ltr'><strong><em>t(Serm.</em></strong></span> <span class='ocrx_word' id='word_1_347' title='bbox 209 5076 270 5142; x_wconf 78' lang='lat' dir='ltr'><strong><em>tob,</em></strong></span> <span class='ocrx_word' id='word_1_348' title='bbox 285 5089 332 5128; x_wconf 88' lang='grc'><strong><em>11.</em></strong></span> <span class='ocrx_word' id='word_1_349' title='bbox 350 5076 392 5141; x_wconf 75' lang='lat' dir='ltr'><strong><em>lt,</em></strong></span> <span class='ocrx_word' id='word_1_350' title='bbox 414 5074 465 5144; x_wconf 84' lang='grc'><strong>13).</strong></span> <span class='ocrx_word' id='word_1_351' title='bbox 484 5074 517 5126; x_wconf 89' lang='lat' dir='ltr'><strong><em>Et</em></strong></span> <span class='ocrx_word' id='word_1_352' title='bbox 531 5088 598 5127; x_wconf 90' lang='lat' dir='ltr'><strong><em>sane</em></strong></span> <span class='ocrx_word' id='word_1_353' title='bbox 610 5072 664 5127; x_wconf 92' lang='lat' dir='ltr'><strong><em>hoc</em></strong></span> <span class='ocrx_word' id='word_1_354' title='bbox 678 5073 729 5127; x_wconf 92' lang='lat' dir='ltr'><strong><em>illo</em></strong></span> <span class='ocrx_word' id='word_1_355' title='bbox 745 5088 804 5127; x_wconf 86' lang='lat' dir='ltr'><strong><em>scr-</em></strong></span> 
     </span>
     <span class='ocr_line' id='line_1_56' title="bbox 71 5160 804 5235; baseline -0.005 -15"><span class='ocrx_word' id='word_1_356' title='bbox 71 5163 105 5221; x_wconf 87' lang='grc'><strong><em>111</em></strong></span> <span class='ocrx_word' id='word_1_357' title='bbox 113 5163 214 5220; x_wconf 87' lang='lat' dir='ltr'><strong><em>fideles</em></strong></span> <span class='ocrx_word' id='word_1_358' title='bbox 225 5163 308 5218; x_wconf 89' lang='lat' dir='ltr'><strong><em>docet</em></strong></span> <span class='ocrx_word' id='word_1_359' title='bbox 318 5179 374 5235; x_wconf 92' lang='lat' dir='ltr'><strong><em>qua</em></strong></span> <span class='ocrx_word' id='word_1_360' title='bbox 383 5161 493 5217; x_wconf 90' lang='lat' dir='ltr'><strong><em>ratione</em></strong></span> <span class='ocrx_word' id='word_1_361' title='bbox 504 5161 539 5216; x_wconf 86' lang='lat' dir='ltr'><strong><em>ab</em></strong></span> <span class='ocrx_word' id='word_1_362' title='bbox 549 5160 620 5232; x_wconf 88' lang='lat' dir='ltr'><strong><em>ipsis</em></strong></span> <span class='ocrx_word' id='word_1_363' title='bbox 635 5161 804 5233; x_wconf 85' lang='lat' dir='ltr'><strong><em>excipienda</em></strong></span> 
     </span>
     <span class='ocr_line' id='line_1_57' title="bbox 71 5251 805 5324; baseline -0.007 -13"><span class='ocrx_word' id='word_1_364' title='bbox 71 5270 92 5311; x_wconf 79' lang='lat' dir='ltr'><strong><em>a</em></strong></span> <span class='ocrx_word' id='word_1_365' title='bbox 104 5256 135 5310; x_wconf 80' lang='lat' dir='ltr'><strong><em>et</em></strong></span> <span class='ocrx_word' id='word_1_366' title='bbox 150 5252 279 5320; x_wconf 82' lang='lat' dir='ltr'><strong><em>adversa,</em></strong></span> <span class='ocrx_word' id='word_1_367' title='bbox 295 5252 398 5324; x_wconf 87' lang='lat' dir='ltr'><strong><em>quidve</em></strong></span> <span class='ocrx_word' id='word_1_368' title='bbox 422 5267 475 5323; x_wconf 90' lang='lat' dir='ltr'><strong><em>pro</em></strong></span> <span class='ocrx_word' id='word_1_369' title='bbox 495 5267 545 5305; x_wconf 91' lang='lat' dir='ltr'><strong><em>sae</em></strong></span> <span class='ocrx_word' id='word_1_370' title='bbox 564 5267 613 5323; x_wconf 91' lang='lat' dir='ltr'><strong><em>spe</em></strong></span> <span class='ocrx_word' id='word_1_371' title='bbox 630 5251 805 5323; x_wconf 90' lang='lat' dir='ltr'><strong><em>responden·</em></strong></span> 
     </span>
     <span class='ocr_line' id='line_1_58' title="bbox 71 5340 804 5418; baseline -0.003 -21"><span class='ocrx_word' id='word_1_372' title='bbox 71 5343 157 5418; x_wconf 73' lang='lat' dir='ltr'><strong><em>genis</em></strong></span> <span class='ocrx_word' id='word_1_373' title='bbox 170 5341 390 5399; x_wconf 85' lang='lat' dir='ltr'><strong><em>insultatoribus</em></strong></span> <span class='ocrx_word' id='word_1_374' title='bbox 405 5346 433 5396; x_wconf 93' lang='lat' dir='ltr'><strong><em>et</em></strong></span> <span class='ocrx_word' id='word_1_375' title='bbox 453 5340 732 5412; x_wconf 87' lang='lat' dir='ltr'><strong><em>blasphematoribus</em></strong></span> <span class='ocrx_word' id='word_1_376' title='bbox 753 5357 804 5395; x_wconf 91' lang='lat' dir='ltr'><strong><em>no·</em></strong></span> 
     </span>
     <span class='ocr_line' id='line_1_59' title="bbox 71 5429 803 5501; baseline -0.005 -11"><span class='ocrx_word' id='word_1_377' title='bbox 71 5431 217 5500; x_wconf 87' lang='lat' dir='ltr'><strong><em>hristiani,</em></strong></span> <span class='ocrx_word' id='word_1_378' title='bbox 232 5432 335 5487; x_wconf 91' lang='lat' dir='ltr'><strong><em>horum</em></strong></span> <span class='ocrx_word' id='word_1_379' title='bbox 359 5430 451 5486; x_wconf 86' lang='lat' dir='ltr'><strong><em>vicem</em></strong></span> <span class='ocrx_word' id='word_1_380' title='bbox 470 5430 555 5485; x_wconf 91' lang='lat' dir='ltr'><strong><em>simul</em></strong></span> <span class='ocrx_word' id='word_1_381' title='bbox 576 5429 701 5501; x_wconf 80' lang='lat' dir='ltr'><strong><em>graviter</em></strong></span> <span class='ocrx_word' id='word_1_382' title='bbox 716 5429 803 5496; x_wconf 90' lang='lat' dir='ltr'><strong><em>dolet,</em></strong></span> 
     </span>
     <span class='ocr_line' id='line_1_60' title="bbox 71 5518 805 5590; baseline -0.01 -10"><span class='ocrx_word' id='word_1_383' title='bbox 71 5529 83 5580; x_wconf 91' lang='grc'><strong><em>1</em></strong></span> <span class='ocrx_word' id='word_1_384' title='bbox 96 5522 133 5579; x_wconf 85' lang='lat' dir='ltr'><strong><em>ad</em></strong></span> <span class='ocrx_word' id='word_1_385' title='bbox 147 5521 233 5577; x_wconf 87' lang='lat' dir='ltr'><strong><em>fidem</em></strong></span> <span class='ocrx_word' id='word_1_386' title='bbox 246 5520 385 5587; x_wconf 86' lang='lat' dir='ltr'><strong><em>conrersi,</em></strong></span> <span class='ocrx_word' id='word_1_387' title='bbox 402 5524 538 5574; x_wconf 76' lang='lat' dir='ltr'><strong><em>aeternam</em></strong></span> <span class='ocrx_word' id='word_1_388' title='bbox 551 5520 674 5576; x_wconf 90' lang='lat' dir='ltr'><strong><em>salutem</em></strong></span> <span class='ocrx_word' id='word_1_389' title='bbox 685 5518 805 5590; x_wconf 88' lang='lat' dir='ltr'><strong><em>adipisci</em></strong></span> 
     </span>
    </p>
   </div>
   <div class='ocr_carea' id='block_1_3' title="bbox 855 375 1711 3549">
    <p class='ocr_par' dir='ltr' id='par_1_4' title="bbox 855 375 1710 2661">
     <span class='ocr_line' id='line_1_61' title="bbox 855 375 1705 451; baseline 0.012 -23"><span class='ocrx_word' id='word_1_390' title='bbox 855 377 978 443; x_wconf 84' lang='lat' dir='ltr'><strong><em>valeant,</em></strong></span> <span class='ocrx_word' id='word_1_391' title='bbox 991 380 1060 431; x_wconf 72' lang='lat' dir='ltr'><strong><em>‘rota</em></strong></span> <span class='ocrx_word' id='word_1_392' title='bbox 1074 375 1148 431; x_wconf 87' lang='grc'><strong>11111.</strong></span> <span class='ocrx_word' id='word_1_393' title='bbox 1164 377 1241 433; x_wconf 84' lang='lat' dir='ltr'><strong><em>Alias</em></strong></span> <span class='ocrx_word' id='word_1_394' title='bbox 1256 378 1386 433; x_wconf 88' lang='lat' dir='ltr'><strong><em>eamdem</em></strong></span> <span class='ocrx_word' id='word_1_395' title='bbox 1398 379 1519 451; x_wconf 86' lang='lat' dir='ltr'><strong><em>jamjam</em></strong></span> <span class='ocrx_word' id='word_1_396' title='bbox 1534 382 1705 451; x_wconf 89' lang='lat' dir='ltr'><strong><em>adiuturam,</em></strong></span> 
     </span>
     <span class='ocr_line' id='line_1_62' title="bbox 856 464 1708 536; baseline 0.011 -17"><span class='ocrx_word' id='word_1_397' title='bbox 856 470 905 520; x_wconf 91' lang='lat' dir='ltr'><strong><em>aut</em></strong></span> <span class='ocrx_word' id='word_1_398' title='bbox 919 465 1015 536; x_wconf 89' lang='lat' dir='ltr'><strong><em>potius</em></strong></span> <span class='ocrx_word' id='word_1_399' title='bbox 1033 464 1143 521; x_wconf 89' lang='lat' dir='ltr'><strong><em>illatam</em></strong></span> <span class='ocrx_word' id='word_1_400' title='bbox 1163 482 1262 522; x_wconf 90' lang='lat' dir='ltr'><strong><em>recens</em></strong></span> <span class='ocrx_word' id='word_1_401' title='bbox 1281 467 1380 522; x_wconf 73' lang='lat' dir='ltr'><strong><em>Rornae</em></strong></span> <span class='ocrx_word' id='word_1_402' title='bbox 1399 470 1559 525; x_wconf 81' lang='lat' dir='ltr'><strong><em>vastitatem</em></strong></span> <span class='ocrx_word' id='word_1_403' title='bbox 1580 471 1708 528; x_wconf 88' lang='lat' dir='ltr'><strong><em>oratione</em></strong></span> 
     </span>
     <span class='ocr_line' id='line_1_63' title="bbox 856 554 1707 629; baseline 0.011 -22"><span class='ocrx_word' id='word_1_404' title='bbox 856 569 1041 624; x_wconf 88' lang='lat' dir='ltr'><strong><em>persequens,</em></strong></span> <span class='ocrx_word' id='word_1_405' title='bbox 1058 554 1203 611; x_wconf 87' lang='lat' dir='ltr'><strong><em>auditores</em></strong></span> <span class='ocrx_word' id='word_1_406' title='bbox 1217 556 1271 611; x_wconf 88' lang='lat' dir='ltr'><strong><em>sub</em></strong></span> <span class='ocrx_word' id='word_1_407' title='bbox 1285 556 1431 612; x_wconf 90' lang='lat' dir='ltr'><strong><em>concionis</em></strong></span> <span class='ocrx_word' id='word_1_408' title='bbox 1442 557 1528 612; x_wconf 87' lang='lat' dir='ltr'><strong><em>tinem</em></strong></span> <span class='ocrx_word' id='word_1_409' title='bbox 1540 560 1707 629; x_wconf 85' lang='lat' dir='ltr'><strong><em>obtestatur,</em></strong></span> 
     </span>
     <span class='ocr_line' id='line_1_64' title="bbox 856 640 1709 719; baseline 0.009 -24"><span class='ocrx_word' id='word_1_410' title='bbox 856 645 888 695; x_wconf 93' lang='lat' dir='ltr'><strong><em>ut</em></strong></span> <span class='ocrx_word' id='word_1_411' title='bbox 902 658 959 713; x_wconf 92' lang='lat' dir='ltr'><strong><em>quo</em></strong></span> <span class='ocrx_word' id='word_1_412' title='bbox 975 640 1066 713; x_wconf 89' lang='lat' dir='ltr'><strong><em>magis</em></strong></span> <span class='ocrx_word' id='word_1_413' title='bbox 1080 642 1110 697; x_wconf 93' lang='lat' dir='ltr'><strong><em>in</em></strong></span> <span class='ocrx_word' id='word_1_414' title='bbox 1126 643 1181 698; x_wconf 90' lang='lat' dir='ltr'><strong><em>ista</em></strong></span> <span class='ocrx_word' id='word_1_415' title='bbox 1195 643 1344 698; x_wconf 88' lang='lat' dir='ltr'><strong><em>occasione</em></strong></span> <span class='ocrx_word' id='word_1_416' title='bbox 1358 645 1590 716; x_wconf 88' lang='lat' dir='ltr'><strong><em>peregrinorum,</em></strong></span> <span class='ocrx_word' id='word_1_417' title='bbox 1606 663 1709 719; x_wconf 88' lang='lat' dir='ltr'><strong><em>egeno·</em></strong></span> 
     </span>
     <span class='ocr_line' id='line_1_65' title="bbox 856 730 1710 804; baseline 0.008 -21"><span class='ocrx_word' id='word_1_418' title='bbox 856 746 931 796; x_wconf 89' lang='lat' dir='ltr'><strong><em>ram,</em></strong></span> <span class='ocrx_word' id='word_1_419' title='bbox 949 730 1153 796; x_wconf 87' lang='lat' dir='ltr'><strong><em>laborantium,</em></strong></span> <span class='ocrx_word' id='word_1_420' title='bbox 1179 732 1278 804; x_wconf 88' lang='lat' dir='ltr'><strong><em>angeri</em></strong></span> <span class='ocrx_word' id='word_1_421' title='bbox 1302 749 1458 789; x_wconf 90' lang='lat' dir='ltr'><strong><em>numerum</em></strong></span> <span class='ocrx_word' id='word_1_422' title='bbox 1476 740 1636 802; x_wconf 89' lang='lat' dir='ltr'><strong><em>cernerent,</em></strong></span> <span class='ocrx_word' id='word_1_423' title='bbox 1657 736 1710 790; x_wconf 87' lang='lat' dir='ltr'><strong><em>hoc</em></strong></span> 
     </span>
     <span class='ocr_line' id='line_1_66' title="bbox 856 818 1709 892; baseline 0.011 -21"><span class='ocrx_word' id='word_1_424' title='bbox 856 818 941 872; x_wconf 89' lang='lat' dir='ltr'><strong><em>ctiam</em></strong></span> <span class='ocrx_word' id='word_1_425' title='bbox 958 819 1048 890; x_wconf 89' lang='lat' dir='ltr'><strong><em>magis</em></strong></span> <span class='ocrx_word' id='word_1_426' title='bbox 1062 819 1231 875; x_wconf 87' lang='lat' dir='ltr'><strong><em>charitatem</em></strong></span> <span class='ocrx_word' id='word_1_427' title='bbox 1250 820 1306 892; x_wconf 89' lang='lat' dir='ltr'><strong><em>ipsi</em></strong></span> <span class='ocrx_word' id='word_1_428' title='bbox 1325 837 1357 876; x_wconf 89' lang='lat' dir='ltr'><strong><em>ae</em></strong></span> <span class='ocrx_word' id='word_1_429' title='bbox 1371 823 1596 878; x_wconf 89' lang='lat' dir='ltr'><strong><em>misericordiam</em></strong></span> <span class='ocrx_word' id='word_1_430' title='bbox 1613 824 1709 880; x_wconf 90' lang='lat' dir='ltr'><strong><em>inten-</em></strong></span> 
     </span>
     <span class='ocr_line' id='line_1_67' title="bbox 856 906 1708 984; baseline 0.009 -24"><span class='ocrx_word' id='word_1_431' title='bbox 856 906 957 961; x_wconf 89' lang='lat' dir='ltr'><strong><em>derent</em></strong></span> <span class='ocrx_word' id='word_1_432' title='bbox 971 923 1069 975; x_wconf 87' lang='lat' dir='ltr'><strong><em>suam;</em></strong></span> <span class='ocrx_word' id='word_1_433' title='bbox 1086 908 1126 962; x_wconf 90' lang='lat' dir='ltr'><strong><em>sic</em></strong></span> <span class='ocrx_word' id='word_1_434' title='bbox 1140 909 1217 963; x_wconf 91' lang='lat' dir='ltr'><strong><em>enim</em></strong></span> <span class='ocrx_word' id='word_1_435' title='bbox 1232 909 1400 966; x_wconf 89' lang='lat' dir='ltr'><strong><em>Christianis</em></strong></span> <span class='ocrx_word' id='word_1_436' title='bbox 1415 912 1519 967; x_wconf 88' lang='lat' dir='ltr'><strong><em>Christi</em></strong></span> <span class='ocrx_word' id='word_1_437' title='bbox 1534 917 1708 984; x_wconf 78' lang='lat' dir='ltr'><strong><em>preceptum</em></strong></span> 
     </span>
     <span class='ocr_line' id='line_1_68' title="bbox 856 994 1710 1071; baseline 0.011 -23"><span class='ocrx_word' id='word_1_438' title='bbox 856 994 1053 1066; x_wconf 86' lang='lat' dir='ltr'><strong><em>implentibus,</em></strong></span> <span class='ocrx_word' id='word_1_439' title='bbox 1068 996 1128 1051; x_wconf 84' lang='lat' dir='ltr'><strong><em>iore</em></strong></span> <span class='ocrx_word' id='word_1_440' title='bbox 1146 1002 1178 1051; x_wconf 91' lang='lat' dir='ltr'><strong><em>al</em></strong></span> <span class='ocrx_word' id='word_1_441' title='bbox 1193 1000 1374 1070; x_wconf 90' lang='lat' dir='ltr'><strong><em>Paganorum</em></strong></span> <span class='ocrx_word' id='word_1_442' title='bbox 1393 1000 1490 1071; x_wconf 72' lang='lat' dir='ltr'><strong><em>impiae</em></strong></span> <span class='ocrx_word' id='word_1_443' title='bbox 1509 1001 1538 1055; x_wconf 92' lang='lat' dir='ltr'><strong><em>in</em></strong></span> <span class='ocrx_word' id='word_1_444' title='bbox 1554 1003 1645 1056; x_wconf 84' lang='lat' dir='ltr'><strong><em>Deam</em></strong></span> <span class='ocrx_word' id='word_1_445' title='bbox 1664 1018 1710 1057; x_wconf 89' lang='lat' dir='ltr'><strong><em>ro·</em></strong></span> 
     </span>
     <span class='ocr_line' id='line_1_69' title="bbox 856 1082 1707 1158; baseline 0.009 -23"><span class='ocrx_word' id='word_1_446' title='bbox 856 1098 912 1151; x_wconf 89' lang='lat' dir='ltr'><strong><em>ces,</em></strong></span> <span class='ocrx_word' id='word_1_447' title='bbox 928 1082 1043 1137; x_wconf 90' lang='lat' dir='ltr'><strong><em>nonnisi</em></strong></span> <span class='ocrx_word' id='word_1_448' title='bbox 1065 1083 1095 1136; x_wconf 91' lang='lat' dir='ltr'><strong><em>in</em></strong></span> <span class='ocrx_word' id='word_1_449' title='bbox 1119 1100 1201 1138; x_wconf 91' lang='lat' dir='ltr'><strong><em>suam</em></strong></span> <span class='ocrx_word' id='word_1_450' title='bbox 1221 1085 1350 1156; x_wconf 88' lang='lat' dir='ltr'><strong><em>ipsorum</em></strong></span> <span class='ocrx_word' id='word_1_451' title='bbox 1372 1090 1519 1142; x_wconf 82' lang='lat' dir='ltr'><strong><em>vertantur</em></strong></span> <span class='ocrx_word' id='word_1_452' title='bbox 1538 1088 1707 1158; x_wconf 89' lang='lat' dir='ltr'><strong><em>perniciem.</em></strong></span> 
     </span>
     <span class='ocr_line' id='line_1_70' title="bbox 856 1170 1708 1244; baseline 0.011 -20"><span class='ocrx_word' id='word_1_453' title='bbox 856 1170 932 1237; x_wconf 86' lang='lat' dir='ltr'><strong><em>Quod</em></strong></span> <span class='ocrx_word' id='word_1_454' title='bbox 942 1171 1020 1240; x_wconf 84' lang='lat' dir='ltr'><strong><em>jubet</em></strong></span> <span class='ocrx_word' id='word_1_455' title='bbox 1033 1173 1168 1242; x_wconf 85' lang='lat' dir='ltr'><strong><em>Christus,</em></strong></span> <span class='ocrx_word' id='word_1_456' title='bbox 1182 1173 1287 1244; x_wconf 88' lang='lat' dir='ltr'><strong><em>inquit,</em></strong></span> <span class='ocrx_word' id='word_1_457' title='bbox 1300 1176 1408 1241; x_wconf 74' lang='lat' dir='ltr'><strong><em>saciant</em></strong></span> <span class='ocrx_word' id='word_1_458' title='bbox 1423 1177 1587 1244; x_wconf 86' lang='lat' dir='ltr'><strong><em>Christiani;</em></strong></span> <span class='ocrx_word' id='word_1_459' title='bbox 1603 1182 1629 1231; x_wconf 89' lang='lat' dir='ltr'><strong><em>et</em></strong></span> <span class='ocrx_word' id='word_1_460' title='bbox 1643 1182 1708 1232; x_wconf 88' lang='lat' dir='ltr'><strong><em>tau-</em></strong></span> 
     </span>
     <span class='ocr_line' id='line_1_71' title="bbox 857 1261 1706 1334; baseline 0.008 -20"><span class='ocrx_word' id='word_1_461' title='bbox 857 1264 913 1314; x_wconf 90' lang='lat' dir='ltr'><strong><em>tum</em></strong></span> <span class='ocrx_word' id='word_1_462' title='bbox 947 1274 996 1315; x_wconf 88' lang='lat' dir='ltr'><strong><em>suo</em></strong></span> <span class='ocrx_word' id='word_1_463' title='bbox 1027 1261 1099 1315; x_wconf 92' lang='lat' dir='ltr'><strong><em>malo</em></strong></span> <span class='ocrx_word' id='word_1_464' title='bbox 1132 1261 1320 1332; x_wconf 85' lang='lat' dir='ltr'><strong><em>blasphemant</em></strong></span> <span class='ocrx_word' id='word_1_465' title='bbox 1351 1264 1457 1330; x_wconf 84' lang='lat' dir='ltr'><strong><em>Poqani</em></strong></span> <span class='ocrx_word' id='word_1_466' title='bbox 1494 1263 1629 1334; x_wconf 78' lang='lat' dir='ltr'><strong><em>(Sermone</em></strong></span> <span class='ocrx_word' id='word_1_467' title='bbox 1661 1268 1706 1332; x_wconf 88' lang='grc'><strong><em>81,</em></strong></span> 
     </span>
     <span class='ocr_line' id='line_1_72' title="bbox 856 1348 1708 1424; baseline 0.008 -22"><span class='ocrx_word' id='word_1_468' title='bbox 856 1364 884 1403; x_wconf 91' lang='lat' dir='ltr'><strong><em>n.</em></strong></span> <span class='ocrx_word' id='word_1_469' title='bbox 910 1348 948 1419; x_wconf 83' lang='grc'><strong><em>9).</em></strong></span> <span class='ocrx_word' id='word_1_470' title='bbox 975 1349 1070 1404; x_wconf 81' lang='lat' dir='ltr'><strong><em>Exstat</em></strong></span> <span class='ocrx_word' id='word_1_471' title='bbox 1093 1352 1122 1404; x_wconf 91' lang='lat' dir='ltr'><strong><em>et</em></strong></span> <span class='ocrx_word' id='word_1_472' title='bbox 1145 1366 1239 1404; x_wconf 92' lang='lat' dir='ltr'><strong><em>sermo</em></strong></span> <span class='ocrx_word' id='word_1_473' title='bbox 1264 1350 1337 1405; x_wconf 87' lang='lat' dir='ltr'><strong><em>atius</em></strong></span> <span class='ocrx_word' id='word_1_474' title='bbox 1361 1350 1392 1405; x_wconf 91' lang='lat' dir='ltr'><strong><em>in</em></strong></span> <span class='ocrx_word' id='word_1_475' title='bbox 1414 1356 1556 1407; x_wconf 88' lang='lat' dir='ltr'><strong><em>recentem</em></strong></span> <span class='ocrx_word' id='word_1_476' title='bbox 1579 1352 1708 1424; x_wconf 90' lang='lat' dir='ltr'><strong><em>ejusdem</em></strong></span> 
     </span>
     <span class='ocr_line' id='line_1_73' title="bbox 857 1435 1708 1511; baseline 0.006 -21"><span class='ocrx_word' id='word_1_477' title='bbox 857 1436 938 1492; x_wconf 91' lang='lat' dir='ltr'><strong><em>urbis</em></strong></span> <span class='ocrx_word' id='word_1_478' title='bbox 956 1435 1149 1508; x_wconf 90' lang='lat' dir='ltr'><strong><em>direptionem</em></strong></span> <span class='ocrx_word' id='word_1_479' title='bbox 1164 1437 1287 1503; x_wconf 88' lang='lat' dir='ltr'><strong><em>habitus,</em></strong></span> <span class='ocrx_word' id='word_1_480' title='bbox 1303 1438 1384 1509; x_wconf 87' lang='lat' dir='ltr'><strong><em>cujas</em></strong></span> <span class='ocrx_word' id='word_1_481' title='bbox 1399 1437 1462 1510; x_wconf 89' lang='lat' dir='ltr'><strong><em>ipsa</em></strong></span> <span class='ocrx_word' id='word_1_482' title='bbox 1481 1439 1628 1511; x_wconf 84' lang='lat' dir='ltr'><strong><em>inscriptio</em></strong></span> <span class='ocrx_word' id='word_1_483' title='bbox 1642 1445 1685 1495; x_wconf 87' lang='lat' dir='ltr'><strong><em>est</em></strong></span> <span class='ocrx_word' id='word_1_484' title='bbox 1701 1457 1708 1495; x_wconf 87' lang='lat'><strong>:</strong></span> 
     </span>
     <span class='ocr_line' id='line_1_74' title="bbox 856 1525 1707 1584; baseline 0.005 -5"><span class='ocrx_word' id='word_1_485' title='bbox 856 1527 894 1579; x_wconf 88' lang='lat' dir='ltr'><strong><em>lle</em></strong></span> <span class='ocrx_word' id='word_1_486' title='bbox 910 1525 990 1581; x_wconf 88' lang='lat' dir='ltr'><strong><em>Urbis</em></strong></span> <span class='ocrx_word' id='word_1_487' title='bbox 1003 1526 1131 1582; x_wconf 71' lang='grc'><strong>11111111,</strong></span> <span class='ocrx_word' id='word_1_488' title='bbox 1153 1527 1184 1580; x_wconf 90' lang='lat' dir='ltr'><strong><em>ln</em></strong></span> <span class='ocrx_word' id='word_1_489' title='bbox 1207 1543 1240 1581; x_wconf 90' lang='lat' dir='ltr'><strong><em>eo</em></strong></span> <span class='ocrx_word' id='word_1_490' title='bbox 1258 1531 1356 1582; x_wconf 90' lang='lat' dir='ltr'><strong><em>autem</em></strong></span> <span class='ocrx_word' id='word_1_491' title='bbox 1375 1527 1554 1582; x_wconf 87' lang='lat' dir='ltr'><strong><em>demonstrat</em></strong></span> <span class='ocrx_word' id='word_1_492' title='bbox 1572 1528 1619 1583; x_wconf 92' lang='lat' dir='ltr'><strong><em>Vir</em></strong></span> <span class='ocrx_word' id='word_1_493' title='bbox 1639 1544 1707 1584; x_wconf 89' lang='lat' dir='ltr'><strong><em>san-</em></strong></span> 
     </span>
     <span class='ocr_line' id='line_1_75' title="bbox 857 1608 1708 1689; baseline 0.007 -22"><span class='ocrx_word' id='word_1_494' title='bbox 857 1619 929 1683; x_wconf 87' lang='lat' dir='ltr'><strong><em>ctas,</em></strong></span> <span class='ocrx_word' id='word_1_495' title='bbox 943 1608 1106 1669; x_wconf 87' lang='lat' dir='ltr'><strong><em>istiusmodi</em></strong></span> <span class='ocrx_word' id='word_1_496' title='bbox 1129 1615 1222 1669; x_wconf 86' lang='lat' dir='ltr'><strong><em>clades</em></strong></span> <span class='ocrx_word' id='word_1_497' title='bbox 1246 1615 1490 1686; x_wconf 87' lang='lat' dir='ltr'><strong><em>peccatisnostris</em></strong></span> <span class='ocrx_word' id='word_1_498' title='bbox 1513 1622 1642 1689; x_wconf 88' lang='lat' dir='ltr'><strong><em>acceptes</em></strong></span> <span class='ocrx_word' id='word_1_499' title='bbox 1663 1633 1708 1673; x_wconf 89' lang='lat' dir='ltr'><strong><em>re-</em></strong></span> 
     </span>
     <span class='ocr_line' id='line_1_76' title="bbox 858 1701 1709 1769; baseline 0.006 -14"><span class='ocrx_word' id='word_1_500' title='bbox 858 1701 926 1756; x_wconf 89' lang='lat' dir='ltr'><strong><em>lerri</em></strong></span> <span class='ocrx_word' id='word_1_501' title='bbox 947 1701 1069 1769; x_wconf 82' lang='lat' dir='ltr'><strong><em>debere3</em></strong></span> <span class='ocrx_word' id='word_1_502' title='bbox 1093 1719 1125 1757; x_wconf 91' lang='lat' dir='ltr'><strong><em>ac</em></strong></span> <span class='ocrx_word' id='word_1_503' title='bbox 1146 1702 1223 1759; x_wconf 89' lang='lat' dir='ltr'><strong><em>iuter</em></strong></span> <span class='ocrx_word' id='word_1_504' title='bbox 1242 1704 1378 1758; x_wconf 86' lang='lat' dir='ltr'><strong><em>mortales</em></strong></span> <span class='ocrx_word' id='word_1_505' title='bbox 1400 1705 1548 1760; x_wconf 83' lang='lat' dir='ltr'><strong><em>uerrrinern</em></strong></span> <span class='ocrx_word' id='word_1_506' title='bbox 1573 1705 1653 1760; x_wconf 90' lang='lat' dir='ltr'><strong><em>omni</em></strong></span> <span class='ocrx_word' id='word_1_507' title='bbox 1674 1722 1709 1760; x_wconf 87' lang='lat' dir='ltr'><strong><em>ex</em></strong></span> 
     </span>
     <span class='ocr_line' id='line_1_77' title="bbox 857 1791 1708 1864; baseline 0.005 -20"><span class='ocrx_word' id='word_1_508' title='bbox 857 1794 937 1862; x_wconf 90' lang='lat' dir='ltr'><strong><em>parte</em></strong></span> <span class='ocrx_word' id='word_1_509' title='bbox 948 1791 1059 1862; x_wconf 80' lang='lat' dir='ltr'><strong><em>justum</em></strong></span> <span class='ocrx_word' id='word_1_510' title='bbox 1074 1795 1161 1863; x_wconf 91' lang='lat' dir='ltr'><strong><em>atque</em></strong></span> <span class='ocrx_word' id='word_1_511' title='bbox 1176 1808 1193 1846; x_wconf 90' lang='lat' dir='ltr'><strong><em>a</em></strong></span> <span class='ocrx_word' id='word_1_512' title='bbox 1207 1791 1302 1846; x_wconf 87' lang='lat' dir='ltr'><strong><em>delicti</em></strong></span> <span class='ocrx_word' id='word_1_513' title='bbox 1317 1793 1487 1864; x_wconf 83' lang='lat' dir='ltr'><strong><em>contagione</em></strong></span> <span class='ocrx_word' id='word_1_514' title='bbox 1497 1793 1621 1850; x_wconf 88' lang='lat' dir='ltr'><strong><em>liberum</em></strong></span> <span class='ocrx_word' id='word_1_515' title='bbox 1636 1810 1708 1858; x_wconf 91' lang='lat' dir='ltr'><strong><em>esse,</em></strong></span> 
     </span>
     <span class='ocr_line' id='line_1_78' title="bbox 857 1880 1708 1953; baseline 0.006 -20"><span class='ocrx_word' id='word_1_516' title='bbox 857 1880 955 1934; x_wconf 89' lang='lat' dir='ltr'><strong><em>multis</em></strong></span> <span class='ocrx_word' id='word_1_517' title='bbox 969 1880 1094 1934; x_wconf 88' lang='lat' dir='ltr'><strong><em>ostendit</em></strong></span> <span class='ocrx_word' id='word_1_518' title='bbox 1108 1881 1286 1952; x_wconf 88' lang='lat' dir='ltr'><strong><em>argumentis</em></strong></span> <span class='ocrx_word' id='word_1_519' title='bbox 1306 1886 1333 1935; x_wconf 88' lang='lat' dir='ltr'><strong><em>ct</em></strong></span> <span class='ocrx_word' id='word_1_520' title='bbox 1348 1881 1487 1952; x_wconf 87' lang='lat' dir='ltr'><strong><em>exemplis</em></strong></span> <span class='ocrx_word' id='word_1_521' title='bbox 1508 1898 1514 1936; x_wconf 93' lang='lat'>:</span> <span class='ocrx_word' id='word_1_522' title='bbox 1532 1883 1608 1953; x_wconf 92' lang='lat' dir='ltr'><strong><em>quod</em></strong></span> <span class='ocrx_word' id='word_1_523' title='bbox 1624 1883 1660 1937; x_wconf 88' lang='lat' dir='ltr'><strong><em>ab</em></strong></span> <span class='ocrx_word' id='word_1_524' title='bbox 1673 1900 1708 1939; x_wconf 93' lang='lat' dir='ltr'><strong><em>eo</em></strong></span> 
     </span>
     <span class='ocr_line' id='line_1_79' title="bbox 856 1967 1707 2043; baseline 0.002 -21"><span class='ocrx_word' id='word_1_525' title='bbox 856 1967 969 2022; x_wconf 87' lang='lat' dir='ltr'><strong><em>videtur</em></strong></span> <span class='ocrx_word' id='word_1_526' title='bbox 983 1967 1100 2036; x_wconf 88' lang='lat' dir='ltr'><strong><em>iactum,</em></strong></span> <span class='ocrx_word' id='word_1_527' title='bbox 1113 1973 1143 2023; x_wconf 92' lang='lat' dir='ltr'><strong><em>ul</em></strong></span> <span class='ocrx_word' id='word_1_528' title='bbox 1156 1968 1346 2023; x_wconf 90' lang='lat' dir='ltr'><strong><em>exorientium</em></strong></span> <span class='ocrx_word' id='word_1_529' title='bbox 1362 1969 1582 2041; x_wconf 76' lang='lat' dir='ltr'><strong><em>Pelagianorum</em></strong></span> <span class='ocrx_word' id='word_1_530' title='bbox 1596 1971 1707 2043; x_wconf 88' lang='lat' dir='ltr'><strong><em>placitis</em></strong></span> 
     </span>
     <span class='ocr_line' id='line_1_80' title="bbox 857 2057 1707 2131; baseline 0.004 -21"><span class='ocrx_word' id='word_1_531' title='bbox 857 2060 1027 2112; x_wconf 88' lang='lat' dir='ltr'><strong><em>occurreret.</em></strong></span> <span class='ocrx_word' id='word_1_532' title='bbox 1039 2057 1112 2113; x_wconf 92' lang='lat' dir='ltr'><strong><em>lnibi</em></strong></span> <span class='ocrx_word' id='word_1_533' title='bbox 1123 2073 1238 2129; x_wconf 89' lang='lat' dir='ltr'><strong><em>quaque</em></strong></span> <span class='ocrx_word' id='word_1_534' title='bbox 1249 2058 1425 2112; x_wconf 86' lang='lat' dir='ltr'><strong><em>mentionem</em></strong></span> <span class='ocrx_word' id='word_1_535' title='bbox 1437 2058 1505 2114; x_wconf 88' lang='lat' dir='ltr'><strong><em>lacit</em></strong></span> <span class='ocrx_word' id='word_1_536' title='bbox 1515 2058 1614 2131; x_wconf 84' lang='lat' dir='ltr'><strong><em>ignitae</em></strong></span> <span class='ocrx_word' id='word_1_537' title='bbox 1629 2058 1707 2114; x_wconf 89' lang='lat' dir='ltr'><strong><em>illius</em></strong></span> 
     </span>
     <span class='ocr_line' id='line_1_81' title="bbox 856 2145 1707 2220; baseline 0.004 -21"><span class='ocrx_word' id='word_1_538' title='bbox 856 2145 952 2212; x_wconf 90' lang='lat' dir='ltr'><strong><em>nubis,</em></strong></span> <span class='ocrx_word' id='word_1_539' title='bbox 968 2161 1032 2217; x_wconf 87' lang='lat' dir='ltr'><strong><em>quae</em></strong></span> <span class='ocrx_word' id='word_1_540' title='bbox 1056 2161 1131 2200; x_wconf 89' lang='lat' dir='ltr'><strong><em>anno</em></strong></span> <span class='ocrx_word' id='word_1_541' title='bbox 1155 2162 1243 2217; x_wconf 89' lang='lat' dir='ltr'><strong><em>supra</em></strong></span> <span class='ocrx_word' id='word_1_542' title='bbox 1264 2147 1497 2202; x_wconf 89' lang='lat' dir='ltr'><strong><em>trecentesimum</em></strong></span> <span class='ocrx_word' id='word_1_543' title='bbox 1520 2149 1707 2220; x_wconf 88' lang='lat' dir='ltr'><strong><em>nonagesimo</em></strong></span> 
     </span>
     <span class='ocr_line' id='line_1_82' title="bbox 857 2233 1709 2306; baseline 0.004 -18"><span class='ocrx_word' id='word_1_544' title='bbox 857 2239 936 2289; x_wconf 83' lang='lat' dir='ltr'><strong><em>sexto</em></strong></span> <span class='ocrx_word' id='word_1_545' title='bbox 951 2235 1085 2306; x_wconf 91' lang='lat' dir='ltr'><strong><em>apparuit</em></strong></span> <span class='ocrx_word' id='word_1_546' title='bbox 1098 2234 1344 2306; x_wconf 86' lang='lat' dir='ltr'><strong><em>Constantinopoli</em></strong></span> <span class='ocrx_word' id='word_1_547' title='bbox 1354 2235 1534 2306; x_wconf 89' lang='lat' dir='ltr'><strong><em>impendens.</em></strong></span> <span class='ocrx_word' id='word_1_548' title='bbox 1547 2237 1632 2291; x_wconf 84' lang='lat' dir='ltr'><strong><em>Plura</em></strong></span> <span class='ocrx_word' id='word_1_549' title='bbox 1641 2233 1709 2291; x_wconf 84' lang='lat' dir='ltr'><strong><em>hinc</em></strong></span> 
     </span>
     <span class='ocr_line' id='line_1_83' title="bbox 856 2315 1705 2396; baseline 0.004 -20"><span class='ocrx_word' id='word_1_550' title='bbox 856 2339 915 2377; x_wconf 90' lang='lat' dir='ltr'><strong><em>non</em></strong></span> <span class='ocrx_word' id='word_1_551' title='bbox 927 2322 1049 2378; x_wconf 89' lang='lat' dir='ltr'><strong><em>dicimus</em></strong></span> <span class='ocrx_word' id='word_1_552' title='bbox 1062 2339 1069 2378; x_wconf 92' lang='lat'>:</span> <span class='ocrx_word' id='word_1_553' title='bbox 1084 2315 1238 2378; x_wconf 82' lang='lat' dir='ltr'><strong><em>suus&#39;inira</em></strong></span> <span class='ocrx_word' id='word_1_554' title='bbox 1247 2340 1275 2378; x_wconf 88' lang='lat' dir='ltr'><strong><em>se</em></strong></span> <span class='ocrx_word' id='word_1_555' title='bbox 1287 2323 1366 2379; x_wconf 89' lang='lat' dir='ltr'><strong><em>dabit</em></strong></span> <span class='ocrx_word' id='word_1_556' title='bbox 1375 2324 1454 2379; x_wconf 81' lang='grc'><strong>111111</strong></span> <span class='ocrx_word' id='word_1_557' title='bbox 1465 2324 1635 2396; x_wconf 88' lang='lat' dir='ltr'><strong><em>explicandi,</em></strong></span> <span class='ocrx_word' id='word_1_558' title='bbox 1647 2341 1705 2396; x_wconf 89' lang='lat' dir='ltr'><strong><em>quo</em></strong></span> 
     </span>
     <span class='ocr_line' id='line_1_84' title="bbox 856 2410 1710 2486; baseline 0.002 -20"><span class='ocrx_word' id='word_1_559' title='bbox 856 2415 939 2482; x_wconf 88' lang='lat' dir='ltr'><strong><em>pacto</em></strong></span> <span class='ocrx_word' id='word_1_560' title='bbox 953 2411 1108 2468; x_wconf 87' lang='lat' dir='ltr'><strong><em>Gentilium</em></strong></span> <span class='ocrx_word' id='word_1_561' title='bbox 1124 2410 1222 2483; x_wconf 88' lang='lat' dir='ltr'><strong><em>impiis</em></strong></span> <span class='ocrx_word' id='word_1_562' title='bbox 1236 2411 1272 2467; x_wconf 94' lang='lat' dir='ltr'><strong><em>ob</em></strong></span> <span class='ocrx_word' id='word_1_563' title='bbox 1288 2417 1480 2484; x_wconf 88' lang='lat' dir='ltr'><strong><em>expugnatam</em></strong></span> <span class='ocrx_word' id='word_1_564' title='bbox 1495 2414 1600 2469; x_wconf 89' lang='lat' dir='ltr'><strong><em>Urbem</em></strong></span> <span class='ocrx_word' id='word_1_565' title='bbox 1614 2413 1710 2486; x_wconf 90' lang='lat' dir='ltr'><strong><em>queri·</em></strong></span> 
     </span>
     <span class='ocr_line' id='line_1_85' title="bbox 856 2500 1708 2575; baseline 0.001 -20"><span class='ocrx_word' id='word_1_566' title='bbox 856 2500 961 2555; x_wconf 89' lang='lat' dir='ltr'><strong><em>moniis</em></strong></span> <span class='ocrx_word' id='word_1_567' title='bbox 976 2505 1124 2573; x_wconf 88' lang='lat' dir='ltr'><strong><em>permotus</em></strong></span> <span class='ocrx_word' id='word_1_568' title='bbox 1139 2500 1174 2554; x_wconf 93' lang='lat' dir='ltr'><strong><em>ad</em></strong></span> <span class='ocrx_word' id='word_1_569' title='bbox 1190 2501 1577 2574; x_wconf 87' lang='lat' dir='ltr'><strong><em>aggrediendamegregium</em></strong></span> <span class='ocrx_word' id='word_1_570' title='bbox 1587 2519 1658 2575; x_wconf 88' lang='lat' dir='ltr'><strong><em>opas</em></strong></span> <span class='ocrx_word' id='word_1_571' title='bbox 1673 2502 1708 2557; x_wconf 90' lang='lat' dir='ltr'><strong><em>de</em></strong></span> 
     </span>
     <span class='ocr_line' id='line_1_86' title="bbox 857 2589 1353 2661; baseline -0.002 -16"><span class='ocrx_word' id='word_1_572' title='bbox 857 2589 975 2645; x_wconf 81' lang='lat' dir='ltr'><strong><em>Ciuitate</em></strong></span> <span class='ocrx_word' id='word_1_573' title='bbox 992 2589 1042 2645; x_wconf 89' lang='lat' dir='ltr'><strong><em>Uei</em></strong></span> <span class='ocrx_word' id='word_1_574' title='bbox 1057 2590 1185 2644; x_wconf 88' lang='lat' dir='ltr'><strong><em>animam</em></strong></span> <span class='ocrx_word' id='word_1_575' title='bbox 1200 2590 1353 2661; x_wconf 88' lang='lat' dir='ltr'><strong><em>appulerit.</em></strong></span> 
     </span>
    </p>

    <p class='ocr_par' dir='ltr' id='par_1_5' title="bbox 856 2676 1711 3549">
     <span class='ocr_line' id='line_1_87' title="bbox 891 2676 1707 2751; baseline 0.004 -19"><span class='ocrx_word' id='word_1_576' title='bbox 891 2682 919 2735; x_wconf 77' lang='lat'><strong><em>2.</em></strong></span> <span class='ocrx_word' id='word_1_577' title='bbox 936 2676 1069 2749; x_wconf 88' lang='lat' dir='ltr'><strong><em>Contigit,</em></strong></span> <span class='ocrx_word' id='word_1_578' title='bbox 1085 2682 1215 2733; x_wconf 90' lang='lat' dir='ltr'><strong><em>sanctum</em></strong></span> <span class='ocrx_word' id='word_1_579' title='bbox 1231 2678 1401 2749; x_wconf 83' lang='lat' dir='ltr'><strong><em>Episcopum</em></strong></span> <span class='ocrx_word' id='word_1_580' title='bbox 1413 2679 1579 2750; x_wconf 88' lang='lat' dir='ltr'><strong><em>aliquandiu</em></strong></span> <span class='ocrx_word' id='word_1_581' title='bbox 1595 2696 1648 2751; x_wconf 91' lang='lat' dir='ltr'><strong><em>per</em></strong></span> <span class='ocrx_word' id='word_1_582' title='bbox 1661 2681 1707 2736; x_wconf 92' lang='lat' dir='ltr'><strong><em>lu-</em></strong></span> 
     </span>
     <span class='ocr_line' id='line_1_88' title="bbox 856 2765 1710 2838; baseline 0.004 -18"><span class='ocrx_word' id='word_1_583' title='bbox 856 2765 1035 2821; x_wconf 88' lang='lat' dir='ltr'><strong><em>ctuosissima</em></strong></span> <span class='ocrx_word' id='word_1_584' title='bbox 1049 2765 1098 2820; x_wconf 89' lang='lat' dir='ltr'><strong><em>illa</em></strong></span> <span class='ocrx_word' id='word_1_585' title='bbox 1110 2771 1240 2836; x_wconf 90' lang='lat' dir='ltr'><strong><em>tempora</em></strong></span> <span class='ocrx_word' id='word_1_586' title='bbox 1254 2765 1352 2821; x_wconf 89' lang='lat' dir='ltr'><strong><em>abesse</em></strong></span> <span class='ocrx_word' id='word_1_587' title='bbox 1368 2766 1508 2837; x_wconf 85' lang='lat' dir='ltr'><strong><em>Hippone,</em></strong></span> <span class='ocrx_word' id='word_1_588' title='bbox 1520 2783 1577 2838; x_wconf 91' lang='lat' dir='ltr'><strong><em>quo</em></strong></span> <span class='ocrx_word' id='word_1_589' title='bbox 1593 2769 1710 2823; x_wconf 91' lang='lat' dir='ltr'><strong><em>nonnisi</em></strong></span> 
     </span>
     <span class='ocr_line' id='line_1_89' title="bbox 856 2853 1708 2925; baseline 0.002 -17"><span class='ocrx_word' id='word_1_590' title='bbox 856 2859 947 2925; x_wconf 83' lang='lat' dir='ltr'><strong><em>caepta</em></strong></span> <span class='ocrx_word' id='word_1_591' title='bbox 961 2853 1056 2908; x_wconf 91' lang='lat' dir='ltr'><strong><em>hieme</em></strong></span> <span class='ocrx_word' id='word_1_592' title='bbox 1070 2869 1215 2923; x_wconf 86' lang='lat' dir='ltr'><strong><em>regressus</em></strong></span> <span class='ocrx_word' id='word_1_593' title='bbox 1231 2856 1361 2919; x_wconf 77' lang='lat' dir='ltr'><strong><em>est-Qua</em></strong></span> <span class='ocrx_word' id='word_1_594' title='bbox 1375 2856 1523 2909; x_wconf 89' lang='lat' dir='ltr'><strong><em>occasione</em></strong></span> <span class='ocrx_word' id='word_1_595' title='bbox 1544 2859 1642 2909; x_wconf 84' lang='lat' dir='ltr'><strong><em>autern</em></strong></span> <span class='ocrx_word' id='word_1_596' title='bbox 1657 2857 1708 2911; x_wconf 88' lang='lat' dir='ltr'><strong><em>Ec·</em></strong></span> 
     </span>
     <span class='ocr_line' id='line_1_90' title="bbox 856 2941 1705 3014; baseline 0.001 -18"><span class='ocrx_word' id='word_1_597' title='bbox 856 2941 971 2996; x_wconf 85' lang='lat' dir='ltr'><strong><em>alesiam</em></strong></span> <span class='ocrx_word' id='word_1_598' title='bbox 986 2957 1068 2996; x_wconf 80' lang='lat' dir='ltr'><strong><em>suana</em></strong></span> <span class='ocrx_word' id='word_1_599' title='bbox 1085 2945 1146 2996; x_wconf 90' lang='lat' dir='ltr'><strong><em>tam</em></strong></span> <span class='ocrx_word' id='word_1_600' title='bbox 1169 2942 1337 3006; x_wconf 88' lang='lat' dir='ltr'><strong><em>deseruerit,</em></strong></span> <span class='ocrx_word' id='word_1_601' title='bbox 1353 2958 1418 2997; x_wconf 78' lang='lat' dir='ltr'><strong><em>cram</em></strong></span> <span class='ocrx_word' id='word_1_602' title='bbox 1440 2943 1476 2998; x_wconf 92' lang='lat' dir='ltr'><strong><em>ob</em></strong></span> <span class='ocrx_word' id='word_1_603' title='bbox 1498 2943 1705 3014; x_wconf 74' lang='grc'><strong>1111111111-</strong></span> 
     </span>
     <span class='ocr_line' id='line_1_91' title="bbox 856 3029 1710 3104; baseline 0.005 -20"><span class='ocrx_word' id='word_1_604' title='bbox 856 3046 939 3085; x_wconf 90' lang='lat' dir='ltr'><strong><em>mnas</em></strong></span> <span class='ocrx_word' id='word_1_605' title='bbox 953 3029 1138 3102; x_wconf 85' lang='lat' dir='ltr'><strong><em>praesentiam</em></strong></span> <span class='ocrx_word' id='word_1_606' title='bbox 1150 3030 1213 3102; x_wconf 89' lang='lat' dir='ltr'><strong><em>ejus</em></strong></span> <span class='ocrx_word' id='word_1_607' title='bbox 1226 3031 1317 3103; x_wconf 89' lang='lat' dir='ltr'><strong><em>magis</em></strong></span> <span class='ocrx_word' id='word_1_608' title='bbox 1335 3031 1386 3087; x_wconf 88' lang='lat' dir='ltr'><strong><em>illa</em></strong></span> <span class='ocrx_word' id='word_1_609' title='bbox 1400 3031 1575 3104; x_wconf 90' lang='lat' dir='ltr'><strong><em>requirebat,</em></strong></span> <span class='ocrx_word' id='word_1_610' title='bbox 1594 3030 1710 3104; x_wconf 88' lang='lat' dir='ltr'><strong><em>ignora-</em></strong></span> 
     </span>
     <span class='ocr_line' id='line_1_92' title="bbox 857 3118 1711 3190; baseline 0.006 -18"><span class='ocrx_word' id='word_1_611' title='bbox 857 3134 921 3173; x_wconf 91' lang='lat' dir='ltr'><strong><em>mus</em></strong></span> <span class='ocrx_word' id='word_1_612' title='bbox 933 3135 939 3173; x_wconf 93' lang='lat'><strong>:</strong></span> <span class='ocrx_word' id='word_1_613' title='bbox 951 3122 1065 3174; x_wconf 90' lang='lat' dir='ltr'><strong><em>atcerte</em></strong></span> <span class='ocrx_word' id='word_1_614' title='bbox 1075 3134 1225 3190; x_wconf 91' lang='lat' dir='ltr'><strong><em>nunquam</em></strong></span> <span class='ocrx_word' id='word_1_615' title='bbox 1240 3119 1275 3173; x_wconf 90' lang='lat' dir='ltr'><strong><em>ab</em></strong></span> <span class='ocrx_word' id='word_1_616' title='bbox 1290 3136 1341 3174; x_wconf 87' lang='lat' dir='ltr'><strong><em>sue</em></strong></span> <span class='ocrx_word' id='word_1_617' title='bbox 1352 3118 1466 3175; x_wconf 86' lang='lat' dir='ltr'><strong><em>dioecesi</em></strong></span> <span class='ocrx_word' id='word_1_618' title='bbox 1476 3120 1567 3175; x_wconf 88' lang='lat' dir='ltr'><strong><em>abiait</em></strong></span> <span class='ocrx_word' id='word_1_619' title='bbox 1576 3119 1711 3177; x_wconf 90' lang='lat' dir='ltr'><strong><em>liberiore</em></strong></span> 
     </span>
     <span class='ocr_line' id='line_1_93' title="bbox 857 3207 1710 3282; baseline 0.002 -19"><span class='ocrx_word' id='word_1_620' title='bbox 857 3207 981 3275; x_wconf 90' lang='lat' dir='ltr'><strong><em>licentia,</em></strong></span> <span class='ocrx_word' id='word_1_621' title='bbox 997 3208 1047 3264; x_wconf 88' lang='lat' dir='ltr'><strong><em>sed</em></strong></span> <span class='ocrx_word' id='word_1_622' title='bbox 1065 3208 1123 3263; x_wconf 89' lang='lat' dir='ltr'><strong><em>sala</em></strong></span> <span class='ocrx_word' id='word_1_623' title='bbox 1133 3208 1254 3280; x_wconf 75' lang='lat' dir='ltr'><strong><em>Jnrandi</em></strong></span> <span class='ocrx_word' id='word_1_624' title='bbox 1268 3209 1339 3263; x_wconf 89' lang='lat' dir='ltr'><strong><em>alios</em></strong></span> <span class='ocrx_word' id='word_1_625' title='bbox 1359 3209 1526 3265; x_wconf 90' lang='lat' dir='ltr'><strong><em>necessitate</em></strong></span> <span class='ocrx_word' id='word_1_626' title='bbox 1546 3212 1710 3282; x_wconf 88' lang='lat' dir='ltr'><strong><em>compulsus</em></strong></span> 
     </span>
     <span class='ocr_line' id='line_1_94' title="bbox 858 3298 1711 3370; baseline 0.002 -17"><span class='ocrx_word' id='word_1_627' title='bbox 858 3298 955 3368; x_wconf 86' lang='lat' dir='ltr'><strong><em>(Epist.</em></strong></span> <span class='ocrx_word' id='word_1_628' title='bbox 974 3298 1134 3368; x_wconf 57' lang='grc'><strong>12111111</strong></span> <span class='ocrx_word' id='word_1_629' title='bbox 1148 3313 1242 3370; x_wconf 89' lang='lat' dir='ltr'><strong><em>neque</em></strong></span> <span class='ocrx_word' id='word_1_630' title='bbox 1256 3298 1376 3354; x_wconf 89' lang='lat' dir='ltr'><strong><em>dubium</em></strong></span> <span class='ocrx_word' id='word_1_631' title='bbox 1392 3301 1444 3367; x_wconf 91' lang='lat' dir='ltr'><strong><em>est,</em></strong></span> <span class='ocrx_word' id='word_1_632' title='bbox 1456 3298 1526 3370; x_wconf 90' lang='lat' dir='ltr'><strong><em>quin</em></strong></span> <span class='ocrx_word' id='word_1_633' title='bbox 1539 3300 1576 3355; x_wconf 91' lang='lat' dir='ltr'><strong><em>ad</em></strong></span> <span class='ocrx_word' id='word_1_634' title='bbox 1590 3300 1645 3355; x_wconf 91' lang='lat' dir='ltr'><strong><em>iter</em></strong></span> <span class='ocrx_word' id='word_1_635' title='bbox 1656 3301 1711 3355; x_wconf 90' lang='lat' dir='ltr'><strong><em>hoe</em></strong></span> 
     </span>
     <span class='ocr_line' id='line_1_95' title="bbox 857 3387 1711 3459; baseline 0 -16"><span class='ocrx_word' id='word_1_636' title='bbox 857 3387 1042 3458; x_wconf 89' lang='lat' dir='ltr'><strong><em>potissimum</em></strong></span> <span class='ocrx_word' id='word_1_637' title='bbox 1056 3391 1186 3459; x_wconf 90' lang='lat' dir='ltr'><strong><em>tempore</em></strong></span> <span class='ocrx_word' id='word_1_638' title='bbox 1205 3387 1419 3459; x_wconf 90' lang='lat' dir='ltr'><strong><em>suscipiendum</em></strong></span> <span class='ocrx_word' id='word_1_639' title='bbox 1440 3403 1607 3443; x_wconf 86' lang='lat' dir='ltr'><strong><em>causacum</em></strong></span> <span class='ocrx_word' id='word_1_640' title='bbox 1627 3389 1711 3443; x_wconf 91' lang='lat' dir='ltr'><strong><em>solito</em></strong></span> 
     </span>
     <span class='ocr_line' id='line_1_96' title="bbox 858 3476 1711 3549; baseline -0.001 -18"><span class='ocrx_word' id='word_1_641' title='bbox 858 3476 1006 3548; x_wconf 88' lang='lat' dir='ltr'><strong><em>urgentior</em></strong></span> <span class='ocrx_word' id='word_1_642' title='bbox 1027 3477 1166 3548; x_wconf 89' lang='lat' dir='ltr'><strong><em>adegerit.</em></strong></span> <span class='ocrx_word' id='word_1_643' title='bbox 1184 3478 1254 3531; x_wconf 91' lang='lat' dir='ltr'><strong><em>Nam</em></strong></span> <span class='ocrx_word' id='word_1_644' title='bbox 1266 3477 1384 3548; x_wconf 86' lang='lat' dir='ltr'><strong><em>populus</em></strong></span> <span class='ocrx_word' id='word_1_645' title='bbox 1399 3479 1589 3547; x_wconf 84' lang='lat' dir='ltr'><strong><em>Hipponensis,</em></strong></span> <span class='ocrx_word' id='word_1_646' title='bbox 1607 3477 1711 3549; x_wconf 88' lang='lat' dir='ltr'><strong><em>inquit,</em></strong></span> 
     </span>
    </p>
   </div>
   <div class='ocr_carea' id='block_1_4' title="bbox 857 3565 1798 3635">
    <p class='ocr_par' dir='ltr' id='par_1_6' title="bbox 857 3565 1798 3635">
     <span class='ocr_line' id='line_1_97' title="bbox 857 3565 1798 3635; baseline -0.002 -14"><span class='ocrx_word' id='word_1_647' title='bbox 857 3568 902 3621; x_wconf 88' lang='lat' dir='ltr'><strong><em>cui</em></strong></span> <span class='ocrx_word' id='word_1_648' title='bbox 913 3582 954 3620; x_wconf 91' lang='lat' dir='ltr'><strong><em>me</em></strong></span> <span class='ocrx_word' id='word_1_649' title='bbox 967 3568 1097 3621; x_wconf 86' lang='lat' dir='ltr'><strong><em>Dominus</em></strong></span> <span class='ocrx_word' id='word_1_650' title='bbox 1110 3581 1216 3620; x_wconf 74' lang='lat' dir='ltr'><strong><em>sarum</em></strong></span> <span class='ocrx_word' id='word_1_651' title='bbox 1238 3565 1323 3632; x_wconf 87' lang='lat' dir='ltr'><strong><em>dedit,</em></strong></span> <span class='ocrx_word' id='word_1_652' title='bbox 1347 3581 1407 3621; x_wconf 90' lang='lat' dir='ltr'><strong><em>cum</em></strong></span> <span class='ocrx_word' id='word_1_653' title='bbox 1425 3581 1459 3619; x_wconf 82' lang='lat' dir='ltr'><strong><em>ea</em></strong></span> <span class='ocrx_word' id='word_1_654' title='bbox 1481 3581 1582 3634; x_wconf 89' lang='lat' dir='ltr'><strong><em>maqna</em></strong></span> <span class='ocrx_word' id='word_1_655' title='bbox 1601 3571 1626 3620; x_wconf 91' lang='lat' dir='ltr'><strong><em>et</em></strong></span> <span class='ocrx_word' id='word_1_656' title='bbox 1644 3580 1712 3635; x_wconf 89' lang='lat' dir='ltr'><strong><em>pene</em></strong></span> <span class='ocrx_word' id='word_1_657' title='bbox 1797 3628 1798 3631; x_wconf 8' lang='grc' dir='ltr'><strong>Ἴ</strong></span> 
     </span>
    </p>
   </div>
   <div class='ocr_carea' id='block_1_5' title="bbox 856 3654 1716 5321">
    <p class='ocr_par' dir='ltr' id='par_1_7' title="bbox 856 3654 1716 5321">
     <span class='ocr_line' id='line_1_98' title="bbox 858 3654 1711 3725; baseline -0.001 -16"><span class='ocrx_word' id='word_1_658' title='bbox 858 3671 892 3709; x_wconf 84' lang='lat' dir='ltr'><strong><em>en</em></strong></span> <span class='ocrx_word' id='word_1_659' title='bbox 906 3655 1493 3725; x_wconf 70' lang='grc'><strong>111111111111111111111111,1111111111</strong></span> <span class='ocrx_word' id='word_1_660' title='bbox 1506 3656 1589 3708; x_wconf 87' lang='lat' dir='ltr'><strong><em>etiam</em></strong></span> <span class='ocrx_word' id='word_1_661' title='bbox 1602 3654 1711 3709; x_wconf 86' lang='lat' dir='ltr'><strong><em>leuioris</em></strong></span> 
     </span>
     <span class='ocr_line' id='line_1_99' title="bbox 858 3744 1712 3812; baseline -0.002 -14"><span class='ocrx_word' id='word_1_662' title='bbox 858 3744 1044 3798; x_wconf 87' lang='lat' dir='ltr'><strong><em>tribulationis</em></strong></span> <span class='ocrx_word' id='word_1_663' title='bbox 1055 3744 1144 3812; x_wconf 87' lang='lat' dir='ltr'><strong><em>possit</em></strong></span> <span class='ocrx_word' id='word_1_664' title='bbox 1158 3745 1280 3811; x_wconf 83' lang='lat' dir='ltr'><strong><em>praviter</em></strong></span> <span class='ocrx_word' id='word_1_665' title='bbox 1292 3745 1434 3810; x_wconf 82' lang='lat' dir='ltr'><strong><em>aeqrolare,</em></strong></span> <span class='ocrx_word' id='word_1_666' title='bbox 1454 3757 1525 3797; x_wconf 89' lang='lat' dir='ltr'><strong><em>nunc</em></strong></span> <span class='ocrx_word' id='word_1_667' title='bbox 1541 3746 1596 3796; x_wconf 91' lang='lat' dir='ltr'><strong><em>lam</em></strong></span> <span class='ocrx_word' id='word_1_668' title='bbox 1610 3757 1712 3812; x_wconf 85' lang='lat' dir='ltr'><strong><em>maqna</em></strong></span> 
     </span>
     <span class='ocr_line' id='line_1_100' title="bbox 859 3831 1712 3906; baseline -0.002 -19"><span class='ocrx_word' id='word_1_669' title='bbox 859 3833 1033 3887; x_wconf 82' lang='lat' dir='ltr'><strong><em>tribulatione</em></strong></span> <span class='ocrx_word' id='word_1_670' title='bbox 1046 3831 1171 3898; x_wconf 78' lang='lat' dir='ltr'><strong><em>ceditur,</em></strong></span> <span class='ocrx_word' id='word_1_671' title='bbox 1185 3835 1215 3884; x_wconf 90' lang='lat' dir='ltr'><strong><em>ut</em></strong></span> <span class='ocrx_word' id='word_1_672' title='bbox 1234 3833 1414 3906; x_wconf 84' lang='lat' dir='ltr'><strong><em>etiamsinon</em></strong></span> <span class='ocrx_word' id='word_1_673' title='bbox 1433 3832 1472 3886; x_wconf 89' lang='lat' dir='ltr'><strong><em>sic</em></strong></span> <span class='ocrx_word' id='word_1_674' title='bbox 1492 3834 1560 3886; x_wconf 88' lang='lat' dir='ltr'><strong><em>esset</em></strong></span> <span class='ocrx_word' id='word_1_675' title='bbox 1574 3834 1712 3901; x_wconf 70' lang='lat' dir='ltr'><strong><em>infirmus,</em></strong></span> 
     </span>
     <span class='ocr_line' id='line_1_101' title="bbox 858 3919 1712 3989; baseline -0.001 -14"><span class='ocrx_word' id='word_1_676' title='bbox 858 3921 907 3975; x_wconf 83' lang='lat' dir='ltr'><strong><em>aia</em></strong></span> <span class='ocrx_word' id='word_1_677' title='bbox 920 3936 979 3975; x_wconf 92' lang='lat' dir='ltr'><strong><em>eam</em></strong></span> <span class='ocrx_word' id='word_1_678' title='bbox 988 3935 1048 3975; x_wconf 88' lang='lat' dir='ltr'><strong><em>cum</em></strong></span> <span class='ocrx_word' id='word_1_679' title='bbox 1057 3920 1153 3989; x_wconf 87' lang='lat' dir='ltr'><strong><em>aliqua</em></strong></span> <span class='ocrx_word' id='word_1_680' title='bbox 1162 3919 1250 3974; x_wconf 89' lang='lat' dir='ltr'><strong><em>salute</em></strong></span> <span class='ocrx_word' id='word_1_681' title='bbox 1262 3920 1350 3973; x_wconf 80' lang='lat' dir='ltr'><strong><em>arcini</em></strong></span> <span class='ocrx_word' id='word_1_682' title='bbox 1362 3920 1516 3974; x_wconf 87' lang='lat' dir='ltr'><strong><em>sustineret.</em></strong></span> <span class='ocrx_word' id='word_1_683' title='bbox 1528 3921 1599 3974; x_wconf 87' lang='lat' dir='ltr'><strong><em>Eum</em></strong></span> <span class='ocrx_word' id='word_1_684' title='bbox 1612 3923 1712 3986; x_wconf 70' lang='lat' dir='ltr'><strong><em>auum,</em></strong></span> 
     </span>
     <span class='ocr_line' id='line_1_102' title="bbox 858 4007 1713 4080; baseline -0.001 -18"><span class='ocrx_word' id='word_1_685' title='bbox 858 4007 953 4080; x_wconf 89' lang='lat' dir='ltr'><strong><em>pergit</em></strong></span> <span class='ocrx_word' id='word_1_686' title='bbox 966 4007 1043 4063; x_wconf 89' lang='lat' dir='ltr'><strong><em>idem</em></strong></span> <span class='ocrx_word' id='word_1_687' title='bbox 1059 4011 1182 4075; x_wconf 90' lang='lat' dir='ltr'><strong><em>sanctas,</em></strong></span> <span class='ocrx_word' id='word_1_688' title='bbox 1197 4007 1275 4062; x_wconf 88' lang='lat' dir='ltr'><strong><em>modo</em></strong></span> <span class='ocrx_word' id='word_1_689' title='bbox 1290 4022 1350 4062; x_wconf 90' lang='lat' dir='ltr'><strong><em>cum</em></strong></span> <span class='ocrx_word' id='word_1_690' title='bbox 1363 4023 1508 4076; x_wconf 84' lang='lat' dir='ltr'><strong><em>reqressus¹</em></strong></span> <span class='ocrx_word' id='word_1_691' title='bbox 1516 4022 1586 4075; x_wconf 92' lang='lat' dir='ltr'><strong><em>sum,</em></strong></span> <span class='ocrx_word' id='word_1_692' title='bbox 1600 4009 1713 4077; x_wconf 80' lang='lat' dir='ltr'><strong><em>pericu-</em></strong></span> 
     </span>
     <span class='ocr_line' id='line_1_103' title="bbox 859 4095 1713 4165; baseline -0.002 -13"><span class='ocrx_word' id='word_1_693' title='bbox 859 4098 989 4152; x_wconf 89' lang='lat' dir='ltr'><strong><em>losissime</em></strong></span> <span class='ocrx_word' id='word_1_694' title='bbox 1000 4096 1219 4152; x_wconf 80' lang='lat' dir='ltr'><strong><em>scandalizatum</em></strong></span> <span class='ocrx_word' id='word_1_695' title='bbox 1232 4097 1350 4165; x_wconf 88' lang='lat' dir='ltr'><strong><em>comperi</em></strong></span> <span class='ocrx_word' id='word_1_696' title='bbox 1362 4095 1395 4150; x_wconf 89' lang='lat' dir='ltr'><strong><em>de</em></strong></span> <span class='ocrx_word' id='word_1_697' title='bbox 1409 4097 1533 4151; x_wconf 88' lang='lat' dir='ltr'><strong><em>absentia</em></strong></span> <span class='ocrx_word' id='word_1_698' title='bbox 1545 4111 1604 4150; x_wconf 89' lang='lat' dir='ltr'><strong><em>mea</em></strong></span> <span class='ocrx_word' id='word_1_699' title='bbox 1621 4112 1627 4149; x_wconf 91' lang='lat'>:</span> <span class='ocrx_word' id='word_1_700' title='bbox 1641 4111 1713 4164; x_wconf 81' lang='lat' dir='ltr'><strong><em>pra-</em></strong></span> 
     </span>
     <span class='ocr_line' id='line_1_104' title="bbox 859 4183 1712 4256; baseline -0.005 -15"><span class='ocrx_word' id='word_1_701' title='bbox 859 4188 951 4242; x_wconf 84' lang='lat' dir='ltr'><strong><em>sertim</em></strong></span> <span class='ocrx_word' id='word_1_702' title='bbox 972 4188 1102 4256; x_wconf 90' lang='lat' dir='ltr'><strong><em>quoniam</em></strong></span> <span class='ocrx_word' id='word_1_703' title='bbox 1123 4187 1203 4241; x_wconf 90' lang='lat' dir='ltr'><strong><em>mulli</em></strong></span> <span class='ocrx_word' id='word_1_704' title='bbox 1221 4190 1284 4240; x_wconf 88' lang='lat' dir='ltr'><strong><em>sunl</em></strong></span> <span class='ocrx_word' id='word_1_705' title='bbox 1300 4186 1354 4248; x_wconf 86' lang='lat' dir='ltr'><strong><em>bic,</em></strong></span> <span class='ocrx_word' id='word_1_706' title='bbox 1372 4187 1421 4253; x_wconf 90' lang='lat' dir='ltr'><strong><em>qui</em></strong></span> <span class='ocrx_word' id='word_1_707' title='bbox 1440 4183 1605 4239; x_wconf 78' lang='lat' dir='ltr'><strong><em>detrahendo</em></strong></span> <span class='ocrx_word' id='word_1_708' title='bbox 1624 4183 1712 4249; x_wconf 89' lang='lat' dir='ltr'><strong><em>uobis,</em></strong></span> 
     </span>
     <span class='ocr_line' id='line_1_105' title="bbox 859 4271 1713 4343; baseline -0.005 -13"><span class='ocrx_word' id='word_1_709' title='bbox 859 4276 1137 4338; x_wconf 82' lang='lat' dir='ltr'><strong><em>caeterorumanimos,</em></strong></span> <span class='ocrx_word' id='word_1_710' title='bbox 1149 4290 1166 4328; x_wconf 91' lang='lat' dir='ltr'><strong><em>a</em></strong></span> <span class='ocrx_word' id='word_1_711' title='bbox 1176 4275 1275 4343; x_wconf 86' lang='lat' dir='ltr'><strong><em>quibus</em></strong></span> <span class='ocrx_word' id='word_1_712' title='bbox 1286 4274 1369 4342; x_wconf 87' lang='lat' dir='ltr'><strong><em>diliqi</em></strong></span> <span class='ocrx_word' id='word_1_713' title='bbox 1378 4272 1513 4339; x_wconf 87' lang='lat' dir='ltr'><strong><em>uidemur,</em></strong></span> <span class='ocrx_word' id='word_1_714' title='bbox 1525 4271 1655 4326; x_wconf 89' lang='lat' dir='ltr'><strong><em>aduersus</em></strong></span> <span class='ocrx_word' id='word_1_715' title='bbox 1665 4286 1713 4326; x_wconf 86' lang='lat' dir='ltr'><strong><em>uos</em></strong></span> 
     </span>
     <span class='ocr_line' id='line_1_106' title="bbox 856 4360 1713 4434; baseline -0.004 -16"><span class='ocrx_word' id='word_1_716' title='bbox 856 4363 1019 4434; x_wconf 88' lang='lat' dir='ltr'><strong><em>perturbare</em></strong></span> <span class='ocrx_word' id='word_1_717' title='bbox 1033 4367 1175 4430; x_wconf 77' lang='lat' dir='ltr'><strong><em>conaretur,</em></strong></span> <span class='ocrx_word' id='word_1_718' title='bbox 1200 4367 1230 4418; x_wconf 90' lang='lat' dir='ltr'><strong><em>ul</em></strong></span> <span class='ocrx_word' id='word_1_719' title='bbox 1253 4364 1338 4418; x_wconf 87' lang='lat' dir='ltr'><strong><em>iocum</em></strong></span> <span class='ocrx_word' id='word_1_720' title='bbox 1359 4364 1388 4417; x_wconf 87' lang='lat' dir='ltr'><strong><em>in</em></strong></span> <span class='ocrx_word' id='word_1_721' title='bbox 1407 4363 1446 4416; x_wconf 87' lang='lat' dir='ltr'><strong><em>eis</em></strong></span> <span class='ocrx_word' id='word_1_722' title='bbox 1469 4360 1577 4415; x_wconf 88' lang='lat' dir='ltr'><strong><em>diabolo</em></strong></span> <span class='ocrx_word' id='word_1_723' title='bbox 1595 4361 1713 4428; x_wconf 77' lang='lat' dir='ltr'><strong><em>saciant.</em></strong></span> 
     </span>
     <span class='ocr_line' id='line_1_107' title="bbox 859 4450 1713 4519; baseline -0.007 -10"><span class='ocrx_word' id='word_1_724' title='bbox 859 4454 925 4509; x_wconf 92' lang='lat' dir='ltr'><strong><em>Cum</em></strong></span> <span class='ocrx_word' id='word_1_725' title='bbox 940 4456 1029 4508; x_wconf 91' lang='lat' dir='ltr'><strong><em>aulem</em></strong></span> <span class='ocrx_word' id='word_1_726' title='bbox 1042 4455 1200 4508; x_wconf 88' lang='lat' dir='ltr'><strong><em>irascuntur</em></strong></span> <span class='ocrx_word' id='word_1_727' title='bbox 1214 4453 1302 4519; x_wconf 87' lang='lat' dir='ltr'><strong><em>nobis,</em></strong></span> <span class='ocrx_word' id='word_1_728' title='bbox 1323 4452 1356 4505; x_wconf 87' lang='lat' dir='ltr'><strong><em>de</em></strong></span> <span class='ocrx_word' id='word_1_729' title='bbox 1376 4465 1490 4519; x_wconf 89' lang='lat' dir='ltr'><strong><em>quarum</em></strong></span> <span class='ocrx_word' id='word_1_730' title='bbox 1503 4450 1592 4504; x_wconf 88' lang='lat' dir='ltr'><strong><em>salute</em></strong></span> <span class='ocrx_word' id='word_1_731' title='bbox 1605 4451 1713 4518; x_wconf 82' lang='lat' dir='ltr'><strong><em>salagi-</em></strong></span> 
     </span>
     <span class='ocr_line' id='line_1_108' title="bbox 858 4538 1714 4611; baseline -0.004 -15"><span class='ocrx_word' id='word_1_732' title='bbox 858 4556 929 4609; x_wconf 89' lang='lat' dir='ltr'><strong><em>mus,</em></strong></span> <span class='ocrx_word' id='word_1_733' title='bbox 944 4557 1072 4611; x_wconf 88' lang='lat' dir='ltr'><strong><em>maqnum</em></strong></span> <span class='ocrx_word' id='word_1_734' title='bbox 1087 4543 1144 4596; x_wconf 86' lang='lat' dir='ltr'><strong><em>illis</em></strong></span> <span class='ocrx_word' id='word_1_735' title='bbox 1158 4541 1303 4596; x_wconf 87' lang='lat' dir='ltr'><strong><em>consilium</em></strong></span> <span class='ocrx_word' id='word_1_736' title='bbox 1316 4539 1488 4606; x_wconf 84' lang='lat' dir='ltr'><strong><em>vindicandi,</em></strong></span> <span class='ocrx_word' id='word_1_737' title='bbox 1504 4542 1543 4593; x_wconf 89' lang='lat' dir='ltr'><strong><em>est</em></strong></span> <span class='ocrx_word' id='word_1_738' title='bbox 1557 4538 1642 4593; x_wconf 86' lang='lat' dir='ltr'><strong><em>libido</em></strong></span> <span class='ocrx_word' id='word_1_739' title='bbox 1657 4553 1714 4593; x_wconf 93' lang='lat' dir='ltr'><strong><em>mo·</em></strong></span> 
     </span>
     <span class='ocr_line' id='line_1_109' title="bbox 859 4626 1712 4700; baseline -0.006 -15"><span class='ocrx_word' id='word_1_740' title='bbox 859 4633 960 4699; x_wconf 84' lang='lat' dir='ltr'><strong><em>ciendi,</em></strong></span> <span class='ocrx_word' id='word_1_741' title='bbox 972 4645 1026 4685; x_wconf 92' lang='lat' dir='ltr'><strong><em>non</em></strong></span> <span class='ocrx_word' id='word_1_742' title='bbox 1039 4632 1069 4685; x_wconf 88' lang='grc'><strong><em>11</em></strong></span> <span class='ocrx_word' id='word_1_743' title='bbox 1082 4645 1200 4700; x_wconf 86' lang='lat' dir='ltr'><strong><em>corpore,</em></strong></span> <span class='ocrx_word' id='word_1_744' title='bbox 1217 4629 1265 4684; x_wconf 87' lang='lat' dir='ltr'><strong><em>sed</em></strong></span> <span class='ocrx_word' id='word_1_745' title='bbox 1279 4631 1308 4682; x_wconf 89' lang='lat' dir='ltr'><strong><em>in</em></strong></span> <span class='ocrx_word' id='word_1_746' title='bbox 1323 4627 1401 4682; x_wconf 88' lang='lat' dir='ltr'><strong><em>corde</em></strong></span> <span class='ocrx_word' id='word_1_747' title='bbox 1411 4626 1513 4699; x_wconf 87' lang='lat' dir='ltr'><strong><em>(Epist.</em></strong></span> <span class='ocrx_word' id='word_1_748' title='bbox 1533 4627 1594 4696; x_wconf 80' lang='grc'><strong>121,</strong></span> <span class='ocrx_word' id='word_1_749' title='bbox 1611 4642 1643 4683; x_wconf 91' lang='lat' dir='ltr'><strong><em>n.</em></strong></span> <span class='ocrx_word' id='word_1_750' title='bbox 1662 4626 1689 4698; x_wconf 79' lang='lat'><strong><em>2)</em></strong></span> <span class='ocrx_word' id='word_1_751' title='bbox 1706 4641 1712 4680; x_wconf 93' lang='lat'>:</span> 
     </span>
     <span class='ocr_line' id='line_1_110' title="bbox 859 4714 1714 4792; baseline -0.007 -18"><span class='ocrx_word' id='word_1_752' title='bbox 859 4719 964 4791; x_wconf 90' lang='lat' dir='ltr'><strong><em>quibus</em></strong></span> <span class='ocrx_word' id='word_1_753' title='bbox 972 4720 1139 4792; x_wconf 90' lang='lat' dir='ltr'><strong><em>quidem,ut</em></strong></span> <span class='ocrx_word' id='word_1_754' title='bbox 1150 4717 1312 4789; x_wconf 86' lang='lat' dir='ltr'><strong><em>opinamur,</em></strong></span> <span class='ocrx_word' id='word_1_755' title='bbox 1324 4715 1409 4771; x_wconf 85' lang='lat' dir='ltr'><strong><em>tacite</em></strong></span> <span class='ocrx_word' id='word_1_756' title='bbox 1420 4714 1526 4782; x_wconf 91' lang='lat' dir='ltr'><strong><em>innuit,</em></strong></span> <span class='ocrx_word' id='word_1_757' title='bbox 1534 4714 1655 4770; x_wconf 89' lang='lat' dir='ltr'><strong><em>transire</em></strong></span> <span class='ocrx_word' id='word_1_758' title='bbox 1666 4731 1714 4769; x_wconf 90' lang='lat' dir='ltr'><strong><em>cos</em></strong></span> 
     </span>
     <span class='ocr_line' id='line_1_111' title="bbox 861 4803 1715 4878; baseline -0.007 -15"><span class='ocrx_word' id='word_1_759' title='bbox 861 4809 896 4863; x_wconf 87' lang='lat' dir='ltr'><strong><em>ad</em></strong></span> <span class='ocrx_word' id='word_1_760' title='bbox 911 4808 1126 4863; x_wconf 86' lang='lat' dir='ltr'><strong><em>Donatistarum</em></strong></span> <span class='ocrx_word' id='word_1_761' title='bbox 1140 4810 1236 4878; x_wconf 89' lang='lat' dir='ltr'><strong><em>partes</em></strong></span> <span class='ocrx_word' id='word_1_762' title='bbox 1255 4804 1336 4858; x_wconf 85' lang='lat' dir='ltr'><strong><em>velle.</em></strong></span> <span class='ocrx_word' id='word_1_763' title='bbox 1360 4803 1442 4868; x_wconf 82' lang='lat' dir='ltr'><strong><em>Orrod</em></strong></span> <span class='ocrx_word' id='word_1_764' title='bbox 1464 4803 1559 4875; x_wconf 89' lang='lat' dir='ltr'><strong><em>ipsum</em></strong></span> <span class='ocrx_word' id='word_1_765' title='bbox 1580 4803 1611 4857; x_wconf 88' lang='lat' dir='ltr'><strong><em>in</em></strong></span> <span class='ocrx_word' id='word_1_766' title='bbox 1630 4819 1715 4858; x_wconf 85' lang='lat' dir='ltr'><strong><em>causa</em></strong></span> 
     </span>
     <span class='ocr_line' id='line_1_112' title="bbox 859 4891 1716 4964; baseline -0.008 -12"><span class='ocrx_word' id='word_1_767' title='bbox 859 4896 924 4960; x_wconf 83' lang='lat' dir='ltr'><strong><em>fuit,</em></strong></span> <span class='ocrx_word' id='word_1_768' title='bbox 940 4913 991 4951; x_wconf 89' lang='lat' dir='ltr'><strong><em>eur</em></strong></span> <span class='ocrx_word' id='word_1_769' title='bbox 1004 4900 1064 4951; x_wconf 87' lang='lat' dir='ltr'><strong><em>tota</em></strong></span> <span class='ocrx_word' id='word_1_770' title='bbox 1078 4894 1174 4950; x_wconf 92' lang='lat' dir='ltr'><strong><em>hieme</em></strong></span> <span class='ocrx_word' id='word_1_771' title='bbox 1187 4910 1222 4948; x_wconf 91' lang='lat' dir='ltr'><strong><em>ac</em></strong></span> <span class='ocrx_word' id='word_1_772' title='bbox 1235 4893 1337 4964; x_wconf 89' lang='lat' dir='ltr'><strong><em>pedem</em></strong></span> <span class='ocrx_word' id='word_1_773' title='bbox 1353 4892 1472 4964; x_wconf 89' lang='lat' dir='ltr'><strong><em>quidem</em></strong></span> <span class='ocrx_word' id='word_1_774' title='bbox 1488 4892 1619 4963; x_wconf 84' lang='lat' dir='ltr'><strong><em>Hippone</em></strong></span> <span class='ocrx_word' id='word_1_775' title='bbox 1634 4891 1716 4946; x_wconf 80' lang='lat' dir='ltr'><strong><em>elicr-</em></strong></span> 
     </span>
     <span class='ocr_line' id='line_1_113' title="bbox 860 4980 1714 5056; baseline -0.009 -15"><span class='ocrx_word' id='word_1_776' title='bbox 860 4991 913 5041; x_wconf 90' lang='lat' dir='ltr'><strong><em>ret.</em></strong></span> <span class='ocrx_word' id='word_1_777' title='bbox 929 4987 983 5041; x_wconf 89' lang='lat' dir='ltr'><strong><em>Per</em></strong></span> <span class='ocrx_word' id='word_1_778' title='bbox 997 4985 1068 5040; x_wconf 88' lang='lat' dir='ltr'><strong><em>illud</em></strong></span> <span class='ocrx_word' id='word_1_779' title='bbox 1084 4983 1180 5056; x_wconf 90' lang='lat' dir='ltr'><strong><em>ipsum</em></strong></span> <span class='ocrx_word' id='word_1_780' title='bbox 1200 4982 1337 5038; x_wconf 73' lang='lat' dir='ltr'><strong><em>absentiae</em></strong></span> <span class='ocrx_word' id='word_1_781' title='bbox 1356 4997 1415 5036; x_wconf 88' lang='lat' dir='ltr'><strong><em>suae</em></strong></span> <span class='ocrx_word' id='word_1_782' title='bbox 1437 4985 1550 5053; x_wconf 89' lang='lat' dir='ltr'><strong><em>tempus</em></strong></span> <span class='ocrx_word' id='word_1_783' title='bbox 1564 4980 1714 5051; x_wconf 86' lang='lat' dir='ltr'><strong><em>epistolam</em></strong></span> 
     </span>
     <span class='ocr_line' id='line_1_114' title="bbox 860 5069 1713 5145; baseline -0.009 -16"><span class='ocrx_word' id='word_1_784' title='bbox 860 5075 895 5130; x_wconf 90' lang='lat' dir='ltr'><strong><em>ad</em></strong></span> <span class='ocrx_word' id='word_1_785' title='bbox 911 5075 1018 5130; x_wconf 90' lang='lat' dir='ltr'><strong><em>clerum</em></strong></span> <span class='ocrx_word' id='word_1_786' title='bbox 1033 5077 1061 5130; x_wconf 90' lang='lat' dir='ltr'><strong><em>et</em></strong></span> <span class='ocrx_word' id='word_1_787' title='bbox 1079 5073 1221 5145; x_wconf 88' lang='lat' dir='ltr'><strong><em>populum</em></strong></span> <span class='ocrx_word' id='word_1_788' title='bbox 1243 5071 1458 5143; x_wconf 87' lang='lat' dir='ltr'><strong><em>Hipponensem</em></strong></span> <span class='ocrx_word' id='word_1_789' title='bbox 1477 5070 1621 5141; x_wconf 79' lang='lat' dir='ltr'><strong><em>scripsisse</em></strong></span> <span class='ocrx_word' id='word_1_790' title='bbox 1635 5069 1713 5122; x_wconf 85' lang='lat' dir='ltr'><strong><em>ride·</em></strong></span> 
     </span>
     <span class='ocr_line' id='line_1_115' title="bbox 860 5158 1713 5234; baseline -0.011 -15"><span class='ocrx_word' id='word_1_791' title='bbox 860 5170 908 5220; x_wconf 92' lang='lat' dir='ltr'><strong><em>tur</em></strong></span> <span class='ocrx_word' id='word_1_792' title='bbox 921 5163 1021 5234; x_wconf 79' lang='lat' dir='ltr'><strong><em>(Epist</em></strong></span> <span class='ocrx_word' id='word_1_793' title='bbox 1041 5161 1103 5232; x_wconf 75' lang='grc'><strong>111)</strong></span> <span class='ocrx_word' id='word_1_794' title='bbox 1119 5179 1126 5216; x_wconf 91' lang='lat'>:</span> <span class='ocrx_word' id='word_1_795' title='bbox 1142 5162 1195 5216; x_wconf 91' lang='lat' dir='ltr'><strong><em>hac</em></strong></span> <span class='ocrx_word' id='word_1_796' title='bbox 1210 5160 1287 5215; x_wconf 87' lang='lat' dir='ltr'><strong><em>enirn</em></strong></span> <span class='ocrx_word' id='word_1_797' title='bbox 1299 5160 1474 5215; x_wconf 87' lang='lat' dir='ltr'><strong><em>calamitates</em></strong></span> <span class='ocrx_word' id='word_1_798' title='bbox 1484 5159 1515 5213; x_wconf 91' lang='lat' dir='ltr'><strong><em>in</em></strong></span> <span class='ocrx_word' id='word_1_799' title='bbox 1526 5158 1624 5213; x_wconf 88' lang='lat' dir='ltr'><strong><em>orbem</em></strong></span> <span class='ocrx_word' id='word_1_800' title='bbox 1639 5171 1713 5226; x_wconf 88' lang='lat' dir='ltr'><strong><em>pene</em></strong></span> 
     </span>
     <span class='ocr_line' id='line_1_116' title="bbox 860 5245 1714 5321; baseline -0.011 -14"><span class='ocrx_word' id='word_1_801' title='bbox 860 5252 1025 5308; x_wconf 83' lang='lat' dir='ltr'><strong><em>universum</em></strong></span> <span class='ocrx_word' id='word_1_802' title='bbox 1041 5250 1191 5306; x_wconf 77' lang='lat' dir='ltr'><strong><em>saevientes</em></strong></span> <span class='ocrx_word' id='word_1_803' title='bbox 1206 5253 1356 5316; x_wconf 90' lang='lat' dir='ltr'><strong><em>memorat,</em></strong></span> <span class='ocrx_word' id='word_1_804' title='bbox 1368 5250 1473 5321; x_wconf 89' lang='lat' dir='ltr'><strong><em>quibas</em></strong></span> <span class='ocrx_word' id='word_1_805' title='bbox 1489 5247 1524 5302; x_wconf 90' lang='lat' dir='ltr'><strong><em>ad</em></strong></span> <span class='ocrx_word' id='word_1_806' title='bbox 1538 5245 1714 5317; x_wconf 87' lang='lat' dir='ltr'><strong><em>prospicien-</em></strong></span> 
     </span>
    </p>
   </div>
   <div class='ocr_carea' id='block_1_6' title="bbox 861 5333 1716 5592">
    <p class='ocr_par' dir='ltr' id='par_1_8' title="bbox 861 5333 1716 5592">
     <span class='ocr_line' id='line_1_117' title="bbox 861 5333 1712 5412; baseline -0.009 -15"><span class='ocrx_word' id='word_1_807' title='bbox 861 5342 941 5410; x_wconf 92' lang='lat' dir='ltr'><strong><em>dum,</em></strong></span> <span class='ocrx_word' id='word_1_808' title='bbox 956 5357 992 5397; x_wconf 90' lang='lat' dir='ltr'><strong><em>ne</em></strong></span> <span class='ocrx_word' id='word_1_809' title='bbox 1007 5341 1109 5395; x_wconf 89' lang='lat' dir='ltr'><strong><em>iisdem</em></strong></span> <span class='ocrx_word' id='word_1_810' title='bbox 1124 5339 1257 5395; x_wconf 90' lang='lat' dir='ltr'><strong><em>similiter</em></strong></span> <span class='ocrx_word' id='word_1_811' title='bbox 1271 5339 1513 5412; x_wconf 88' lang='lat' dir='ltr'><strong><em>opprimerentur,</em></strong></span> <span class='ocrx_word' id='word_1_812' title='bbox 1528 5333 1645 5390; x_wconf 88' lang='lat' dir='ltr'><strong><em>excitari</em></strong></span> <span class='ocrx_word' id='word_1_813' title='bbox 1659 5348 1712 5389; x_wconf 88' lang='lat' dir='ltr'><strong><em>ne-</em></strong></span> 
     </span>
     <span class='ocr_line' id='line_1_118' title="bbox 861 5425 1715 5502; baseline -0.008 -17"><span class='ocrx_word' id='word_1_814' title='bbox 861 5447 937 5485; x_wconf 89' lang='lat' dir='ltr'><strong><em>cesse</em></strong></span> <span class='ocrx_word' id='word_1_815' title='bbox 951 5432 1012 5486; x_wconf 90' lang='lat' dir='ltr'><strong><em>erat</em></strong></span> <span class='ocrx_word' id='word_1_816' title='bbox 1022 5430 1228 5502; x_wconf 80' lang='lat' dir='ltr'><strong><em>hipponenses.</em></strong></span> <span class='ocrx_word' id='word_1_817' title='bbox 1241 5428 1353 5483; x_wconf 89' lang='lat' dir='ltr'><strong><em>Etenim</em></strong></span> <span class='ocrx_word' id='word_1_818' title='bbox 1366 5426 1478 5496; x_wconf 90' lang='lat' dir='ltr'><strong><em>direpta</em></strong></span> <span class='ocrx_word' id='word_1_819' title='bbox 1491 5425 1582 5478; x_wconf 84' lang='lat' dir='ltr'><strong><em>Roma</em></strong></span> <span class='ocrx_word' id='word_1_820' title='bbox 1591 5425 1715 5478; x_wconf 85' lang='lat' dir='ltr'><strong><em>vastata-</em></strong></span> 
     </span>
     <span class='ocr_line' id='line_1_119' title="bbox 862 5509 1716 5592; baseline -0.012 -17"><span class='ocrx_word' id='word_1_821' title='bbox 862 5536 918 5592; x_wconf 93' lang='lat' dir='ltr'><strong><em>que</em></strong></span> <span class='ocrx_word' id='word_1_822' title='bbox 927 5518 1010 5575; x_wconf 86' lang='lat' dir='ltr'><strong><em>ltalia</em></strong></span> <span class='ocrx_word' id='word_1_823' title='bbox 1018 5518 1147 5575; x_wconf 77' lang='lat' dir='ltr'><strong><em>Alaricus</em></strong></span> <span class='ocrx_word' id='word_1_824' title='bbox 1157 5517 1289 5590; x_wconf 73' lang='lat' dir='ltr'><strong><em>traiicere</em></strong></span> <span class='ocrx_word' id='word_1_825' title='bbox 1300 5516 1331 5570; x_wconf 92' lang='lat' dir='ltr'><strong><em>in</em></strong></span> <span class='ocrx_word' id='word_1_826' title='bbox 1341 5513 1466 5570; x_wconf 86' lang='lat' dir='ltr'><strong><em>Siciliam</em></strong></span> <span class='ocrx_word' id='word_1_827' title='bbox 1473 5509 1633 5566; x_wconf 87' lang='lat' dir='ltr'><strong><em>destinabat</em></strong></span> <span class='ocrx_word' id='word_1_828' title='bbox 1642 5511 1716 5571; x_wconf 86' lang='grc'><strong>(011-</strong></span> 
     </span>
    </p>
   </div>
   <div class='ocr_carea' id='block_1_7' title="bbox 0 0 1949 6112">
    <p class='ocr_par' dir='ltr' id='par_1_9' title="bbox 0 0 1949 6112">
     <span class='ocr_line' id='line_1_120' title="bbox 0 0 1949 6112; baseline 0 0"><span class='ocrx_word' id='word_1_829' title='bbox 0 0 1949 6112; x_wconf 95' lang='lat' dir='ltr'><strong><em> </em></strong></span> 
     </span>
    </p>
   </div>
  </div>
 </body>
</html>
