<?xml version="1.0" encoding="UTF-8"?>
<!DOCTYPE html PUBLIC "-//W3C//DTD XHTML 1.0 Transitional//EN"
    "http://www.w3.org/TR/xhtml1/DTD/xhtml1-transitional.dtd">
<html xmlns="http://www.w3.org/1999/xhtml" xml:lang="en" lang="en">
 <head>
  <title>
</title>
<meta http-equiv="Content-Type" content="text/html;charset=utf-8" />
  <meta name='ocr-system' content='tesseract 3.04.00' />
  <meta name='ocr-capabilities' content='ocr_page ocr_carea ocr_par ocr_line ocrx_word'/>
</head>
<body>
  <div class='ocr_page' id='page_1' title='image "./patrologiaecurs02migngoog_0134.png"; bbox 0 0 3884 6112; ppageno 0'>
   <div class='ocr_carea' id='block_1_1' title="bbox 90 199 1843 289">
    <p class='ocr_par' dir='ltr' id='par_1_1' title="bbox 90 199 1843 289">
     <span class='ocr_line' id='line_1_1' title="bbox 90 199 1843 289; baseline -0.003 -10"><span class='ocrx_word' id='word_1_1' title='bbox 90 222 141 280; x_wconf 75' lang='lat' dir='ltr'><em>aar</em></span> <span class='ocrx_word' id='word_1_2' title='bbox 501 281 505 289; x_wconf 75' lang='grc'><strong>,</strong></span> <span class='ocrx_word' id='word_1_3' title='bbox 601 199 603 203; x_wconf 73' lang='grc'>’</span> <span class='ocrx_word' id='word_1_4' title='bbox 696 221 783 278; x_wconf 79' lang='lat' dir='ltr'><em>vua</em></span> <span class='ocrx_word' id='word_1_5' title='bbox 803 221 834 277; x_wconf 82' lang='lat' dir='ltr'><em>a.</em></span> <span class='ocrx_word' id='word_1_6' title='bbox 857 219 1051 278; x_wconf 74' lang='lat' dir='ltr'><em>cucusum</em></span> <span class='ocrx_word' id='word_1_7' title='bbox 1071 217 1240 276; x_wconf 83' lang='lat' dir='ltr'><em>arrseorr.</em></span> <span class='ocrx_word' id='word_1_8' title='bbox 1794 219 1843 275; x_wconf 80' lang='lat' dir='ltr'><em>aa</em></span> 
     </span>
    </p>
   </div>
   <div class='ocr_carea' id='block_1_2' title="bbox 84 341 1852 5567">
    <p class='ocr_par' dir='ltr' id='par_1_2' title="bbox 84 341 1852 5567">
     <span class='ocr_line' id='line_1_2' title="bbox 90 341 1848 417; baseline -0.001 -16"><span class='ocrx_word' id='word_1_9' title='bbox 90 345 162 402; x_wconf 91' lang='lat' dir='ltr'><em>ritus</em></span> <span class='ocrx_word' id='word_1_10' title='bbox 177 349 273 401; x_wconf 83' lang='lat' dir='ltr'><em>rotam</em></span> <span class='ocrx_word' id='word_1_11' title='bbox 288 344 473 400; x_wconf 75' lang='lat' dir='ltr'><em>continentia</em></span> <span class='ocrx_word' id='word_1_12' title='bbox 488 345 524 400; x_wconf 93' lang='lat' dir='ltr'><em>ab</em></span> <span class='ocrx_word' id='word_1_13' title='bbox 545 360 579 400; x_wconf 88' lang='lat' dir='ltr'><em>ea</em></span> <span class='ocrx_word' id='word_1_14' title='bbox 601 349 797 415; x_wconf 88' lang='lat' dir='ltr'><em>nuncupatum</em></span> <span class='ocrx_word' id='word_1_15' title='bbox 812 359 944 417; x_wconf 88' lang='lat' dir='ltr'><em>compro·</em></span> <span class='ocrx_word' id='word_1_16' title='bbox 998 342 1112 400; x_wconf 90' lang='lat' dir='ltr'><em>dicendi</em></span> <span class='ocrx_word' id='word_1_17' title='bbox 1124 342 1162 411; x_wconf 83' lang='lat' dir='ltr'><em>ri,</em></span> <span class='ocrx_word' id='word_1_18' title='bbox 1178 345 1211 398; x_wconf 94' lang='lat' dir='ltr'><em>ut</em></span> <span class='ocrx_word' id='word_1_19' title='bbox 1221 341 1288 398; x_wconf 89' lang='lat' dir='ltr'><em>inde</em></span> <span class='ocrx_word' id='word_1_20' title='bbox 1302 344 1440 414; x_wconf 86' lang='lat' dir='ltr'><em>emerget,</em></span> <span class='ocrx_word' id='word_1_21' title='bbox 1451 341 1848 400; x_wconf 84' lang='lat' dir='ltr'><em>atrebementeretamauter</em></span> 
     </span>
     <span class='ocr_line' id='line_1_3' title="bbox 89 430 1331 506; baseline -0.003 -15"><span class='ocrx_word' id='word_1_22' title='bbox 89 435 194 504; x_wconf 82' lang='lat' dir='ltr'>basset,</span> <span class='ocrx_word' id='word_1_23' title='bbox 208 433 245 489; x_wconf 89' lang='lat' dir='ltr'><em>ad</em></span> <span class='ocrx_word' id='word_1_24' title='bbox 259 433 329 490; x_wconf 91' lang='lat' dir='ltr'><em>illud</em></span> <span class='ocrx_word' id='word_1_25' title='bbox 344 433 475 490; x_wconf 80' lang='lat' dir='ltr'><em>inlinens</em></span> <span class='ocrx_word' id='word_1_26' title='bbox 496 448 588 506; x_wconf 87' lang='lat' dir='ltr'><em>usque</em></span> <span class='ocrx_word' id='word_1_27' title='bbox 604 433 784 498; x_wconf 80' lang='lat' dir='ltr'><em>servandum,</em></span> <span class='ocrx_word' id='word_1_28' title='bbox 802 438 831 489; x_wconf 89' lang='lat' dir='ltr'><em>et</em></span> <span class='ocrx_word' id='word_1_29' title='bbox 844 433 879 489; x_wconf 89' lang='lat' dir='ltr'><em>ad</em></span> <span class='ocrx_word' id='word_1_30' title='bbox 891 432 944 488; x_wconf 85' lang='lat' dir='ltr'><em>riri</em></span> <span class='ocrx_word' id='word_1_31' title='bbox 997 431 1128 488; x_wconf 72' lang='lat' dir='ltr'>hortatur</span> <span class='ocrx_word' id='word_1_32' title='bbox 1143 433 1240 503; x_wconf 80' lang='lat' dir='ltr'><em>(Epist.</em></span> <span class='ocrx_word' id='word_1_33' title='bbox 1255 430 1331 502; x_wconf 72' lang='lat'><em>259).</em></span> 
     </span>
     <span class='ocr_line' id='line_1_4' title="bbox 91 519 1851 596; baseline -0.001 -18"><span class='ocrx_word' id='word_1_34' title='bbox 91 524 220 596; x_wconf 87' lang='lat' dir='ltr'><em>culpam,</em></span> <span class='ocrx_word' id='word_1_35' title='bbox 236 527 377 595; x_wconf 87' lang='lat' dir='ltr'><em>quantum</em></span> <span class='ocrx_word' id='word_1_36' title='bbox 392 522 422 577; x_wconf 93' lang='lat' dir='ltr'><em>iu</em></span> <span class='ocrx_word' id='word_1_37' title='bbox 437 539 470 579; x_wconf 84' lang='lat' dir='ltr'><em>aa</em></span> <span class='ocrx_word' id='word_1_38' title='bbox 483 522 569 578; x_wconf 88' lang='lat' dir='ltr'><em>situm</em></span> <span class='ocrx_word' id='word_1_39' title='bbox 583 527 664 590; x_wconf 81' lang='lat' dir='ltr'><em>essct,</em></span> <span class='ocrx_word' id='word_1_40' title='bbox 680 521 877 577; x_wconf 77' lang='lat' dir='ltr'><strong>redimendam</strong></span> <span class='ocrx_word' id='word_1_41' title='bbox 890 521 943 575; x_wconf 93' lang='lat' dir='ltr'><em>ob·</em></span> <span class='ocrx_word' id='word_1_42' title='bbox 968 567 972 575; x_wconf 95' lang='lat'><em>.</em></span> <span class='ocrx_word' id='word_1_43' title='bbox 1032 526 1058 577; x_wconf 84' lang='lat'><em>7.</em></span> <span class='ocrx_word' id='word_1_44' title='bbox 1075 523 1142 578; x_wconf 85' lang='lat' dir='ltr'><em>Erat</em></span> <span class='ocrx_word' id='word_1_45' title='bbox 1156 524 1235 576; x_wconf 85' lang='lat' dir='ltr'><em>extra</em></span> <span class='ocrx_word' id='word_1_46' title='bbox 1256 519 1384 576; x_wconf 78' lang='lat' dir='ltr'><em>diaecesis</em></span> <span class='ocrx_word' id='word_1_47' title='bbox 1409 519 1600 591; x_wconf 77' lang='lat' dir='ltr'>Hipponensis</span> <span class='ocrx_word' id='word_1_48' title='bbox 1620 519 1729 577; x_wconf 88' lang='lat' dir='ltr'><em>limites</em></span> <span class='ocrx_word' id='word_1_49' title='bbox 1754 522 1851 594; x_wconf 87' lang='lat' dir='ltr'><em>puella</em></span> 
     </span>
     <span class='ocr_line' id='line_1_5' title="bbox 91 608 1852 694; baseline -0.001 -26"><span class='ocrx_word' id='word_1_50' title='bbox 91 611 184 694; x_wconf 88' lang='lat' dir='ltr'><em>ligari.</em></span> <span class='ocrx_word' id='word_1_51' title='bbox 207 612 293 668; x_wconf 90' lang='lat' dir='ltr'><em>indue</em></span> <span class='ocrx_word' id='word_1_52' title='bbox 313 615 416 682; x_wconf 81' lang='lat' dir='ltr'><em>itaque,</em></span> <span class='ocrx_word' id='word_1_53' title='bbox 445 613 494 679; x_wconf 89' lang='lat' dir='ltr'><em>ait,</em></span> <span class='ocrx_word' id='word_1_54' title='bbox 514 612 693 668; x_wconf 74' lang='lat' dir='ltr'><strong><em>humilitatem</em></strong></span> <span class='ocrx_word' id='word_1_55' title='bbox 715 613 822 677; x_wconf 88' lang='lat' dir='ltr'><em>mentis,</em></span> <span class='ocrx_word' id='word_1_56' title='bbox 836 616 862 667; x_wconf 89' lang='lat' dir='ltr'><em>et</em></span> <span class='ocrx_word' id='word_1_57' title='bbox 876 614 906 666; x_wconf 88' lang='lat' dir='ltr'><em>ut</em></span> <span class='ocrx_word' id='word_1_58' title='bbox 919 615 944 665; x_wconf 92' lang='lat' dir='ltr'><em>te</em></span> <span class='ocrx_word' id='word_1_59' title='bbox 998 608 1181 680; x_wconf 70' lang='lat' dir='ltr'><em>(Florentium</em></span> <span class='ocrx_word' id='word_1_60' title='bbox 1196 625 1301 665; x_wconf 88' lang='lat' dir='ltr'><em>nomen</em></span> <span class='ocrx_word' id='word_1_61' title='bbox 1315 608 1395 680; x_wconf 86' lang='lat' dir='ltr'><em>luit),</em></span> <span class='ocrx_word' id='word_1_62' title='bbox 1409 625 1475 681; x_wconf 86' lang='lat' dir='ltr'><em>quaa</em></span> <span class='ocrx_word' id='word_1_63' title='bbox 1490 609 1555 665; x_wconf 85' lang='lat' dir='ltr'><em>licat</em></span> <span class='ocrx_word' id='word_1_64' title='bbox 1568 609 1852 684; x_wconf 66' lang='lat' dir='ltr'><em>adolescentulapie·</em></span> 
     </span>
     <span class='ocr_line' id='line_1_6' title="bbox 93 696 1850 772; baseline -0.001 -13"><span class='ocrx_word' id='word_1_65' title='bbox 93 704 162 759; x_wconf 71' lang='lat' dir='ltr'><em>aeas</em></span> <span class='ocrx_word' id='word_1_66' title='bbox 183 704 319 759; x_wconf 73' lang='lat' dir='ltr'><em>consonet</em></span> <span class='ocrx_word' id='word_1_67' title='bbox 328 704 554 772; x_wconf 85' lang='lat' dir='ltr'><em>perseverantem,</em></span> <span class='ocrx_word' id='word_1_68' title='bbox 567 702 624 756; x_wconf 90' lang='lat' dir='ltr'><em>noti</em></span> <span class='ocrx_word' id='word_1_69' title='bbox 636 702 766 755; x_wconf 79' lang='lat' dir='ltr'><em>martum</em></span> <span class='ocrx_word' id='word_1_70' title='bbox 780 704 944 755; x_wconf 74' lang='lat' dir='ltr'><em>contemnere</em></span> <span class='ocrx_word' id='word_1_71' title='bbox 997 698 1064 754; x_wconf 90' lang='lat' dir='ltr'><em>tatis</em></span> <span class='ocrx_word' id='word_1_72' title='bbox 1087 715 1119 754; x_wconf 88' lang='lat' dir='ltr'><em>ac</em></span> <span class='ocrx_word' id='word_1_73' title='bbox 1132 715 1206 754; x_wconf 83' lang='lat' dir='ltr'><em>verae</em></span> <span class='ocrx_word' id='word_1_74' title='bbox 1218 696 1366 770; x_wconf 74' lang='lat' dir='ltr'><em>sapientia</em></span> <span class='ocrx_word' id='word_1_75' title='bbox 1379 697 1493 753; x_wconf 88' lang='lat' dir='ltr'><em>ardenti</em></span> <span class='ocrx_word' id='word_1_76' title='bbox 1509 698 1605 754; x_wconf 90' lang='lat' dir='ltr'><em>studio</em></span> <span class='ocrx_word' id='word_1_77' title='bbox 1618 699 1781 756; x_wconf 85' lang='lat' dir='ltr'><em>tenebatur.</em></span> <span class='ocrx_word' id='word_1_78' title='bbox 1796 702 1850 758; x_wconf 79' lang='lat' dir='ltr'><em>Pu·</em></span> 
     </span>
     <span class='ocr_line' id='line_1_7' title="bbox 87 785 1849 862; baseline 0 -16"><span class='ocrx_word' id='word_1_79' title='bbox 87 796 249 862; x_wconf 89' lang='lat' dir='ltr'><em>pereuntem.</em></span> <span class='ocrx_word' id='word_1_80' title='bbox 271 791 363 846; x_wconf 78' lang='lat' dir='ltr'><em>Furrdc</em></span> <span class='ocrx_word' id='word_1_81' title='bbox 373 806 424 861; x_wconf 87' lang='lat' dir='ltr'><em>pro</em></span> <span class='ocrx_word' id='word_1_82' title='bbox 447 791 494 845; x_wconf 88' lang='lat' dir='ltr'><em>ilio</em></span> <span class='ocrx_word' id='word_1_83' title='bbox 519 793 583 861; x_wconf 87' lang='lat' dir='ltr'><em>pias</em></span> <span class='ocrx_word' id='word_1_84' title='bbox 604 794 630 845; x_wconf 88' lang='lat' dir='ltr'><em>et</em></span> <span class='ocrx_word' id='word_1_85' title='bbox 651 789 778 844; x_wconf 90' lang='lat' dir='ltr'><em>assiduas</em></span> <span class='ocrx_word' id='word_1_86' title='bbox 791 791 941 855; x_wconf 87' lang='lat' dir='ltr'><em>orationcs;</em></span> <span class='ocrx_word' id='word_1_87' title='bbox 998 790 1093 843; x_wconf 88' lang='lat' dir='ltr'><em>rentes</em></span> <span class='ocrx_word' id='word_1_88' title='bbox 1115 788 1177 859; x_wconf 87' lang='lat' dir='ltr'><em>ejus</em></span> <span class='ocrx_word' id='word_1_89' title='bbox 1193 785 1307 859; x_wconf 89' lang='lat' dir='ltr'><em>optimi,</em></span> <span class='ocrx_word' id='word_1_90' title='bbox 1324 789 1352 841; x_wconf 89' lang='lat' dir='ltr'><em>et</em></span> <span class='ocrx_word' id='word_1_91' title='bbox 1366 785 1401 842; x_wconf 91' lang='lat' dir='ltr'><em>de</em></span> <span class='ocrx_word' id='word_1_92' title='bbox 1415 785 1482 842; x_wconf 78' lang='lat' dir='ltr'><em>filie</em></span> <span class='ocrx_word' id='word_1_93' title='bbox 1496 785 1603 858; x_wconf 90' lang='lat' dir='ltr'><em>pietate</em></span> <span class='ocrx_word' id='word_1_94' title='bbox 1617 789 1802 860; x_wconf 85' lang='lat' dir='ltr'><em>gratulantes,</em></span> <span class='ocrx_word' id='word_1_95' title='bbox 1814 790 1849 846; x_wconf 84' lang='lat' dir='ltr'><em>ab</em></span> 
     </span>
     <span class='ocr_line' id='line_1_8' title="bbox 88 874 1849 950; baseline -0.001 -14"><span class='ocrx_word' id='word_1_96' title='bbox 88 882 211 950; x_wconf 71' lang='lat' dir='ltr'><em>saeuire</em></span> <span class='ocrx_word' id='word_1_97' title='bbox 221 881 366 950; x_wconf 84' lang='lat' dir='ltr'><em>tacrpmas,</em></span> <span class='ocrx_word' id='word_1_98' title='bbox 380 884 511 949; x_wconf 81' lang='lat' dir='ltr'><em>tanquam</em></span> <span class='ocrx_word' id='word_1_99' title='bbox 524 880 660 934; x_wconf 80' lang='lat' dir='ltr'><em>uulnerati</em></span> <span class='ocrx_word' id='word_1_100' title='bbox 669 880 827 947; x_wconf 76' lang='lat' dir='ltr'><em>sanquinem</em></span> <span class='ocrx_word' id='word_1_101' title='bbox 836 878 941 946; x_wconf 84' lang='lat' dir='ltr'><em>cordis;</em></span> <span class='ocrx_word' id='word_1_102' title='bbox 995 875 1157 948; x_wconf 77' lang='lat' dir='ltr'><strong>Augustino</strong></span> <span class='ocrx_word' id='word_1_103' title='bbox 1172 875 1261 931; x_wconf 87' lang='lat' dir='ltr'><em>iubis</em></span> <span class='ocrx_word' id='word_1_104' title='bbox 1276 874 1333 930; x_wconf 89' lang='lat' dir='ltr'><em>oris</em></span> <span class='ocrx_word' id='word_1_105' title='bbox 1350 880 1548 931; x_wconf 81' lang='lat' dir='ltr'><em>commorante</em></span> <span class='ocrx_word' id='word_1_106' title='bbox 1566 877 1793 948; x_wconf 87' lang='lat' dir='ltr'><em>postularunt,ut</em></span> <span class='ocrx_word' id='word_1_107' title='bbox 1805 878 1849 935; x_wconf 89' lang='lat' dir='ltr'><em>itti</em></span> 
     </span>
     <span class='ocr_line' id='line_1_9' title="bbox 88 965 1850 1041; baseline 0.001 -17"><span class='ocrx_word' id='word_1_108' title='bbox 88 973 114 1024; x_wconf 88' lang='lat' dir='ltr'><em>et</em></span> <span class='ocrx_word' id='word_1_109' title='bbox 128 968 214 1024; x_wconf 86' lang='lat' dir='ltr'><em>scribe</em></span> <span class='ocrx_word' id='word_1_110' title='bbox 229 968 266 1022; x_wconf 89' lang='lat' dir='ltr'><em>ad</em></span> <span class='ocrx_word' id='word_1_111' title='bbox 280 984 340 1023; x_wconf 89' lang='lat' dir='ltr'><em>eum</em></span> <span class='ocrx_word' id='word_1_112' title='bbox 354 969 580 1036; x_wconf 71' lang='lat' dir='ltr'><em>satisfactionem,</em></span> <span class='ocrx_word' id='word_1_113' title='bbox 594 970 818 1038; x_wconf 81' lang='lat' dir='ltr'><em>permanentem,</em></span> <span class='ocrx_word' id='word_1_114' title='bbox 835 969 903 1038; x_wconf 84' lang='lat' dir='ltr'><em>quia</em></span> <span class='ocrx_word' id='word_1_115' title='bbox 912 969 942 1021; x_wconf 93' lang='lat' dir='ltr'><em>in</em></span> <span class='ocrx_word' id='word_1_116' title='bbox 997 965 1164 1037; x_wconf 78' lang='lat' dir='ltr'><em>edocendas,</em></span> <span class='ocrx_word' id='word_1_117' title='bbox 1179 965 1209 1020; x_wconf 91' lang='lat' dir='ltr'><em>in</em></span> <span class='ocrx_word' id='word_1_118' title='bbox 1224 981 1282 1037; x_wconf 87' lang='lat' dir='ltr'><em>quo</em></span> <span class='ocrx_word' id='word_1_119' title='bbox 1298 981 1371 1037; x_wconf 92' lang='lat' dir='ltr'><em>opus</em></span> <span class='ocrx_word' id='word_1_120' title='bbox 1385 969 1467 1028; x_wconf 88' lang='lat' dir='ltr'><em>esset,</em></span> <span class='ocrx_word' id='word_1_121' title='bbox 1484 982 1565 1022; x_wconf 91' lang='lat' dir='ltr'><em>suam</em></span> <span class='ocrx_word' id='word_1_122' title='bbox 1575 982 1692 1040; x_wconf 87' lang='lat' dir='ltr'><em>operam</em></span> <span class='ocrx_word' id='word_1_123' title='bbox 1706 967 1850 1041; x_wconf 89' lang='lat' dir='ltr'><em>impende·</em></span> 
     </span>
     <span class='ocr_line' id='line_1_10' title="bbox 90 1044 1851 1128; baseline -0.001 -16"><span class='ocrx_word' id='word_1_124' title='bbox 90 1073 150 1112; x_wconf 90' lang='lat' dir='ltr'><em>cum</em></span> <span class='ocrx_word' id='word_1_125' title='bbox 162 1059 283 1128; x_wconf 89' lang='lat' dir='ltr'><em>peccasti</em></span> <span class='ocrx_word' id='word_1_126' title='bbox 289 1072 295 1124; x_wconf 93' lang='grc'><strong>;</strong></span> <span class='ocrx_word' id='word_1_127' title='bbox 313 1057 385 1126; x_wconf 80' lang='lat' dir='ltr'><em>pared</em></span> <span class='ocrx_word' id='word_1_128' title='bbox 394 1061 495 1127; x_wconf 83' lang='lat' dir='ltr'><em>prater</em></span> <span class='ocrx_word' id='word_1_129' title='bbox 508 1057 567 1126; x_wconf 81' lang='lat' dir='ltr'><em>ejus</em></span> <span class='ocrx_word' id='word_1_130' title='bbox 586 1058 765 1112; x_wconf 88' lang='lat' dir='ltr'><em>consiliumet</em></span> <span class='ocrx_word' id='word_1_131' title='bbox 779 1056 943 1111; x_wconf 87' lang='lat' dir='ltr'><em>uoluntatem</em></span> <span class='ocrx_word' id='word_1_132' title='bbox 977 1044 1049 1108; x_wconf 82' lang='lat' dir='ltr'><em>&#39;ret</em></span> <span class='ocrx_word' id='word_1_133' title='bbox 1067 1054 1199 1109; x_wconf 81' lang='lat' dir='ltr'><em>Renuere</em></span> <span class='ocrx_word' id='word_1_134' title='bbox 1215 1069 1273 1108; x_wconf 93' lang='lat' dir='ltr'><em>non</em></span> <span class='ocrx_word' id='word_1_135' title='bbox 1297 1051 1391 1122; x_wconf 92' lang='lat' dir='ltr'><em>potuit</em></span> <span class='ocrx_word' id='word_1_136' title='bbox 1412 1053 1589 1126; x_wconf 77' lang='lat' dir='ltr'><em>Augustinus</em></span> <span class='ocrx_word' id='word_1_137' title='bbox 1613 1070 1620 1110; x_wconf 94' lang='lat'>:</span> <span class='ocrx_word' id='word_1_138' title='bbox 1638 1058 1666 1110; x_wconf 90' lang='lat' dir='ltr'><em>et</em></span> <span class='ocrx_word' id='word_1_139' title='bbox 1686 1071 1719 1110; x_wconf 92' lang='lat' dir='ltr'><em>re</em></span> <span class='ocrx_word' id='word_1_140' title='bbox 1733 1055 1851 1127; x_wconf 86' lang='lat' dir='ltr'><em>quidem</em></span> 
     </span>
     <span class='ocr_line' id='line_1_11' title="bbox 88 1141 1850 1216; baseline -0.001 -16"><span class='ocrx_word' id='word_1_141' title='bbox 88 1145 213 1200; x_wconf 89' lang='lat' dir='ltr'><em>derebus</em></span> <span class='ocrx_word' id='word_1_142' title='bbox 227 1146 280 1200; x_wconf 89' lang='lat' dir='ltr'><em>tuis</em></span> <span class='ocrx_word' id='word_1_143' title='bbox 293 1146 395 1213; x_wconf 78' lang='lat' dir='ltr'><em>sedati,</em></span> <span class='ocrx_word' id='word_1_144' title='bbox 411 1144 484 1216; x_wconf 80' lang='lat' dir='ltr'><em>parad</em></span> <span class='ocrx_word' id='word_1_145' title='bbox 497 1145 655 1213; x_wconf 74' lang='lat' dir='ltr'><em>taciendam</em></span> <span class='ocrx_word' id='word_1_146' title='bbox 662 1147 771 1214; x_wconf 89' lang='lat' dir='ltr'><em>putasti</em></span> <span class='ocrx_word' id='word_1_147' title='bbox 785 1159 791 1198; x_wconf 90' lang='lat'>:</span> <span class='ocrx_word' id='word_1_148' title='bbox 807 1160 861 1199; x_wconf 84' lang='lat' dir='ltr'><em>rron</em></span> <span class='ocrx_word' id='word_1_149' title='bbox 874 1147 904 1199; x_wconf 91' lang='lat' dir='ltr'><em>ut</em></span> <span class='ocrx_word' id='word_1_150' title='bbox 919 1148 944 1199; x_wconf 94' lang='lat' dir='ltr'><em>te</em></span> <span class='ocrx_word' id='word_1_151' title='bbox 996 1141 1058 1213; x_wconf 88' lang='lat' dir='ltr'><em>ipsa</em></span> <span class='ocrx_word' id='word_1_152' title='bbox 1082 1157 1181 1197; x_wconf 87' lang='lat' dir='ltr'><em>curam</em></span> <span class='ocrx_word' id='word_1_153' title='bbox 1203 1141 1280 1197; x_wconf 91' lang='lat' dir='ltr'><em>illius</em></span> <span class='ocrx_word' id='word_1_154' title='bbox 1293 1158 1353 1196; x_wconf 92' lang='lat' dir='ltr'><em>uon</em></span> <span class='ocrx_word' id='word_1_155' title='bbox 1367 1141 1462 1197; x_wconf 87' lang='lat' dir='ltr'><em>solum</em></span> <span class='ocrx_word' id='word_1_156' title='bbox 1476 1141 1506 1197; x_wconf 94' lang='lat' dir='ltr'><em>in</em></span> <span class='ocrx_word' id='word_1_157' title='bbox 1520 1141 1654 1214; x_wconf 89' lang='lat' dir='ltr'><em>precibus</em></span> <span class='ocrx_word' id='word_1_158' title='bbox 1669 1143 1850 1214; x_wconf 84' lang='lat' dir='ltr'><em>spndbcum</em></span> 
     </span>
     <span class='ocr_line' id='line_1_12' title="bbox 85 1229 1850 1306; baseline 0.003 -16"><span class='ocrx_word' id='word_1_159' title='bbox 85 1237 215 1306; x_wconf 80' lang='lat' dir='ltr'><em>peniteat</em></span> <span class='ocrx_word' id='word_1_160' title='bbox 239 1235 368 1289; x_wconf 82' lang='lat' dir='ltr'><em>tribuisse</em></span> <span class='ocrx_word' id='word_1_161' title='bbox 389 1234 567 1304; x_wconf 73' lang='lat' dir='ltr'><em>pauperibus,</em></span> <span class='ocrx_word' id='word_1_162' title='bbox 585 1232 705 1289; x_wconf 88' lang='lat' dir='ltr'><em>sedeam</em></span> <span class='ocrx_word' id='word_1_163' title='bbox 726 1234 768 1289; x_wconf 85' lang='lat' dir='ltr'><em>tui</em></span> <span class='ocrx_word' id='word_1_164' title='bbox 781 1233 843 1289; x_wconf 91' lang='lat' dir='ltr'><em>boni</em></span> <span class='ocrx_word' id='word_1_165' title='bbox 855 1235 943 1304; x_wconf 85' lang='lat' dir='ltr'><em>operis</em></span> <span class='ocrx_word' id='word_1_166' title='bbox 996 1229 1137 1301; x_wconf 73' lang='lat' dir='ltr'><em>suscepit,</em></span> <span class='ocrx_word' id='word_1_167' title='bbox 1152 1245 1251 1285; x_wconf 75' lang='lat' dir='ltr'><em>verum</em></span> <span class='ocrx_word' id='word_1_168' title='bbox 1267 1229 1354 1286; x_wconf 68' lang='lat' dir='ltr'><em>etiam</em></span> <span class='ocrx_word' id='word_1_169' title='bbox 1368 1246 1434 1286; x_wconf 77' lang='lat' dir='ltr'><em>tum</em></span> <span class='ocrx_word' id='word_1_170' title='bbox 1444 1230 1480 1286; x_wconf 73' lang='lat' dir='ltr'><em>td</em></span> <span class='ocrx_word' id='word_1_171' title='bbox 1495 1231 1689 1302; x_wconf 70' lang='lat' dir='ltr'><em>ejusmflttem</em></span> <span class='ocrx_word' id='word_1_172' title='bbox 1704 1230 1850 1296; x_wconf 67' lang='lat' dir='ltr'><em>tedberti.</em></span> 
     </span>
     <span class='ocr_line' id='line_1_13' title="bbox 84 1317 1852 1396; baseline -0.001 -17"><span class='ocrx_word' id='word_1_173' title='bbox 84 1325 250 1396; x_wconf 82' lang='lat' dir='ltr'><em>participem</em></span> <span class='ocrx_word' id='word_1_174' title='bbox 270 1327 296 1378; x_wconf 90' lang='lat' dir='ltr'><em>et</em></span> <span class='ocrx_word' id='word_1_175' title='bbox 318 1322 514 1379; x_wconf 81' lang='lat' dir='ltr'><em>moderatorem</em></span> <span class='ocrx_word' id='word_1_176' title='bbox 539 1321 637 1377; x_wconf 79' lang='lat' dir='ltr'><em>taine</em></span> <span class='ocrx_word' id='word_1_177' title='bbox 661 1322 790 1378; x_wconf 87' lang='lat' dir='ltr'><em>notuisse.</em></span> <span class='ocrx_word' id='word_1_178' title='bbox 814 1323 943 1378; x_wconf 81' lang='lat' dir='ltr'><em>Promitte</em></span> <span class='ocrx_word' id='word_1_179' title='bbox 995 1318 1121 1389; x_wconf 90' lang='lat' dir='ltr'><em>plurima</em></span> <span class='ocrx_word' id='word_1_180' title='bbox 1135 1317 1177 1373; x_wconf 93' lang='lat' dir='ltr'><em>illi</em></span> <span class='ocrx_word' id='word_1_181' title='bbox 1187 1319 1360 1375; x_wconf 86' lang='lat' dir='ltr'><em>documenta</em></span> <span class='ocrx_word' id='word_1_182' title='bbox 1373 1319 1499 1376; x_wconf 83' lang='lat' dir='ltr'><em>tradidit.</em></span> <span class='ocrx_word' id='word_1_183' title='bbox 1511 1319 1566 1376; x_wconf 88' lang='lat' dir='ltr'><em>Sed</em></span> <span class='ocrx_word' id='word_1_184' title='bbox 1577 1320 1641 1392; x_wconf 88' lang='lat' dir='ltr'><em>ejus</em></span> <span class='ocrx_word' id='word_1_185' title='bbox 1653 1324 1747 1377; x_wconf 78' lang='lat' dir='ltr'><em>mater</em></span> <span class='ocrx_word' id='word_1_186' title='bbox 1755 1323 1852 1394; x_wconf 86' lang='lat' dir='ltr'><em>Augu·</em></span> 
     </span>
     <span class='ocr_line' id='line_1_14' title="bbox 88 1406 1849 1482; baseline -0.001 -14"><span class='ocrx_word' id='word_1_187' title='bbox 88 1413 121 1468; x_wconf 89' lang='lat' dir='ltr'><em>de</em></span> <span class='ocrx_word' id='word_1_188' title='bbox 136 1415 228 1468; x_wconf 81' lang='lat' dir='ltr'><em>catera</em></span> <span class='ocrx_word' id='word_1_189' title='bbox 243 1413 273 1466; x_wconf 92' lang='lat' dir='ltr'><em>in</em></span> <span class='ocrx_word' id='word_1_190' title='bbox 294 1411 431 1481; x_wconf 87' lang='lat' dir='ltr'><em>adjutorio</em></span> <span class='ocrx_word' id='word_1_191' title='bbox 452 1412 568 1477; x_wconf 84' lang='lat' dir='ltr'><em>bomini,</em></span> <span class='ocrx_word' id='word_1_192' title='bbox 583 1412 608 1466; x_wconf 91' lang='lat' dir='ltr'><em>si</em></span> <span class='ocrx_word' id='word_1_193' title='bbox 620 1415 646 1466; x_wconf 90' lang='lat' dir='ltr'><em>et</em></span> <span class='ocrx_word' id='word_1_194' title='bbox 659 1411 738 1466; x_wconf 90' lang='lat' dir='ltr'><em>ilium</em></span> <span class='ocrx_word' id='word_1_195' title='bbox 749 1425 804 1467; x_wconf 82' lang='lat' dir='ltr'><em>sua</em></span> <span class='ocrx_word' id='word_1_196' title='bbox 819 1413 943 1482; x_wconf 86' lang='lat' dir='ltr'><em>turpitu-</em></span> <span class='ocrx_word' id='word_1_197' title='bbox 996 1407 1071 1462; x_wconf 88' lang='lat' dir='ltr'><em>stine</em></span> <span class='ocrx_word' id='word_1_198' title='bbox 1091 1406 1247 1478; x_wconf 85' lang='lat' dir='ltr'><em>rescripsit,</em></span> <span class='ocrx_word' id='word_1_199' title='bbox 1262 1407 1342 1480; x_wconf 90' lang='lat' dir='ltr'><em>prius</em></span> <span class='ocrx_word' id='word_1_200' title='bbox 1360 1406 1451 1465; x_wconf 88' lang='lat' dir='ltr'><em>filiam</em></span> <span class='ocrx_word' id='word_1_201' title='bbox 1462 1409 1535 1464; x_wconf 81' lang='lat' dir='ltr'><em>velle</em></span> <span class='ocrx_word' id='word_1_202' title='bbox 1551 1408 1662 1466; x_wconf 85' lang='lat' dir='ltr'><em>litteras</em></span> <span class='ocrx_word' id='word_1_203' title='bbox 1675 1408 1714 1466; x_wconf 89' lang='lat' dir='ltr'><em>ab</em></span> <span class='ocrx_word' id='word_1_204' title='bbox 1728 1425 1763 1466; x_wconf 91' lang='lat' dir='ltr'><em>eo</em></span> <span class='ocrx_word' id='word_1_205' title='bbox 1776 1408 1849 1465; x_wconf 78' lang='lat' dir='ltr'><em>aeci·</em></span> 
     </span>
     <span class='ocr_line' id='line_1_15' title="bbox 89 1496 1850 1571; baseline -0.001 -15"><span class='ocrx_word' id='word_1_206' title='bbox 89 1501 163 1556; x_wconf 90' lang='lat' dir='ltr'><em>diuis</em></span> <span class='ocrx_word' id='word_1_207' title='bbox 175 1501 342 1571; x_wconf 79' lang='lat' dir='ltr'><em>penituerit,</em></span> <span class='ocrx_word' id='word_1_208' title='bbox 364 1504 390 1554; x_wconf 89' lang='lat' dir='ltr'><em>et</em></span> <span class='ocrx_word' id='word_1_209' title='bbox 409 1500 611 1566; x_wconf 89' lang='lat' dir='ltr'><em>continentiam,</em></span> <span class='ocrx_word' id='word_1_210' title='bbox 628 1514 710 1569; x_wconf 82' lang='lat' dir='ltr'><em>quam</em></span> <span class='ocrx_word' id='word_1_211' title='bbox 722 1499 850 1567; x_wconf 88' lang='lat' dir='ltr'><em>deseruit,</em></span> <span class='ocrx_word' id='word_1_212' title='bbox 863 1516 942 1571; x_wconf 88' lang='lat' dir='ltr'><em>repe-</em></span> <span class='ocrx_word' id='word_1_213' title='bbox 995 1512 1079 1568; x_wconf 88' lang='lat' dir='ltr'><em>pero;</em></span> <span class='ocrx_word' id='word_1_214' title='bbox 1096 1500 1157 1553; x_wconf 90' lang='lat' dir='ltr'><em>tum</em></span> <span class='ocrx_word' id='word_1_215' title='bbox 1172 1497 1289 1552; x_wconf 91' lang='lat' dir='ltr'><em>demum</em></span> <span class='ocrx_word' id='word_1_216' title='bbox 1309 1496 1500 1554; x_wconf 90' lang='lat' dir='ltr'><em>confidentius</em></span> <span class='ocrx_word' id='word_1_217' title='bbox 1523 1497 1705 1571; x_wconf 82' lang='lat' dir='ltr'><em>scripturam,</em></span> <span class='ocrx_word' id='word_1_218' title='bbox 1726 1513 1850 1571; x_wconf 86' lang='lat' dir='ltr'><em>eumque</em></span> 
     </span>
     <span class='ocr_line' id='line_1_16' title="bbox 88 1584 1849 1658; baseline -0.003 -12"><span class='ocrx_word' id='word_1_219' title='bbox 88 1590 190 1657; x_wconf 83' lang='lat' dir='ltr'><em>licerit,</em></span> <span class='ocrx_word' id='word_1_220' title='bbox 203 1594 228 1644; x_wconf 93' lang='lat' dir='ltr'><em>te</em></span> <span class='ocrx_word' id='word_1_221' title='bbox 241 1589 295 1656; x_wconf 88' lang='lat' dir='ltr'><em>iiii,</em></span> <span class='ocrx_word' id='word_1_222' title='bbox 308 1589 379 1645; x_wconf 89' lang='lat' dir='ltr'><em>sicut</em></span> <span class='ocrx_word' id='word_1_223' title='bbox 392 1589 475 1658; x_wconf 85' lang='lat' dir='ltr'><em>decet,</em></span> <span class='ocrx_word' id='word_1_224' title='bbox 490 1590 519 1643; x_wconf 90' lang='lat' dir='ltr'><em>in</em></span> <span class='ocrx_word' id='word_1_225' title='bbox 533 1588 657 1644; x_wconf 89' lang='lat' dir='ltr'><em>omnibus</em></span> <span class='ocrx_word' id='word_1_226' title='bbox 670 1590 844 1644; x_wconf 76' lang='lat' dir='ltr'><em>ser-situram.</em></span> <span class='ocrx_word' id='word_1_227' title='bbox 859 1588 943 1644; x_wconf 88' lang='lat' dir='ltr'><em>lubet</em></span> <span class='ocrx_word' id='word_1_228' title='bbox 997 1585 1032 1641; x_wconf 91' lang='lat' dir='ltr'><em>de</em></span> <span class='ocrx_word' id='word_1_229' title='bbox 1047 1584 1213 1641; x_wconf 87' lang='lat' dir='ltr'><em>necessariis</em></span> <span class='ocrx_word' id='word_1_230' title='bbox 1227 1587 1312 1643; x_wconf 90' lang='lat' dir='ltr'><em>rebus</em></span> <span class='ocrx_word' id='word_1_231' title='bbox 1326 1602 1387 1642; x_wconf 87' lang='lat' dir='ltr'><em>esse</em></span> <span class='ocrx_word' id='word_1_232' title='bbox 1403 1586 1607 1642; x_wconf 84' lang='lat' dir='ltr'><em>consulturum.</em></span> <span class='ocrx_word' id='word_1_233' title='bbox 1624 1586 1667 1643; x_wconf 91' lang='lat' dir='ltr'><em>Ad</em></span> <span class='ocrx_word' id='word_1_234' title='bbox 1682 1602 1749 1642; x_wconf 88' lang='lat' dir='ltr'><em>eam</em></span> <span class='ocrx_word' id='word_1_235' title='bbox 1762 1586 1849 1658; x_wconf 88' lang='lat' dir='ltr'><em>igitur</em></span> 
     </span>
     <span class='ocr_line' id='line_1_17' title="bbox 89 1674 1848 1749; baseline -0.001 -16"><span class='ocrx_word' id='word_1_236' title='bbox 89 1676 213 1749; x_wconf 87' lang='lat' dir='ltr'><em>denique</em></span> <span class='ocrx_word' id='word_1_237' title='bbox 228 1679 260 1732; x_wconf 91' lang='lat' dir='ltr'><em>ut</em></span> <span class='ocrx_word' id='word_1_238' title='bbox 274 1677 309 1732; x_wconf 86' lang='lat' dir='ltr'><em>ad</em></span> <span class='ocrx_word' id='word_1_239' title='bbox 323 1676 377 1731; x_wconf 85' lang='lat' dir='ltr'><em>viri</em></span> <span class='ocrx_word' id='word_1_240' title='bbox 392 1676 519 1732; x_wconf 89' lang='lat' dir='ltr'><em>animum</em></span> <span class='ocrx_word' id='word_1_241' title='bbox 538 1676 593 1732; x_wconf 94' lang='lat' dir='ltr'><em>sibi</em></span> <span class='ocrx_word' id='word_1_242' title='bbox 607 1676 819 1732; x_wconf 83' lang='lat' dir='ltr'><em>conciliandum</em></span> <span class='ocrx_word' id='word_1_243' title='bbox 834 1692 868 1733; x_wconf 91' lang='lat' dir='ltr'><em>eo</em></span> <span class='ocrx_word' id='word_1_244' title='bbox 882 1693 941 1733; x_wconf 87' lang='lat' dir='ltr'><em>me·</em></span> <span class='ocrx_word' id='word_1_245' title='bbox 996 1674 1111 1746; x_wconf 87' lang='lat' dir='ltr'><em>scripsit</em></span> <span class='ocrx_word' id='word_1_246' title='bbox 1127 1674 1314 1747; x_wconf 79' lang='lat' dir='ltr'><em>Augustinus,</em></span> <span class='ocrx_word' id='word_1_247' title='bbox 1330 1680 1363 1731; x_wconf 93' lang='lat' dir='ltr'><em>ut</em></span> <span class='ocrx_word' id='word_1_248' title='bbox 1375 1674 1402 1730; x_wconf 92' lang='lat' dir='ltr'><em>ei</em></span> <span class='ocrx_word' id='word_1_249' title='bbox 1415 1674 1528 1731; x_wconf 83' lang='lat' dir='ltr'><em>fiduciae</em></span> <span class='ocrx_word' id='word_1_250' title='bbox 1542 1675 1647 1730; x_wconf 91' lang='lat' dir='ltr'><em>ostium</em></span> <span class='ocrx_word' id='word_1_251' title='bbox 1659 1674 1802 1747; x_wconf 89' lang='lat' dir='ltr'><em>aperiret;</em></span> <span class='ocrx_word' id='word_1_252' title='bbox 1813 1675 1848 1731; x_wconf 86' lang='lat' dir='ltr'><em>si·</em></span> 
     </span>
     <span class='ocr_line' id='line_1_18' title="bbox 86 1763 1850 1838; baseline -0.001 -17"><span class='ocrx_word' id='word_1_253' title='bbox 86 1765 142 1838; x_wconf 85' lang='lat' dir='ltr'><em>jari</em></span> <span class='ocrx_word' id='word_1_254' title='bbox 158 1764 251 1821; x_wconf 91' lang='lat' dir='ltr'><em>studio</em></span> <span class='ocrx_word' id='word_1_255' title='bbox 266 1765 423 1834; x_wconf 90' lang='lat' dir='ltr'><em>incumbat,</em></span> <span class='ocrx_word' id='word_1_256' title='bbox 439 1765 515 1838; x_wconf 88' lang='lat' dir='ltr'><em>quod</em></span> <span class='ocrx_word' id='word_1_257' title='bbox 530 1765 602 1821; x_wconf 93' lang='lat' dir='ltr'><em>citra</em></span> <span class='ocrx_word' id='word_1_258' title='bbox 615 1764 689 1821; x_wconf 89' lang='lat' dir='ltr'><em>banc</em></span> <span class='ocrx_word' id='word_1_259' title='bbox 699 1765 861 1820; x_wconf 85' lang='lat' dir='ltr'><em>animorum</em></span> <span class='ocrx_word' id='word_1_260' title='bbox 877 1781 944 1820; x_wconf 91' lang='lat' dir='ltr'><em>con·</em></span> <span class='ocrx_word' id='word_1_261' title='bbox 995 1763 1114 1835; x_wconf 88' lang='lat' dir='ltr'><em>mulque</em></span> <span class='ocrx_word' id='word_1_262' title='bbox 1127 1780 1191 1819; x_wconf 86' lang='lat' dir='ltr'><em>eam</em></span> <span class='ocrx_word' id='word_1_263' title='bbox 1206 1764 1338 1820; x_wconf 77' lang='lat' dir='ltr'><em>hortatus</em></span> <span class='ocrx_word' id='word_1_264' title='bbox 1351 1767 1401 1832; x_wconf 90' lang='lat' dir='ltr'><em>est,</em></span> <span class='ocrx_word' id='word_1_265' title='bbox 1418 1767 1449 1819; x_wconf 93' lang='lat' dir='ltr'><em>ut</em></span> <span class='ocrx_word' id='word_1_266' title='bbox 1464 1769 1610 1835; x_wconf 92' lang='lat' dir='ltr'><em>promeret</em></span> <span class='ocrx_word' id='word_1_267' title='bbox 1623 1763 1698 1835; x_wconf 86' lang='lat' dir='ltr'><em>ipsa,</em></span> <span class='ocrx_word' id='word_1_268' title='bbox 1712 1764 1738 1820; x_wconf 89' lang='lat' dir='ltr'><em>si</em></span> <span class='ocrx_word' id='word_1_269' title='bbox 1751 1763 1850 1837; x_wconf 82' lang='lat' dir='ltr'><em>quida</em></span> 
     </span>
     <span class='ocr_line' id='line_1_19' title="bbox 90 1852 1851 1927; baseline -0.001 -17"><span class='ocrx_word' id='word_1_270' title='bbox 90 1854 216 1911; x_wconf 90' lang='lat' dir='ltr'><em>cordiam</em></span> <span class='ocrx_word' id='word_1_271' title='bbox 235 1853 312 1910; x_wconf 89' lang='lat' dir='ltr'><em>filius</em></span> <span class='ocrx_word' id='word_1_272' title='bbox 326 1854 387 1926; x_wconf 71' lang='lat' dir='ltr'><em>eius</em></span> <span class='ocrx_word' id='word_1_273' title='bbox 410 1854 440 1909; x_wconf 94' lang='lat' dir='ltr'><em>in</em></span> <span class='ocrx_word' id='word_1_274' title='bbox 452 1853 554 1909; x_wconf 90' lang='lat' dir='ltr'><em>limare</em></span> <span class='ocrx_word' id='word_1_275' title='bbox 567 1854 617 1910; x_wconf 87' lang='lat' dir='ltr'><em>Dei</em></span> <span class='ocrx_word' id='word_1_276' title='bbox 632 1859 660 1910; x_wconf 90' lang='lat' dir='ltr'><em>et</em></span> <span class='ocrx_word' id='word_1_277' title='bbox 674 1853 824 1926; x_wconf 86' lang='lat' dir='ltr'><em>sapientia,</em></span> <span class='ocrx_word' id='word_1_278' title='bbox 836 1858 869 1910; x_wconf 91' lang='lat' dir='ltr'><em>ut</em></span> <span class='ocrx_word' id='word_1_279' title='bbox 881 1854 942 1927; x_wconf 92' lang='lat' dir='ltr'><em>ipsa</em></span> <span class='ocrx_word' id='word_1_280' title='bbox 996 1867 1025 1907; x_wconf 86' lang='lat' dir='ltr'><em>se</em></span> <span class='ocrx_word' id='word_1_281' title='bbox 1040 1853 1227 1924; x_wconf 87' lang='lat' dir='ltr'><em>qnaerendum</em></span> <span class='ocrx_word' id='word_1_282' title='bbox 1242 1858 1365 1924; x_wconf 89' lang='lat' dir='ltr'><em>putaret.</em></span> <span class='ocrx_word' id='word_1_283' title='bbox 1382 1854 1593 1922; x_wconf 89' lang='lat' dir='ltr'><em>Autcnimscia,</em></span> <span class='ocrx_word' id='word_1_284' title='bbox 1603 1852 1710 1926; x_wconf 84' lang='lat' dir='ltr'><em>inquit,</em></span> <span class='ocrx_word' id='word_1_285' title='bbox 1726 1853 1802 1924; x_wconf 80' lang='lat' dir='ltr'><em>quod</em></span> <span class='ocrx_word' id='word_1_286' title='bbox 1810 1856 1851 1908; x_wconf 89' lang='lat' dir='ltr'><em>in·</em></span> 
     </span>
     <span class='ocr_line' id='line_1_20' title="bbox 89 1941 1851 2016; baseline 0 -16"><span class='ocrx_word' id='word_1_287' title='bbox 89 1942 216 2016; x_wconf 87' lang='lat' dir='ltr'><em>optabat,</em></span> <span class='ocrx_word' id='word_1_288' title='bbox 231 1941 345 1998; x_wconf 89' lang='lat' dir='ltr'><em>educari</em></span> <span class='ocrx_word' id='word_1_289' title='bbox 361 1959 420 1998; x_wconf 92' lang='lat' dir='ltr'><em>non</em></span> <span class='ocrx_word' id='word_1_290' title='bbox 444 1947 558 2014; x_wconf 90' lang='lat' dir='ltr'><em>posset;</em></span> <span class='ocrx_word' id='word_1_291' title='bbox 580 1959 645 1998; x_wconf 90' lang='lat' dir='ltr'><em>cum</em></span> <span class='ocrx_word' id='word_1_292' title='bbox 668 1947 743 1998; x_wconf 90' lang='lat' dir='ltr'><em>esset</em></span> <span class='ocrx_word' id='word_1_293' title='bbox 756 1942 787 1997; x_wconf 90' lang='lat' dir='ltr'><em>in</em></span> <span class='ocrx_word' id='word_1_294' title='bbox 801 1947 942 2015; x_wconf 86' lang='lat' dir='ltr'><em>potestate</em></span> <span class='ocrx_word' id='word_1_295' title='bbox 996 1942 1136 2011; x_wconf 80' lang='lat' dir='ltr'><em>puisieris3</em></span> <span class='ocrx_word' id='word_1_296' title='bbox 1153 1945 1178 1997; x_wconf 89' lang='lat' dir='ltr'><em>et</em></span> <span class='ocrx_word' id='word_1_297' title='bbox 1198 1958 1252 1997; x_wconf 90' lang='lat' dir='ltr'><em>nen</em></span> <span class='ocrx_word' id='word_1_298' title='bbox 1265 1943 1366 2011; x_wconf 78' lang='lat' dir='ltr'><em>negaba</em></span> <span class='ocrx_word' id='word_1_299' title='bbox 1386 1947 1458 1999; x_wconf 87' lang='lat' dir='ltr'><em>:aut</em></span> <span class='ocrx_word' id='word_1_300' title='bbox 1478 1945 1627 2009; x_wconf 75' lang='lat' dir='ltr'><em>itanescia</em></span> <span class='ocrx_word' id='word_1_301' title='bbox 1640 1947 1672 1998; x_wconf 92' lang='lat' dir='ltr'><em>ut</em></span> <span class='ocrx_word' id='word_1_302' title='bbox 1689 1943 1766 2000; x_wconf 84' lang='lat' dir='ltr'><em>nuile</em></span> <span class='ocrx_word' id='word_1_303' title='bbox 1789 1942 1851 2013; x_wconf 79' lang='lat' dir='ltr'><em>lidei</em></span> 
     </span>
     <span class='ocr_line' id='line_1_21' title="bbox 89 2031 1851 2107; baseline -0.002 -19"><span class='ocrx_word' id='word_1_304' title='bbox 89 2031 187 2107; x_wconf 89' lang='lat' dir='ltr'><em>patris,</em></span> <span class='ocrx_word' id='word_1_305' title='bbox 212 2035 240 2087; x_wconf 92' lang='lat' dir='ltr'><em>et</em></span> <span class='ocrx_word' id='word_1_306' title='bbox 259 2031 328 2087; x_wconf 92' lang='lat' dir='ltr'><em>huic</em></span> <span class='ocrx_word' id='word_1_307' title='bbox 348 2032 414 2102; x_wconf 88' lang='lat' dir='ltr'><em>jure</em></span> <span class='ocrx_word' id='word_1_308' title='bbox 437 2031 567 2103; x_wconf 92' lang='lat' dir='ltr'><em>poscenti</em></span> <span class='ocrx_word' id='word_1_309' title='bbox 580 2036 654 2087; x_wconf 86' lang='lat' dir='ltr'><em>esset</em></span> <span class='ocrx_word' id='word_1_310' title='bbox 666 2032 825 2088; x_wconf 88' lang='lat' dir='ltr'><em>necessario</em></span> <span class='ocrx_word' id='word_1_311' title='bbox 840 2048 941 2087; x_wconf 89' lang='lat' dir='ltr'><em>couce-</em></span> <span class='ocrx_word' id='word_1_312' title='bbox 994 2031 1145 2099; x_wconf 81' lang='lat' dir='ltr'><em>salutisque</em></span> <span class='ocrx_word' id='word_1_313' title='bbox 1158 2031 1318 2087; x_wconf 87' lang='lat' dir='ltr'><em>detrimento</em></span> <span class='ocrx_word' id='word_1_314' title='bbox 1331 2033 1460 2099; x_wconf 87' lang='lat' dir='ltr'><em>nesciam,</em></span> <span class='ocrx_word' id='word_1_315' title='bbox 1476 2037 1501 2087; x_wconf 90' lang='lat' dir='ltr'><em>ct</em></span> <span class='ocrx_word' id='word_1_316' title='bbox 1513 2032 1546 2086; x_wconf 85' lang='lat' dir='ltr'><em>dc</em></span> <span class='ocrx_word' id='word_1_317' title='bbox 1558 2031 1606 2087; x_wconf 85' lang='lat' dir='ltr'><em>bac</em></span> <span class='ocrx_word' id='word_1_318' title='bbox 1620 2033 1704 2087; x_wconf 88' lang='lat' dir='ltr'><em>etiam</em></span> <span class='ocrx_word' id='word_1_319' title='bbox 1713 2035 1740 2087; x_wconf 93' lang='lat' dir='ltr'><em>te</em></span> <span class='ocrx_word' id='word_1_320' title='bbox 1752 2032 1851 2102; x_wconf 79' lang='lat' dir='ltr'><em>ipsam,</em></span> 
     </span>
     <span class='ocr_line' id='line_1_22' title="bbox 88 2119 1850 2193; baseline 0 -16"><span class='ocrx_word' id='word_1_321' title='bbox 88 2121 199 2177; x_wconf 88' lang='lat' dir='ltr'><em>dendus</em></span> <span class='ocrx_word' id='word_1_322' title='bbox 214 2121 310 2191; x_wconf 81' lang='lat' dir='ltr'><em>(Epist.</em></span> <span class='ocrx_word' id='word_1_323' title='bbox 322 2121 397 2191; x_wconf 78' lang='lat' dir='ltr'><em>aar).</em></span> <span class='ocrx_word' id='word_1_324' title='bbox 412 2120 494 2183; x_wconf 84' lang='lat' dir='ltr'><em>Quod</em></span> <span class='ocrx_word' id='word_1_325' title='bbox 506 2119 553 2175; x_wconf 92' lang='lat' dir='ltr'><em>hic</em></span> <span class='ocrx_word' id='word_1_326' title='bbox 565 2120 663 2176; x_wconf 90' lang='lat' dir='ltr'><em>scribit</em></span> <span class='ocrx_word' id='word_1_327' title='bbox 675 2121 863 2193; x_wconf 87' lang='lat' dir='ltr'><em>Augustinus,</em></span> <span class='ocrx_word' id='word_1_328' title='bbox 876 2137 942 2176; x_wconf 91' lang='lat' dir='ltr'><em>con·</em></span> <span class='ocrx_word' id='word_1_329' title='bbox 994 2121 1020 2174; x_wconf 89' lang='lat' dir='ltr'><em>si</em></span> <span class='ocrx_word' id='word_1_330' title='bbox 1031 2125 1153 2189; x_wconf 86' lang='lat' dir='ltr'><em>potuero,</em></span> <span class='ocrx_word' id='word_1_331' title='bbox 1172 2121 1274 2187; x_wconf 78' lang='lat' dir='ltr'><em>luciam</em></span> <span class='ocrx_word' id='word_1_332' title='bbox 1293 2120 1404 2176; x_wconf 89' lang='lat' dir='ltr'><em>reddita</em></span> <span class='ocrx_word' id='word_1_333' title='bbox 1422 2123 1528 2177; x_wconf 88' lang='lat' dir='ltr'><em>ratione</em></span> <span class='ocrx_word' id='word_1_334' title='bbox 1550 2136 1683 2176; x_wconf 89' lang='lat' dir='ltr'><em>securam.</em></span> <span class='ocrx_word' id='word_1_335' title='bbox 1708 2119 1770 2176; x_wconf 87' lang='lat' dir='ltr'><em>Aut</em></span> <span class='ocrx_word' id='word_1_336' title='bbox 1783 2125 1850 2177; x_wconf 84' lang='lat' dir='ltr'><em>certe</em></span> 
     </span>
     <span class='ocr_line' id='line_1_23' title="bbox 86 2207 1846 2281; baseline 0.001 -18"><span class='ocrx_word' id='word_1_337' title='bbox 86 2209 202 2281; x_wconf 87' lang='lat' dir='ltr'><em>jugatas</em></span> <span class='ocrx_word' id='word_1_338' title='bbox 219 2207 353 2262; x_wconf 73' lang='lat' dir='ltr'><em>videlicet</em></span> <span class='ocrx_word' id='word_1_339' title='bbox 371 2207 506 2262; x_wconf 85' lang='lat' dir='ltr'><em>mulieres</em></span> <span class='ocrx_word' id='word_1_340' title='bbox 524 2225 607 2279; x_wconf 90' lang='lat' dir='ltr'><em>posse</em></span> <span class='ocrx_word' id='word_1_341' title='bbox 621 2207 651 2263; x_wconf 92' lang='lat' dir='ltr'><em>in</em></span> <span class='ocrx_word' id='word_1_342' title='bbox 666 2209 789 2281; x_wconf 92' lang='lat' dir='ltr'><em>superbo</em></span> <span class='ocrx_word' id='word_1_343' title='bbox 804 2209 880 2264; x_wconf 85' lang='lat' dir='ltr'><em>cultu</em></span> <span class='ocrx_word' id='word_1_344' title='bbox 893 2224 943 2264; x_wconf 93' lang='lat' dir='ltr'><em>cor</em></span> <span class='ocrx_word' id='word_1_345' title='bbox 995 2209 1021 2262; x_wconf 87' lang='lat' dir='ltr'><em>si</em></span> <span class='ocrx_word' id='word_1_346' title='bbox 1032 2211 1057 2262; x_wconf 89' lang='lat' dir='ltr'><em>et</em></span> <span class='ocrx_word' id='word_1_347' title='bbox 1071 2210 1169 2277; x_wconf 88' lang='lat' dir='ltr'><em>nescio,</em></span> <span class='ocrx_word' id='word_1_348' title='bbox 1183 2212 1209 2262; x_wconf 90' lang='lat' dir='ltr'><em>ct</em></span> <span class='ocrx_word' id='word_1_349' title='bbox 1223 2211 1311 2263; x_wconf 91' lang='lat' dir='ltr'><em>tamen</em></span> <span class='ocrx_word' id='word_1_350' title='bbox 1324 2209 1462 2264; x_wconf 85' lang='lat' dir='ltr'><em>sciendum</em></span> <span class='ocrx_word' id='word_1_351' title='bbox 1473 2213 1522 2276; x_wconf 87' lang='lat' dir='ltr'><em>est,</em></span> <span class='ocrx_word' id='word_1_352' title='bbox 1538 2209 1581 2263; x_wconf 89' lang='lat' dir='ltr'><em>aei</em></span> <span class='ocrx_word' id='word_1_353' title='bbox 1594 2209 1749 2279; x_wconf 88' lang='lat' dir='ltr'><em>impetrabo</em></span> <span class='ocrx_word' id='word_1_354' title='bbox 1762 2225 1782 2264; x_wconf 87' lang='lat' dir='ltr'><em>a</em></span> <span class='ocrx_word' id='word_1_355' title='bbox 1793 2212 1846 2265; x_wconf 84' lang='lat' dir='ltr'><em>Ito-</em></span> 
     </span>
     <span class='ocr_line' id='line_1_24' title="bbox 89 2294 1844 2367; baseline -0.001 -14"><span class='ocrx_word' id='word_1_356' title='bbox 89 2295 200 2353; x_wconf 87' lang='lat' dir='ltr'><em>bumile</em></span> <span class='ocrx_word' id='word_1_357' title='bbox 215 2311 338 2364; x_wconf 83' lang='lat' dir='ltr'><em>serrare,</em></span> <span class='ocrx_word' id='word_1_358' title='bbox 354 2295 378 2350; x_wconf 88' lang='lat' dir='ltr'><em>si</em></span> <span class='ocrx_word' id='word_1_359' title='bbox 392 2312 426 2351; x_wconf 90' lang='lat' dir='ltr'><em>ea</em></span> <span class='ocrx_word' id='word_1_360' title='bbox 439 2300 551 2352; x_wconf 89' lang='lat' dir='ltr'><em>tautum</em></span> <span class='ocrx_word' id='word_1_361' title='bbox 566 2296 624 2353; x_wconf 87' lang='lat' dir='ltr'><em>tine</em></span> <span class='ocrx_word' id='word_1_362' title='bbox 639 2313 669 2352; x_wconf 89' lang='lat' dir='ltr'><em>se</em></span> <span class='ocrx_word' id='word_1_363' title='bbox 682 2301 793 2364; x_wconf 90' lang='lat' dir='ltr'><em>ornent,</em></span> <span class='ocrx_word' id='word_1_364' title='bbox 808 2303 841 2354; x_wconf 91' lang='lat' dir='ltr'><em>ut</em></span> <span class='ocrx_word' id='word_1_365' title='bbox 854 2299 941 2353; x_wconf 90' lang='lat' dir='ltr'><em>mari·</em></span> <span class='ocrx_word' id='word_1_366' title='bbox 995 2295 1078 2361; x_wconf 89' lang='lat' dir='ltr'><em>mino,</em></span> <span class='ocrx_word' id='word_1_367' title='bbox 1103 2309 1136 2349; x_wconf 92' lang='lat' dir='ltr'><em>ne</em></span> <span class='ocrx_word' id='word_1_368' title='bbox 1156 2294 1208 2349; x_wconf 87' lang='lat' dir='ltr'><em>tibi</em></span> <span class='ocrx_word' id='word_1_369' title='bbox 1221 2294 1322 2362; x_wconf 70' lang='lat' dir='ltr'><em>desim·</em></span> <span class='ocrx_word' id='word_1_370' title='bbox 1346 2311 1410 2350; x_wconf 93' lang='lat' dir='ltr'><em>nam</em></span> <span class='ocrx_word' id='word_1_371' title='bbox 1424 2311 1494 2366; x_wconf 89' lang='lat' dir='ltr'><em>saepe</em></span> <span class='ocrx_word' id='word_1_372' title='bbox 1514 2296 1634 2365; x_wconf 72' lang='lat' dir='ltr'><em>efficium</em></span> <span class='ocrx_word' id='word_1_373' title='bbox 1659 2295 1844 2367; x_wconf 85' lang='lat' dir='ltr'><em>impertiendi,</em></span> 
     </span>
     <span class='ocr_line' id='line_1_25' title="bbox 89 2383 1849 2459; baseline 0.002 -20"><span class='ocrx_word' id='word_1_374' title='bbox 89 2385 125 2440; x_wconf 90' lang='lat' dir='ltr'><em>tis</em></span> <span class='ocrx_word' id='word_1_375' title='bbox 148 2384 207 2440; x_wconf 88' lang='lat' dir='ltr'><em>suis</em></span> <span class='ocrx_word' id='word_1_376' title='bbox 234 2383 438 2457; x_wconf 90' lang='lat' dir='ltr'><em>obsequantur,</em></span> <span class='ocrx_word' id='word_1_377' title='bbox 460 2391 685 2441; x_wconf 89' lang='lat' dir='ltr'><em>consentaneum</em></span> <span class='ocrx_word' id='word_1_378' title='bbox 706 2391 748 2442; x_wconf 90' lang='lat' dir='ltr'><em>est</em></span> <span class='ocrx_word' id='word_1_379' title='bbox 765 2386 802 2442; x_wconf 91' lang='lat' dir='ltr'><em>iis</em></span> <span class='ocrx_word' id='word_1_380' title='bbox 816 2404 880 2459; x_wconf 85' lang='lat' dir='ltr'><em>quoe</em></span> <span class='ocrx_word' id='word_1_381' title='bbox 906 2388 941 2443; x_wconf 89' lang='lat' dir='ltr'><em>ad</em></span> <span class='ocrx_word' id='word_1_382' title='bbox 995 2383 1849 2455; x_wconf 73' lang='lat' dir='ltr'><em>nantemesracapieudl:eetitarrbirrsponaebo‚urmrertr</em></span> 
     </span>
     <span class='ocr_line' id='line_1_26' title="bbox 90 2472 1849 2548; baseline 0.001 -20"><span class='ocrx_word' id='word_1_383' title='bbox 90 2472 252 2528; x_wconf 90' lang='lat' dir='ltr'><em>Possidium</em></span> <span class='ocrx_word' id='word_1_384' title='bbox 265 2472 363 2529; x_wconf 91' lang='lat' dir='ltr'><em>scribit</em></span> <span class='ocrx_word' id='word_1_385' title='bbox 378 2489 385 2528; x_wconf 92' lang='lat'>:</span> <span class='ocrx_word' id='word_1_386' title='bbox 400 2479 570 2529; x_wconf 89' lang='lat' dir='ltr'><em>ornamenta</em></span> <span class='ocrx_word' id='word_1_387' title='bbox 586 2491 644 2530; x_wconf 91' lang='lat' dir='ltr'><em>nou</em></span> <span class='ocrx_word' id='word_1_388' title='bbox 654 2491 715 2531; x_wconf 86' lang='lat' dir='ltr'><em>esse</em></span> <span class='ocrx_word' id='word_1_389' title='bbox 725 2475 884 2548; x_wconf 86' lang='lat' dir='ltr'><em>conjugatis</em></span> <span class='ocrx_word' id='word_1_390' title='bbox 895 2476 943 2530; x_wconf 91' lang='lat' dir='ltr'><em>ab·</em></span> <span class='ocrx_word' id='word_1_391' title='bbox 993 2486 1045 2542; x_wconf 88' lang='lat' dir='ltr'><em>pro</em></span> <span class='ocrx_word' id='word_1_392' title='bbox 1055 2472 1105 2527; x_wconf 86' lang='lat' dir='ltr'><em>Aac</em></span> <span class='ocrx_word' id='word_1_393' title='bbox 1117 2475 1179 2542; x_wconf 89' lang='lat' dir='ltr'><em>ipsa</em></span> <span class='ocrx_word' id='word_1_394' title='bbox 1188 2489 1227 2541; x_wconf 91' lang='lat' dir='ltr'><em>rc,</em></span> <span class='ocrx_word' id='word_1_395' title='bbox 1239 2489 1321 2543; x_wconf 83' lang='lat' dir='ltr'><em>paam</em></span> <span class='ocrx_word' id='word_1_396' title='bbox 1329 2475 1437 2544; x_wconf 90' lang='lat' dir='ltr'><em>pariter</em></span> <span class='ocrx_word' id='word_1_397' title='bbox 1447 2475 1587 2542; x_wconf 78' lang='lat' dir='ltr'><em>assumus,</em></span> <span class='ocrx_word' id='word_1_398' title='bbox 1597 2474 1635 2529; x_wconf 89' lang='lat' dir='ltr'><em>ad</em></span> <span class='ocrx_word' id='word_1_399' title='bbox 1647 2489 1729 2543; x_wconf 79' lang='lat' dir='ltr'><em>quem</em></span> <span class='ocrx_word' id='word_1_400' title='bbox 1738 2475 1849 2545; x_wconf 81' lang='lat' dir='ltr'><em>patrare</em></span> 
     </span>
     <span class='ocr_line' id='line_1_27' title="bbox 89 2561 1847 2637; baseline 0.002 -20"><span class='ocrx_word' id='word_1_401' title='bbox 89 2562 184 2618; x_wconf 89' lang='lat' dir='ltr'><em>solute</em></span> <span class='ocrx_word' id='word_1_402' title='bbox 201 2561 391 2635; x_wconf 86' lang='lat' dir='ltr'><em>prohibenda,</em></span> <span class='ocrx_word' id='word_1_403' title='bbox 416 2567 522 2634; x_wconf 81' lang='lat' dir='ltr'><em>praeter</em></span> <span class='ocrx_word' id='word_1_404' title='bbox 535 2563 692 2635; x_wconf 90' lang='lat' dir='ltr'><em>pigmenta,</em></span> <span class='ocrx_word' id='word_1_405' title='bbox 708 2568 736 2620; x_wconf 89' lang='lat' dir='ltr'><em>ct</em></span> <span class='ocrx_word' id='word_1_406' title='bbox 757 2581 867 2637; x_wconf 80' lang='lat' dir='ltr'><em>eaquae</em></span> <span class='ocrx_word' id='word_1_407' title='bbox 882 2582 941 2620; x_wconf 89' lang='lat' dir='ltr'><em>ma-</em></span> <span class='ocrx_word' id='word_1_408' title='bbox 996 2561 1147 2617; x_wconf 80' lang='lat' dir='ltr'><em>debeamus.</em></span> <span class='ocrx_word' id='word_1_409' title='bbox 1163 2564 1224 2618; x_wconf 77' lang='lat' dir='ltr'><em>aar</em></span> <span class='ocrx_word' id='word_1_410' title='bbox 1246 2563 1306 2618; x_wconf 89' lang='lat' dir='ltr'><em>ideo</em></span> <span class='ocrx_word' id='word_1_411' title='bbox 1326 2564 1488 2633; x_wconf 76' lang='lat' dir='ltr'><em>pratorum</em></span> <span class='ocrx_word' id='word_1_412' title='bbox 1507 2578 1576 2630; x_wconf 90' lang='lat' dir='ltr'><em>sum,</em></span> <span class='ocrx_word' id='word_1_413' title='bbox 1600 2578 1634 2617; x_wconf 89' lang='lat' dir='ltr'><em>ne</em></span> <span class='ocrx_word' id='word_1_414' title='bbox 1655 2568 1681 2618; x_wconf 90' lang='lat' dir='ltr'><em>te</em></span> <span class='ocrx_word' id='word_1_415' title='bbox 1700 2579 1756 2634; x_wconf 86' lang='lat' dir='ltr'><em>pro</em></span> <span class='ocrx_word' id='word_1_416' title='bbox 1777 2568 1847 2621; x_wconf 64' lang='lat' dir='ltr'><em>ente</em></span> 
     </span>
     <span class='ocr_line' id='line_1_28' title="bbox 92 2650 1848 2724; baseline 0.001 -18"><span class='ocrx_word' id='word_1_417' title='bbox 92 2650 185 2723; x_wconf 90' lang='lat' dir='ltr'><em>gicam</em></span> <span class='ocrx_word' id='word_1_418' title='bbox 200 2650 433 2724; x_wconf 88' lang='lat' dir='ltr'><em>superstitionem</em></span> <span class='ocrx_word' id='word_1_419' title='bbox 448 2651 580 2707; x_wconf 87' lang='lat' dir='ltr'><em>redolent</em></span> <span class='ocrx_word' id='word_1_420' title='bbox 595 2652 692 2723; x_wconf 84' lang='lat' dir='ltr'><em>(ltpist.</em></span> <span class='ocrx_word' id='word_1_421' title='bbox 708 2653 781 2723; x_wconf 69' lang='lat' dir='ltr'><em>als).</em></span> <span class='ocrx_word' id='word_1_422' title='bbox 995 2665 1084 2720; x_wconf 90' lang='lat' dir='ltr'><em>speres</em></span> <span class='ocrx_word' id='word_1_423' title='bbox 1098 2650 1235 2720; x_wconf 59' lang='lat' dir='ltr'><em>arrupuid</em></span> <span class='ocrx_word' id='word_1_424' title='bbox 1248 2667 1266 2706; x_wconf 90' lang='lat' dir='ltr'><em>a</em></span> <span class='ocrx_word' id='word_1_425' title='bbox 1279 2666 1321 2706; x_wconf 90' lang='lat' dir='ltr'><em>me</em></span> <span class='ocrx_word' id='word_1_426' title='bbox 1334 2652 1489 2721; x_wconf 80' lang='lat' dir='ltr'><em>parasiceris</em></span> <span class='ocrx_word' id='word_1_427' title='bbox 1504 2650 1677 2718; x_wconf 88' lang='lat' dir='ltr'><em>audituram;</em></span> <span class='ocrx_word' id='word_1_428' title='bbox 1691 2655 1718 2707; x_wconf 88' lang='lat' dir='ltr'><em>et</em></span> <span class='ocrx_word' id='word_1_429' title='bbox 1733 2652 1848 2709; x_wconf 81' lang='lat' dir='ltr'><em>camiac</em></span> 
     </span>
     <span class='ocr_line' id='line_1_29' title="bbox 125 2739 1848 2812; baseline 0 -15"><span class='ocrx_word' id='word_1_430' title='bbox 125 2744 152 2798; x_wconf 88' lang='grc'><em>6.</em></span> <span class='ocrx_word' id='word_1_431' title='bbox 181 2741 210 2798; x_wconf 88' lang='lat' dir='ltr'><em>Si</em></span> <span class='ocrx_word' id='word_1_432' title='bbox 242 2739 405 2797; x_wconf 83' lang='lat' dir='ltr'><em>vehementi</em></span> <span class='ocrx_word' id='word_1_433' title='bbox 433 2740 561 2795; x_wconf 90' lang='lat' dir='ltr'><em>oratione</em></span> <span class='ocrx_word' id='word_1_434' title='bbox 591 2740 748 2797; x_wconf 82' lang='lat' dir='ltr'><em>insectatur</em></span> <span class='ocrx_word' id='word_1_435' title='bbox 775 2741 941 2811; x_wconf 81' lang='lat' dir='ltr'><em>Ecdicium,</em></span> <span class='ocrx_word' id='word_1_436' title='bbox 995 2754 1048 2793; x_wconf 87' lang='lat' dir='ltr'><em>non</em></span> <span class='ocrx_word' id='word_1_437' title='bbox 1061 2741 1224 2810; x_wconf 83' lang='lat' dir='ltr'><em>praecurrit,</em></span> <span class='ocrx_word' id='word_1_438' title='bbox 1239 2739 1369 2794; x_wconf 79' lang='lat' dir='ltr'><em>audacter</em></span> <span class='ocrx_word' id='word_1_439' title='bbox 1379 2741 1472 2811; x_wconf 89' lang='lat' dir='ltr'><em>potius</em></span> <span class='ocrx_word' id='word_1_440' title='bbox 1491 2755 1573 2809; x_wconf 83' lang='lat' dir='ltr'><em>quam</em></span> <span class='ocrx_word' id='word_1_441' title='bbox 1584 2740 1791 2812; x_wconf 82' lang='lat' dir='ltr'><em>prudenter-me</em></span> <span class='ocrx_word' id='word_1_442' title='bbox 1808 2744 1848 2811; x_wconf 67' lang='lat' dir='ltr'><em>te</em></span> 
     </span>
     <span class='ocr_line' id='line_1_30' title="bbox 91 2813 1850 2903; baseline -0.001 -16"><span class='ocrx_word' id='word_1_443' title='bbox 91 2832 177 2903; x_wconf 90' lang='lat' dir='ltr'><em>longe</em></span> <span class='ocrx_word' id='word_1_444' title='bbox 191 2829 370 2903; x_wconf 85' lang='lat' dir='ltr'><em>gravioribus</em></span> <span class='ocrx_word' id='word_1_445' title='bbox 382 2813 475 2885; x_wconf 84' lang='lat' dir='ltr'><em>ve&#39;rbis</em></span> <span class='ocrx_word' id='word_1_446' title='bbox 490 2829 624 2902; x_wconf 86' lang='lat' dir='ltr'><em>objurgat</em></span> <span class='ocrx_word' id='word_1_447' title='bbox 638 2830 813 2900; x_wconf 86' lang='lat' dir='ltr'><em>Cornelium,</em></span> <span class='ocrx_word' id='word_1_448' title='bbox 822 2831 944 2903; x_wconf 89' lang='lat' dir='ltr'><em>quiper·</em></span> <span class='ocrx_word' id='word_1_449' title='bbox 996 2828 1062 2882; x_wconf 86' lang='lat' dir='ltr'><em>cisse</em></span> <span class='ocrx_word' id='word_1_450' title='bbox 1073 2827 1227 2897; x_wconf 80' lang='lat' dir='ltr'><em>arbitreris,</em></span> <span class='ocrx_word' id='word_1_451' title='bbox 1240 2827 1313 2897; x_wconf 81' lang='lat' dir='ltr'><em>qued</em></span> <span class='ocrx_word' id='word_1_452' title='bbox 1328 2828 1379 2883; x_wconf 84' lang='lat' dir='ltr'><em>tili</em></span> <span class='ocrx_word' id='word_1_453' title='bbox 1387 2829 1534 2898; x_wconf 78' lang='lat' dir='ltr'><em>quarendi,</em></span> <span class='ocrx_word' id='word_1_454' title='bbox 1550 2831 1576 2884; x_wconf 89' lang='lat' dir='ltr'><em>si</em></span> <span class='ocrx_word' id='word_1_455' title='bbox 1585 2829 1655 2899; x_wconf 81' lang='lat' dir='ltr'><em>quid</em></span> <span class='ocrx_word' id='word_1_456' title='bbox 1663 2831 1746 2898; x_wconf 68' lang='lat' dir='ltr'><em>coiea</em></span> <span class='ocrx_word' id='word_1_457' title='bbox 1761 2831 1850 2897; x_wconf 74' lang='lat' dir='ltr'><em>tomi·</em></span> 
     </span>
     <span class='ocr_line' id='line_1_31' title="bbox 91 2915 1851 2990; baseline 0.001 -16"><span class='ocrx_word' id='word_1_458' title='bbox 91 2917 279 2990; x_wconf 85' lang='lat' dir='ltr'><em>niciosissimo</em></span> <span class='ocrx_word' id='word_1_459' title='bbox 307 2917 526 2974; x_wconf 77' lang='lat' dir='ltr'><em>Manichaeorum</em></span> <span class='ocrx_word' id='word_1_460' title='bbox 554 2934 652 2975; x_wconf 91' lang='lat' dir='ltr'><em>errore</em></span> <span class='ocrx_word' id='word_1_461' title='bbox 676 2920 770 2975; x_wconf 88' lang='lat' dir='ltr'><em>tuerat</em></span> <span class='ocrx_word' id='word_1_462' title='bbox 794 2919 862 2974; x_wconf 91' lang='lat' dir='ltr'><em>olim</em></span> <span class='ocrx_word' id='word_1_463' title='bbox 876 2935 941 2974; x_wconf 89' lang='lat' dir='ltr'><em>cum</em></span> <span class='ocrx_word' id='word_1_464' title='bbox 997 2919 1078 2970; x_wconf 90' lang='lat' dir='ltr'><em>tatem</em></span> <span class='ocrx_word' id='word_1_465' title='bbox 1100 2915 1172 2970; x_wconf 88' lang='lat' dir='ltr'><em>dedi.</em></span> <span class='ocrx_word' id='word_1_466' title='bbox 1196 2917 1334 2971; x_wconf 83' lang='lat' dir='ltr'><em>Hecnrim</em></span> <span class='ocrx_word' id='word_1_467' title='bbox 1359 2919 1422 2986; x_wconf 73' lang='lat' dir='ltr'><em>feci,</em></span> <span class='ocrx_word' id='word_1_468' title='bbox 1448 2932 1502 2973; x_wconf 90' lang='lat' dir='ltr'><em>nen</em></span> <span class='ocrx_word' id='word_1_469' title='bbox 1523 2918 1615 2974; x_wconf 88' lang='lat' dir='ltr'><em>docter</em></span> <span class='ocrx_word' id='word_1_470' title='bbox 1638 2917 1851 2989; x_wconf 64' lang='lat' dir='ltr'><em>puteolanum</em></span> 
     </span>
     <span class='ocr_line' id='line_1_32' title="bbox 90 3004 1847 3080; baseline -0.001 -17"><span class='ocrx_word' id='word_1_471' title='bbox 90 3008 154 3080; x_wconf 91' lang='lat' dir='ltr'><em>ipsa</em></span> <span class='ocrx_word' id='word_1_472' title='bbox 176 3007 337 3079; x_wconf 90' lang='lat' dir='ltr'><em>Augustino</em></span> <span class='ocrx_word' id='word_1_473' title='bbox 359 3006 530 3079; x_wconf 91' lang='lat' dir='ltr'><em>implicatus.</em></span> <span class='ocrx_word' id='word_1_474' title='bbox 555 3005 671 3062; x_wconf 78' lang='lat' dir='ltr'><em>iuvenis</em></span> <span class='ocrx_word' id='word_1_475' title='bbox 685 3010 754 3062; x_wconf 93' lang='lat' dir='ltr'><em>tunc</em></span> <span class='ocrx_word' id='word_1_476' title='bbox 781 3011 852 3075; x_wconf 86' lang='lat' dir='ltr'><em>erat,</em></span> <span class='ocrx_word' id='word_1_477' title='bbox 877 3007 943 3063; x_wconf 91' lang='lat' dir='ltr'><em>licet</em></span> <span class='ocrx_word' id='word_1_478' title='bbox 996 3021 1055 3060; x_wconf 90' lang='lat' dir='ltr'><em>cum</em></span> <span class='ocrx_word' id='word_1_479' title='bbox 1078 3004 1204 3060; x_wconf 88' lang='lat' dir='ltr'><em>docendis</em></span> <span class='ocrx_word' id='word_1_480' title='bbox 1224 3006 1419 3076; x_wconf 74' lang='lat' dir='ltr'><em>perficiendus,</em></span> <span class='ocrx_word' id='word_1_481' title='bbox 1442 3005 1552 3061; x_wconf 89' lang='lat' dir='ltr'><em>demina</em></span> <span class='ocrx_word' id='word_1_482' title='bbox 1575 3008 1680 3062; x_wconf 78' lang='lat' dir='ltr'><em>enimin</em></span> <span class='ocrx_word' id='word_1_483' title='bbox 1700 3011 1847 3078; x_wconf 74' lang='lat' dir='ltr'><em>meritoque</em></span> 
     </span>
     <span class='ocr_line' id='line_1_33' title="bbox 93 3093 1848 3168; baseline -0.001 -15"><span class='ocrx_word' id='word_1_484' title='bbox 93 3100 176 3153; x_wconf 81' lang='lat' dir='ltr'><em>mtate</em></span> <span class='ocrx_word' id='word_1_485' title='bbox 205 3094 398 3168; x_wconf 71' lang='lat' dir='ltr'><em>augustinum</em></span> <span class='ocrx_word' id='word_1_486' title='bbox 423 3094 617 3163; x_wconf 78' lang='lat' dir='ltr'><em>antecederet3</em></span> <span class='ocrx_word' id='word_1_487' title='bbox 642 3110 658 3148; x_wconf 88' lang='lat' dir='ltr'><em>a</em></span> <span class='ocrx_word' id='word_1_488' title='bbox 684 3095 818 3151; x_wconf 86' lang='lat' dir='ltr'><em>muliebri</em></span> <span class='ocrx_word' id='word_1_489' title='bbox 847 3100 943 3152; x_wconf 90' lang='lat' dir='ltr'><em>tamen</em></span> <span class='ocrx_word' id='word_1_490' title='bbox 998 3093 1164 3148; x_wconf 78' lang='lat' dir='ltr'><em>honorabitis</em></span> <span class='ocrx_word' id='word_1_491' title='bbox 1189 3095 1218 3148; x_wconf 90' lang='lat' dir='ltr'><em>in</em></span> <span class='ocrx_word' id='word_1_492' title='bbox 1239 3094 1345 3151; x_wconf 80' lang='lat' dir='ltr'><em>cnr-au</em></span> <span class='ocrx_word' id='word_1_493' title='bbox 1364 3109 1395 3149; x_wconf 91' lang='lat' dir='ltr'><em>ac</em></span> <span class='ocrx_word' id='word_1_494' title='bbox 1416 3095 1588 3167; x_wconf 74' lang='lat' dir='ltr'><em>senupieuda</em></span> <span class='ocrx_word' id='word_1_495' title='bbox 1616 3097 1687 3165; x_wconf 77' lang='lat' dir='ltr'><em>titia.</em></span> <span class='ocrx_word' id='word_1_496' title='bbox 1716 3097 1848 3168; x_wconf 75' lang='lat' dir='ltr'><em>Epuidera</em></span> 
     </span>
     <span class='ocr_line' id='line_1_34' title="bbox 94 3183 1850 3257; baseline 0.001 -17"><span class='ocrx_word' id='word_1_497' title='bbox 94 3199 191 3241; x_wconf 86' lang='lat' dir='ltr'><em>amore</em></span> <span class='ocrx_word' id='word_1_498' title='bbox 206 3199 272 3238; x_wconf 92' lang='lat' dir='ltr'><em>cum</em></span> <span class='ocrx_word' id='word_1_499' title='bbox 287 3199 317 3239; x_wconf 92' lang='lat' dir='ltr'><em>se</em></span> <span class='ocrx_word' id='word_1_500' title='bbox 331 3198 444 3237; x_wconf 89' lang='lat' dir='ltr'><em>summo</em></span> <span class='ocrx_word' id='word_1_501' title='bbox 456 3183 653 3254; x_wconf 74' lang='lat' dir='ltr'><em>temperantiae</em></span> <span class='ocrx_word' id='word_1_502' title='bbox 674 3184 777 3239; x_wconf 88' lang='lat' dir='ltr'><em>robora</em></span> <span class='ocrx_word' id='word_1_503' title='bbox 791 3183 942 3239; x_wconf 84' lang='lat' dir='ltr'><em>abstraxis·</em></span> <span class='ocrx_word' id='word_1_504' title='bbox 997 3184 1079 3238; x_wconf 88' lang='lat' dir='ltr'><em>etium</em></span> <span class='ocrx_word' id='word_1_505' title='bbox 1089 3185 1118 3237; x_wconf 89' lang='lat' dir='ltr'><em>in</em></span> <span class='ocrx_word' id='word_1_506' title='bbox 1130 3184 1164 3238; x_wconf 87' lang='lat' dir='ltr'><em>iis</em></span> <span class='ocrx_word' id='word_1_507' title='bbox 1173 3183 1252 3237; x_wconf 87' lang='lat' dir='ltr'><em>rebus</em></span> <span class='ocrx_word' id='word_1_508' title='bbox 1263 3198 1331 3252; x_wconf 80' lang='lat' dir='ltr'><em>quas</em></span> <span class='ocrx_word' id='word_1_509' title='bbox 1340 3187 1484 3254; x_wconf 82' lang='lat' dir='ltr'><em>utcumque</em></span> <span class='ocrx_word' id='word_1_510' title='bbox 1497 3187 1561 3250; x_wconf 88' lang='lat' dir='ltr'><em>scio,</em></span> <span class='ocrx_word' id='word_1_511' title='bbox 1572 3187 1661 3254; x_wconf 79' lang='lat' dir='ltr'><em>magis</em></span> <span class='ocrx_word' id='word_1_512' title='bbox 1673 3189 1699 3240; x_wconf 91' lang='lat' dir='ltr'><em>te</em></span> <span class='ocrx_word' id='word_1_513' title='bbox 1708 3189 1850 3257; x_wconf 61' lang='lat' dir='ltr'><em>rupicem</em></span> 
     </span>
     <span class='ocr_line' id='line_1_35' title="bbox 92 3271 1848 3342; baseline 0.001 -14"><span class='ocrx_word' id='word_1_514' title='bbox 92 3276 145 3341; x_wconf 90' lang='lat' dir='ltr'><em>set,</em></span> <span class='ocrx_word' id='word_1_515' title='bbox 160 3272 297 3328; x_wconf 91' lang='lat' dir='ltr'><em>contiuuo</em></span> <span class='ocrx_word' id='word_1_516' title='bbox 312 3271 344 3326; x_wconf 93' lang='lat' dir='ltr'><em>in</em></span> <span class='ocrx_word' id='word_1_517' title='bbox 359 3286 425 3327; x_wconf 90' lang='lat' dir='ltr'><em>eum</em></span> <span class='ocrx_word' id='word_1_518' title='bbox 440 3286 501 3327; x_wconf 88' lang='lat' dir='ltr'><em>sese</em></span> <span class='ocrx_word' id='word_1_519' title='bbox 515 3271 599 3326; x_wconf 87' lang='lat' dir='ltr'><em>altius</em></span> <span class='ocrx_word' id='word_1_520' title='bbox 611 3272 761 3328; x_wconf 83' lang='lat' dir='ltr'><em>immersit.</em></span> <span class='ocrx_word' id='word_1_521' title='bbox 774 3274 806 3327; x_wconf 93' lang='lat' dir='ltr'><em>ln</em></span> <span class='ocrx_word' id='word_1_522' title='bbox 817 3277 943 3328; x_wconf 87' lang='lat' dir='ltr'><em>extrema</em></span> <span class='ocrx_word' id='word_1_523' title='bbox 997 3273 1132 3338; x_wconf 88' lang='lat' dir='ltr'><em>scientem,</em></span> <span class='ocrx_word' id='word_1_524' title='bbox 1149 3287 1232 3340; x_wconf 82' lang='lat' dir='ltr'><em>quam</em></span> <span class='ocrx_word' id='word_1_525' title='bbox 1243 3273 1361 3327; x_wconf 80' lang='lat' dir='ltr'><em>scientia</em></span> <span class='ocrx_word' id='word_1_526' title='bbox 1370 3272 1648 3340; x_wconf 81' lang='lat' dir='ltr'><em>nostraindipentem.</em></span> <span class='ocrx_word' id='word_1_527' title='bbox 1662 3273 1756 3342; x_wconf 80' lang='lat' dir='ltr'><em>Neque</em></span> <span class='ocrx_word' id='word_1_528' title='bbox 1769 3275 1848 3340; x_wconf 81' lang='lat' dir='ltr'><em>enim,</em></span> 
     </span>
     <span class='ocr_line' id='line_1_36' title="bbox 89 3358 1848 3433; baseline -0.001 -16"><span class='ocrx_word' id='word_1_529' title='bbox 89 3360 155 3417; x_wconf 83' lang='lat' dir='ltr'><em>ritae</em></span> <span class='ocrx_word' id='word_1_530' title='bbox 177 3360 314 3433; x_wconf 91' lang='lat' dir='ltr'><em>periculo,</em></span> <span class='ocrx_word' id='word_1_531' title='bbox 337 3359 514 3433; x_wconf 80' lang='lat' dir='ltr'><em>baptismum</em></span> <span class='ocrx_word' id='word_1_532' title='bbox 541 3360 677 3433; x_wconf 89' lang='lat' dir='ltr'><em>percepit,</em></span> <span class='ocrx_word' id='word_1_533' title='bbox 693 3376 759 3416; x_wconf 92' lang='lat' dir='ltr'><em>cum</em></span> <span class='ocrx_word' id='word_1_534' title='bbox 769 3359 830 3432; x_wconf 85' lang='lat' dir='ltr'><em>jam</em></span> <span class='ocrx_word' id='word_1_535' title='bbox 845 3364 944 3432; x_wconf 92' lang='lat' dir='ltr'><em>Augu·</em></span> <span class='ocrx_word' id='word_1_536' title='bbox 997 3363 1027 3412; x_wconf 90' lang='lat' dir='ltr'><em>ut</em></span> <span class='ocrx_word' id='word_1_537' title='bbox 1042 3358 1114 3428; x_wconf 82' lang='lat' dir='ltr'><em>quod</em></span> <span class='ocrx_word' id='word_1_538' title='bbox 1127 3360 1229 3414; x_wconf 76' lang='lat' dir='ltr'><em>adsitus</em></span> <span class='ocrx_word' id='word_1_539' title='bbox 1249 3359 1399 3427; x_wconf 89' lang='lat' dir='ltr'><em>doceamus,</em></span> <span class='ocrx_word' id='word_1_540' title='bbox 1415 3362 1532 3415; x_wconf 82' lang='lat' dir='ltr'><em>aliorum</em></span> <span class='ocrx_word' id='word_1_541' title='bbox 1550 3362 1737 3429; x_wconf 80' lang='lat' dir='ltr'><em>ipnoramium</em></span> <span class='ocrx_word' id='word_1_542' title='bbox 1757 3365 1848 3432; x_wconf 86' lang='lat' dir='ltr'><em>optare</em></span> 
     </span>
     <span class='ocr_line' id='line_1_37' title="bbox 91 3446 1847 3523; baseline 0 -17"><span class='ocrx_word' id='word_1_543' title='bbox 91 3450 183 3506; x_wconf 88' lang='lat' dir='ltr'><em>stinus</em></span> <span class='ocrx_word' id='word_1_544' title='bbox 196 3450 345 3523; x_wconf 89' lang='lat' dir='ltr'><em>episcopus</em></span> <span class='ocrx_word' id='word_1_545' title='bbox 360 3449 511 3518; x_wconf 88' lang='lat' dir='ltr'><em>senuisset,</em></span> <span class='ocrx_word' id='word_1_546' title='bbox 522 3454 608 3522; x_wconf 91' lang='lat' dir='ltr'><em>atque</em></span> <span class='ocrx_word' id='word_1_547' title='bbox 619 3450 689 3505; x_wconf 89' lang='lat' dir='ltr'><em>adeo</em></span> <span class='ocrx_word' id='word_1_548' title='bbox 701 3449 761 3522; x_wconf 90' lang='lat' dir='ltr'><em>ipse</em></span> <span class='ocrx_word' id='word_1_549' title='bbox 774 3450 848 3505; x_wconf 89' lang='lat' dir='ltr'><em>toret</em></span> <span class='ocrx_word' id='word_1_550' title='bbox 862 3453 944 3506; x_wconf 78' lang='lat' dir='ltr'><em>atate</em></span> <span class='ocrx_word' id='word_1_551' title='bbox 998 3446 1132 3502; x_wconf 80' lang='lat' dir='ltr'><em>debemus.</em></span> <span class='ocrx_word' id='word_1_552' title='bbox 1153 3449 1238 3503; x_wconf 82' lang='lat' dir='ltr'><em>blatto</em></span> <span class='ocrx_word' id='word_1_553' title='bbox 1262 3450 1363 3519; x_wconf 83' lang='lat' dir='ltr'><em>quippe</em></span> <span class='ocrx_word' id='word_1_554' title='bbox 1384 3449 1479 3504; x_wconf 89' lang='lat' dir='ltr'><em>metius</em></span> <span class='ocrx_word' id='word_1_555' title='bbox 1502 3463 1591 3504; x_wconf 89' lang='lat' dir='ltr'><em>omnes</em></span> <span class='ocrx_word' id='word_1_556' title='bbox 1612 3463 1706 3505; x_wconf 88' lang='lat' dir='ltr'><em>sumus</em></span> <span class='ocrx_word' id='word_1_557' title='bbox 1724 3449 1847 3506; x_wconf 70' lang='lat' dir='ltr'><em>daubin</em></span> 
     </span>
     <span class='ocr_line' id='line_1_38' title="bbox 91 3537 1847 3612; baseline 0 -17"><span class='ocrx_word' id='word_1_558' title='bbox 91 3539 182 3612; x_wconf 89' lang='lat' dir='ltr'><em>magis</em></span> <span class='ocrx_word' id='word_1_559' title='bbox 205 3538 428 3612; x_wconf 82' lang='lat' dir='ltr'><em>ingravescente.</em></span> <span class='ocrx_word' id='word_1_560' title='bbox 447 3539 581 3594; x_wconf 77' lang='lat' dir='ltr'><em>Attamen</em></span> <span class='ocrx_word' id='word_1_561' title='bbox 595 3554 610 3593; x_wconf 91' lang='lat' dir='ltr'><em>e</em></span> <span class='ocrx_word' id='word_1_562' title='bbox 623 3538 724 3594; x_wconf 90' lang='lat' dir='ltr'><em>morbo</em></span> <span class='ocrx_word' id='word_1_563' title='bbox 736 3541 890 3608; x_wconf 87' lang='lat' dir='ltr'><em>recreatus,</em></span> <span class='ocrx_word' id='word_1_564' title='bbox 908 3539 943 3595; x_wconf 90' lang='lat' dir='ltr'><em>ab</em></span> <span class='ocrx_word' id='word_1_565' title='bbox 997 3539 1060 3592; x_wconf 87' lang='lat' dir='ltr'><em>Deo.</em></span> <span class='ocrx_word' id='word_1_566' title='bbox 1076 3537 1171 3610; x_wconf 86' lang='lat' dir='ltr'><em>Pergit</em></span> <span class='ocrx_word' id='word_1_567' title='bbox 1189 3537 1293 3593; x_wconf 90' lang='lat' dir='ltr'><em>deinde</em></span> <span class='ocrx_word' id='word_1_568' title='bbox 1316 3539 1510 3594; x_wconf 88' lang='lat' dir='ltr'><em>demonstrare</em></span> <span class='ocrx_word' id='word_1_569' title='bbox 1528 3538 1706 3611; x_wconf 83' lang='lat' dir='ltr'><em>periculum.</em></span> <span class='ocrx_word' id='word_1_570' title='bbox 1732 3540 1806 3612; x_wconf 88' lang='lat' dir='ltr'><em>quod</em></span> <span class='ocrx_word' id='word_1_571' title='bbox 1820 3538 1847 3594; x_wconf 92' lang='lat' dir='ltr'><em>in</em></span> 
     </span>
     <span class='ocr_line' id='line_1_39' title="bbox 89 3626 1847 3703; baseline -0.001 -17"><span class='ocrx_word' id='word_1_572' title='bbox 89 3628 221 3703; x_wconf 90' lang='lat' dir='ltr'><em>improba</em></span> <span class='ocrx_word' id='word_1_573' title='bbox 234 3628 370 3702; x_wconf 87' lang='lat' dir='ltr'><em>peccandi</em></span> <span class='ocrx_word' id='word_1_574' title='bbox 382 3628 587 3684; x_wconf 89' lang='lat' dir='ltr'><em>consuetudine</em></span> <span class='ocrx_word' id='word_1_575' title='bbox 603 3644 661 3684; x_wconf 94' lang='lat' dir='ltr'><em>uon</em></span> <span class='ocrx_word' id='word_1_576' title='bbox 676 3644 705 3684; x_wconf 88' lang='lat' dir='ltr'><em>sa</em></span> <span class='ocrx_word' id='word_1_577' title='bbox 721 3628 877 3699; x_wconf 86' lang='lat' dir='ltr'><em>revocarit;</em></span> <span class='ocrx_word' id='word_1_578' title='bbox 894 3629 944 3684; x_wconf 91' lang='lat' dir='ltr'><em>sed</em></span> <span class='ocrx_word' id='word_1_579' title='bbox 998 3626 1234 3682; x_wconf 86' lang='lat' dir='ltr'><em>aliiserudieudis</em></span> <span class='ocrx_word' id='word_1_580' title='bbox 1247 3627 1404 3698; x_wconf 89' lang='lat' dir='ltr'><em>comperit:</em></span> <span class='ocrx_word' id='word_1_581' title='bbox 1419 3628 1501 3699; x_wconf 89' lang='lat' dir='ltr'><em>cujus</em></span> <span class='ocrx_word' id='word_1_582' title='bbox 1510 3627 1581 3683; x_wconf 92' lang='lat' dir='ltr'><em>illud</em></span> <span class='ocrx_word' id='word_1_583' title='bbox 1593 3631 1636 3682; x_wconf 89' lang='lat' dir='ltr'><em>est</em></span> <span class='ocrx_word' id='word_1_584' title='bbox 1645 3628 1700 3684; x_wconf 93' lang='lat' dir='ltr'><em>sibi</em></span> <span class='ocrx_word' id='word_1_585' title='bbox 1708 3629 1847 3701; x_wconf 83' lang='lat' dir='ltr'><em>singulare</em></span> 
     </span>
     <span class='ocr_line' id='line_1_40' title="bbox 90 3713 1846 3793; baseline -0.001 -19"><span class='ocrx_word' id='word_1_586' title='bbox 90 3719 225 3793; x_wconf 92' lang='lat' dir='ltr'><em>pellicum</em></span> <span class='ocrx_word' id='word_1_587' title='bbox 240 3733 327 3791; x_wconf 86' lang='lat' dir='ltr'><em>grege</em></span> <span class='ocrx_word' id='word_1_588' title='bbox 351 3718 380 3773; x_wconf 92' lang='lat' dir='ltr'><em>in</em></span> <span class='ocrx_word' id='word_1_589' title='bbox 402 3717 462 3773; x_wconf 90' lang='lat' dir='ltr'><em>dies</em></span> <span class='ocrx_word' id='word_1_590' title='bbox 485 3722 626 3773; x_wconf 89' lang='lat' dir='ltr'><em>crescente</em></span> <span class='ocrx_word' id='word_1_591' title='bbox 650 3717 771 3790; x_wconf 81' lang='lat' dir='ltr'><em>stipatus</em></span> <span class='ocrx_word' id='word_1_592' title='bbox 784 3718 942 3774; x_wconf 86' lang='lat' dir='ltr'><em>incedebat.</em></span> <span class='ocrx_word' id='word_1_593' title='bbox 998 3713 1142 3783; x_wconf 88' lang='lat' dir='ltr'><em>solatium,</em></span> <span class='ocrx_word' id='word_1_594' title='bbox 1157 3714 1181 3769; x_wconf 91' lang='lat' dir='ltr'><em>si</em></span> <span class='ocrx_word' id='word_1_595' title='bbox 1194 3715 1298 3770; x_wconf 78' lang='lat' dir='ltr'><em>animm</em></span> <span class='ocrx_word' id='word_1_596' title='bbox 1312 3714 1344 3770; x_wconf 92' lang='lat' dir='ltr'><em>in</em></span> <span class='ocrx_word' id='word_1_597' title='bbox 1357 3715 1464 3787; x_wconf 91' lang='lat' dir='ltr'><em>pietate</em></span> <span class='ocrx_word' id='word_1_598' title='bbox 1479 3715 1518 3772; x_wconf 89' lang='lat' dir='ltr'><em>ita</em></span> <span class='ocrx_word' id='word_1_599' title='bbox 1532 3716 1775 3788; x_wconf 84' lang='lat' dir='ltr'><em>proficiant,ute0</em></span> <span class='ocrx_word' id='word_1_600' title='bbox 1788 3733 1846 3790; x_wconf 84' lang='lat' dir='ltr'><em>per-</em></span> 
     </span>
     <span class='ocr_line' id='line_1_41' title="bbox 91 3804 1846 3881; baseline 0 -19"><span class='ocrx_word' id='word_1_601' title='bbox 91 3806 280 3879; x_wconf 88' lang='lat' dir='ltr'><em>Augustinus,</em></span> <span class='ocrx_word' id='word_1_602' title='bbox 305 3805 355 3878; x_wconf 92' lang='lat' dir='ltr'><em>qui</em></span> <span class='ocrx_word' id='word_1_603' title='bbox 375 3823 442 3862; x_wconf 92' lang='lat' dir='ltr'><em>eum</em></span> <span class='ocrx_word' id='word_1_604' title='bbox 466 3822 580 3878; x_wconf 88' lang='lat' dir='ltr'><em>semper</em></span> <span class='ocrx_word' id='word_1_605' title='bbox 594 3806 794 3861; x_wconf 89' lang='lat' dir='ltr'><em>charissimum</em></span> <span class='ocrx_word' id='word_1_606' title='bbox 809 3807 941 3874; x_wconf 86' lang='lat' dir='ltr'><em>habebat,</em></span> <span class='ocrx_word' id='word_1_607' title='bbox 997 3804 1123 3872; x_wconf 83' lang='lat' dir='ltr'><em>veniant,</em></span> <span class='ocrx_word' id='word_1_608' title='bbox 1140 3805 1190 3860; x_wconf 91' lang='lat' dir='ltr'><em>ubi</em></span> <span class='ocrx_word' id='word_1_609' title='bbox 1211 3805 1336 3860; x_wconf 89' lang='lat' dir='ltr'><em>hominis</em></span> <span class='ocrx_word' id='word_1_610' title='bbox 1350 3805 1474 3861; x_wconf 90' lang='lat' dir='ltr'><em>doctoris</em></span> <span class='ocrx_word' id='word_1_611' title='bbox 1492 3822 1551 3862; x_wconf 92' lang='lat' dir='ltr'><em>non</em></span> <span class='ocrx_word' id='word_1_612' title='bbox 1567 3807 1690 3880; x_wconf 90' lang='lat' dir='ltr'><em>amplius</em></span> <span class='ocrx_word' id='word_1_613' title='bbox 1705 3807 1846 3881; x_wconf 85' lang='lat' dir='ltr'><em>indigeant</em></span> 
     </span>
     <span class='ocr_line' id='line_1_42' title="bbox 91 3892 1358 3967; baseline -0.002 -17"><span class='ocrx_word' id='word_1_614' title='bbox 91 3894 195 3967; x_wconf 73' lang='lat' dir='ltr'><em>saepius</em></span> <span class='ocrx_word' id='word_1_615' title='bbox 207 3894 242 3950; x_wconf 91' lang='lat' dir='ltr'><em>de</em></span> <span class='ocrx_word' id='word_1_616' title='bbox 258 3892 386 3949; x_wconf 90' lang='lat' dir='ltr'><em>moribus</em></span> <span class='ocrx_word' id='word_1_617' title='bbox 401 3893 586 3949; x_wconf 85' lang='lat' dir='ltr'><em>emendandis</em></span> <span class='ocrx_word' id='word_1_618' title='bbox 601 3894 706 3949; x_wconf 87' lang='lat' dir='ltr'><em>trustra</em></span> <span class='ocrx_word' id='word_1_619' title='bbox 716 3900 942 3952; x_wconf 90' lang='lat' dir='ltr'><em>commonuerat.</em></span> <span class='ocrx_word' id='word_1_620' title='bbox 997 3894 1157 3959; x_wconf 86' lang='lat' dir='ltr'><em>ministerio</em></span> <span class='ocrx_word' id='word_1_621' title='bbox 1170 3896 1271 3965; x_wconf 83' lang='lat' dir='ltr'><em>(Epist.</em></span> <span class='ocrx_word' id='word_1_622' title='bbox 1285 3895 1358 3964; x_wconf 72' lang='lat'><em>266).</em></span> 
     </span>
     <span class='ocr_line' id='line_1_43' title="bbox 92 3979 1845 4054; baseline 0 -16"><span class='ocrx_word' id='word_1_623' title='bbox 92 3984 118 4038; x_wconf 92' lang='lat' dir='ltr'><em>ls</em></span> <span class='ocrx_word' id='word_1_624' title='bbox 132 3997 218 4054; x_wconf 88' lang='lat' dir='ltr'><em>perro</em></span> <span class='ocrx_word' id='word_1_625' title='bbox 240 3980 412 4052; x_wconf 86' lang='lat' dir='ltr'><em>Cyprianam</em></span> <span class='ocrx_word' id='word_1_626' title='bbox 426 3979 457 4035; x_wconf 92' lang='lat' dir='ltr'><em>iu</em></span> <span class='ocrx_word' id='word_1_627' title='bbox 472 3981 687 4036; x_wconf 89' lang='lat' dir='ltr'><em>matrimonium</em></span> <span class='ocrx_word' id='word_1_628' title='bbox 713 3981 831 4038; x_wconf 84' lang='lat' dir='ltr'><em>duxerat</em></span> <span class='ocrx_word' id='word_1_629' title='bbox 845 3983 942 4039; x_wconf 91' lang='lat' dir='ltr'><em>castis·</em></span> <span class='ocrx_word' id='word_1_630' title='bbox 1032 3984 1059 4038; x_wconf 85' lang='lat'><em>8.</em></span> <span class='ocrx_word' id='word_1_631' title='bbox 1080 3984 1151 4037; x_wconf 83' lang='lat' dir='ltr'><em>ilum</em></span> <span class='ocrx_word' id='word_1_632' title='bbox 1166 3982 1256 4037; x_wconf 88' lang='lat' dir='ltr'><em>altera</em></span> <span class='ocrx_word' id='word_1_633' title='bbox 1277 3982 1384 4053; x_wconf 89' lang='lat' dir='ltr'><em>puella,</em></span> <span class='ocrx_word' id='word_1_634' title='bbox 1399 3981 1517 4037; x_wconf 88' lang='lat' dir='ltr'><em>nomine</em></span> <span class='ocrx_word' id='word_1_635' title='bbox 1534 3981 1661 4052; x_wconf 85' lang='lat' dir='ltr'><em>Fabiola,</em></span> <span class='ocrx_word' id='word_1_636' title='bbox 1674 3982 1710 4038; x_wconf 88' lang='lat' dir='ltr'><em>ad</em></span> <span class='ocrx_word' id='word_1_637' title='bbox 1727 3998 1793 4039; x_wconf 84' lang='lat' dir='ltr'><em>eum</em></span> <span class='ocrx_word' id='word_1_638' title='bbox 1805 3998 1845 4038; x_wconf 91' lang='lat' dir='ltr'><em>re-</em></span> 
     </span>
     <span class='ocr_line' id='line_1_44' title="bbox 92 4069 1843 4145; baseline 0.001 -19"><span class='ocrx_word' id='word_1_639' title='bbox 92 4072 194 4128; x_wconf 90' lang='lat' dir='ltr'><em>simam</em></span> <span class='ocrx_word' id='word_1_640' title='bbox 218 4069 366 4142; x_wconf 85' lang='lat' dir='ltr'><em>feminam,</em></span> <span class='ocrx_word' id='word_1_641' title='bbox 381 4086 446 4143; x_wconf 84' lang='lat' dir='ltr'><em>quae</em></span> <span class='ocrx_word' id='word_1_642' title='bbox 459 4070 520 4124; x_wconf 86' lang='lat' dir='ltr'><em>viro</em></span> <span class='ocrx_word' id='word_1_643' title='bbox 536 4070 621 4142; x_wconf 87' lang='lat' dir='ltr'><em>louge</em></span> <span class='ocrx_word' id='word_1_644' title='bbox 634 4069 790 4139; x_wconf 89' lang='lat' dir='ltr'><em>dissimilis,</em></span> <span class='ocrx_word' id='word_1_645' title='bbox 806 4086 872 4125; x_wconf 91' lang='lat' dir='ltr'><em>eum</em></span> <span class='ocrx_word' id='word_1_646' title='bbox 888 4071 943 4126; x_wconf 86' lang='lat' dir='ltr'><em>ob·</em></span> <span class='ocrx_word' id='word_1_647' title='bbox 997 4069 1134 4138; x_wconf 90' lang='lat' dir='ltr'><em>scribens,</em></span> <span class='ocrx_word' id='word_1_648' title='bbox 1161 4070 1250 4125; x_wconf 91' lang='lat' dir='ltr'><em>animi</em></span> <span class='ocrx_word' id='word_1_649' title='bbox 1266 4069 1310 4126; x_wconf 86' lang='lat' dir='ltr'><em>sui</em></span> <span class='ocrx_word' id='word_1_650' title='bbox 1332 4086 1484 4126; x_wconf 77' lang='lat' dir='ltr'><em>maerorem</em></span> <span class='ocrx_word' id='word_1_651' title='bbox 1510 4069 1537 4126; x_wconf 92' lang='lat' dir='ltr'><em>ei</em></span> <span class='ocrx_word' id='word_1_652' title='bbox 1560 4070 1761 4143; x_wconf 85' lang='lat' dir='ltr'><em>significasset,</em></span> <span class='ocrx_word' id='word_1_653' title='bbox 1775 4069 1843 4145; x_wconf 79' lang='lat' dir='ltr'><em>quod</em></span> 
     </span>
     <span class='ocr_line' id='line_1_45' title="bbox 89 4157 1844 4231; baseline 0 -14"><span class='ocrx_word' id='word_1_654' title='bbox 89 4161 180 4218; x_wconf 90' lang='lat' dir='ltr'><em>scenis</em></span> <span class='ocrx_word' id='word_1_655' title='bbox 195 4160 262 4216; x_wconf 89' lang='lat' dir='ltr'><em>licet</em></span> <span class='ocrx_word' id='word_1_656' title='bbox 280 4158 427 4215; x_wconf 90' lang='lat' dir='ltr'><em>amoribus</em></span> <span class='ocrx_word' id='word_1_657' title='bbox 441 4158 585 4214; x_wconf 89' lang='lat' dir='ltr'><em>irretitum</em></span> <span class='ocrx_word' id='word_1_658' title='bbox 600 4158 762 4225; x_wconf 84' lang='lat' dir='ltr'><em>adamabat¹</em></span> <span class='ocrx_word' id='word_1_659' title='bbox 780 4162 809 4214; x_wconf 91' lang='lat' dir='ltr'><em>et</em></span> <span class='ocrx_word' id='word_1_660' title='bbox 822 4175 942 4214; x_wconf 87' lang='lat' dir='ltr'><em>conver·</em></span> <span class='ocrx_word' id='word_1_661' title='bbox 997 4157 1088 4213; x_wconf 87' lang='lat' dir='ltr'><em>adbuc</em></span> <span class='ocrx_word' id='word_1_662' title='bbox 1107 4158 1139 4214; x_wconf 94' lang='lat' dir='ltr'><em>in</em></span> <span class='ocrx_word' id='word_1_663' title='bbox 1158 4158 1210 4213; x_wconf 91' lang='lat' dir='ltr'><em>hac</em></span> <span class='ocrx_word' id='word_1_664' title='bbox 1231 4164 1346 4214; x_wconf 88' lang='lat' dir='ltr'><em>terrena</em></span> <span class='ocrx_word' id='word_1_665' title='bbox 1364 4158 1593 4231; x_wconf 88' lang='lat' dir='ltr'><em>peregrinatione</em></span> <span class='ocrx_word' id='word_1_666' title='bbox 1612 4165 1785 4230; x_wconf 84' lang='lat' dir='ltr'><em>moraretur,</em></span> <span class='ocrx_word' id='word_1_667' title='bbox 1799 4175 1844 4217; x_wconf 84' lang='lat' dir='ltr'><em>uec</em></span> 
     </span>
     <span class='ocr_line' id='line_1_46' title="bbox 90 4246 1844 4323; baseline -0.002 -16"><span class='ocrx_word' id='word_1_668' title='bbox 90 4250 178 4309; x_wconf 88' lang='lat' dir='ltr'><em>sionis</em></span> <span class='ocrx_word' id='word_1_669' title='bbox 194 4251 256 4323; x_wconf 89' lang='lat' dir='ltr'><em>ejus</em></span> <span class='ocrx_word' id='word_1_670' title='bbox 279 4247 420 4306; x_wconf 89' lang='lat' dir='ltr'><em>desiderio</em></span> <span class='ocrx_word' id='word_1_671' title='bbox 443 4246 605 4304; x_wconf 89' lang='lat' dir='ltr'><em>tenebatur.</em></span> <span class='ocrx_word' id='word_1_672' title='bbox 631 4249 668 4303; x_wconf 78' lang='lat' dir='ltr'><em>lix</em></span> <span class='ocrx_word' id='word_1_673' title='bbox 692 4248 745 4303; x_wconf 91' lang='lat' dir='ltr'><em>hnc</em></span> <span class='ocrx_word' id='word_1_674' title='bbox 767 4247 825 4303; x_wconf 83' lang='lat' dir='ltr'><em>vita</em></span> <span class='ocrx_word' id='word_1_675' title='bbox 839 4248 945 4320; x_wconf 88' lang='lat' dir='ltr'><em>migra·</em></span> <span class='ocrx_word' id='word_1_676' title='bbox 997 4263 1110 4319; x_wconf 89' lang='lat' dir='ltr'><em>semper</em></span> <span class='ocrx_word' id='word_1_677' title='bbox 1127 4246 1173 4302; x_wconf 88' lang='lat' dir='ltr'><em>bic</em></span> <span class='ocrx_word' id='word_1_678' title='bbox 1188 4251 1352 4304; x_wconf 88' lang='lat' dir='ltr'><em>sauctorum</em></span> <span class='ocrx_word' id='word_1_679' title='bbox 1368 4247 1509 4304; x_wconf 87' lang='lat' dir='ltr'><em>consortio</em></span> <span class='ocrx_word' id='word_1_680' title='bbox 1522 4248 1579 4303; x_wconf 87' lang='lat' dir='ltr'><em>lrui</em></span> <span class='ocrx_word' id='word_1_681' title='bbox 1593 4253 1709 4321; x_wconf 89' lang='lat' dir='ltr'><em>pussct;</em></span> <span class='ocrx_word' id='word_1_682' title='bbox 1723 4248 1800 4322; x_wconf 84' lang='lat' dir='ltr'><em>quod</em></span> <span class='ocrx_word' id='word_1_683' title='bbox 1813 4247 1844 4304; x_wconf 85' lang='lat' dir='ltr'><em>ad</em></span> 
     </span>
     <span class='ocr_line' id='line_1_47' title="bbox 89 4335 1845 4409; baseline -0.002 -14"><span class='ocrx_word' id='word_1_684' title='bbox 89 4340 138 4407; x_wconf 84' lang='lat' dir='ltr'><em>rit,</em></span> <span class='ocrx_word' id='word_1_685' title='bbox 148 4338 209 4395; x_wconf 91' lang='lat' dir='ltr'><em>etin</em></span> <span class='ocrx_word' id='word_1_686' title='bbox 221 4343 364 4395; x_wconf 85' lang='lat' dir='ltr'><em>castarum</em></span> <span class='ocrx_word' id='word_1_687' title='bbox 375 4341 460 4409; x_wconf 90' lang='lat' dir='ltr'><em>atque</em></span> <span class='ocrx_word' id='word_1_688' title='bbox 471 4335 600 4391; x_wconf 83' lang='lat' dir='ltr'><em>bdelium</em></span> <span class='ocrx_word' id='word_1_689' title='bbox 609 4335 772 4392; x_wconf 87' lang='lat' dir='ltr'><em>animarum</em></span> <span class='ocrx_word' id='word_1_690' title='bbox 779 4335 943 4392; x_wconf 90' lang='lat' dir='ltr'><em>sacietatem</em></span> <span class='ocrx_word' id='word_1_691' title='bbox 996 4335 1091 4408; x_wconf 90' lang='lat' dir='ltr'><em>ipsum</em></span> <span class='ocrx_word' id='word_1_692' title='bbox 1105 4336 1309 4409; x_wconf 90' lang='lat' dir='ltr'><em>Augustiuum,</em></span> <span class='ocrx_word' id='word_1_693' title='bbox 1323 4338 1487 4406; x_wconf 86' lang='lat' dir='ltr'><em>atridetur,</em></span> <span class='ocrx_word' id='word_1_694' title='bbox 1501 4338 1642 4395; x_wconf 84' lang='lat' dir='ltr'><em>referebat</em></span> <span class='ocrx_word' id='word_1_695' title='bbox 1658 4337 1699 4393; x_wconf 92' lang='lat' dir='ltr'><em>:is</em></span> <span class='ocrx_word' id='word_1_696' title='bbox 1711 4338 1799 4395; x_wconf 84' lang='lat' dir='ltr'><em>officii</em></span> <span class='ocrx_word' id='word_1_697' title='bbox 1807 4335 1845 4394; x_wconf 84' lang='lat' dir='ltr'><em>sui</em></span> 
     </span>
     <span class='ocr_line' id='line_1_48' title="bbox 89 4424 1846 4501; baseline 0.001 -18"><span class='ocrx_word' id='word_1_698' title='bbox 89 4432 204 4499; x_wconf 90' lang='lat' dir='ltr'><em>recepta</em></span> <span class='ocrx_word' id='word_1_699' title='bbox 218 4431 269 4483; x_wconf 87' lang='lat' dir='ltr'><em>est.</em></span> <span class='ocrx_word' id='word_1_700' title='bbox 292 4428 360 4482; x_wconf 89' lang='lat' dir='ltr'><em>Post</em></span> <span class='ocrx_word' id='word_1_701' title='bbox 383 4426 445 4497; x_wconf 87' lang='lat' dir='ltr'><em>ejus</em></span> <span class='ocrx_word' id='word_1_702' title='bbox 460 4424 572 4481; x_wconf 92' lang='lat' dir='ltr'><em>obitum</em></span> <span class='ocrx_word' id='word_1_703' title='bbox 596 4425 743 4485; x_wconf 88' lang='lat' dir='ltr'><em>Cornelius</em></span> <span class='ocrx_word' id='word_1_704' title='bbox 758 4426 793 4481; x_wconf 91' lang='lat' dir='ltr'><em>ad</em></span> <span class='ocrx_word' id='word_1_705' title='bbox 807 4425 943 4498; x_wconf 89' lang='lat' dir='ltr'><em>Augusti·</em></span> <span class='ocrx_word' id='word_1_706' title='bbox 997 4441 1056 4480; x_wconf 91' lang='lat' dir='ltr'><em>esse</em></span> <span class='ocrx_word' id='word_1_707' title='bbox 1074 4425 1194 4497; x_wconf 86' lang='lat' dir='ltr'><em>putavit,</em></span> <span class='ocrx_word' id='word_1_708' title='bbox 1212 4426 1238 4483; x_wconf 90' lang='lat' dir='ltr'><em>ei</em></span> <span class='ocrx_word' id='word_1_709' title='bbox 1262 4426 1429 4495; x_wconf 83' lang='lat' dir='ltr'><em>rescribere,</em></span> <span class='ocrx_word' id='word_1_710' title='bbox 1444 4432 1477 4483; x_wconf 91' lang='lat' dir='ltr'><em>ut</em></span> <span class='ocrx_word' id='word_1_711' title='bbox 1489 4443 1627 4495; x_wconf 91' lang='lat' dir='ltr'><em>amorem,</em></span> <span class='ocrx_word' id='word_1_712' title='bbox 1644 4443 1702 4500; x_wconf 89' lang='lat' dir='ltr'><em>quo</em></span> <span class='ocrx_word' id='word_1_713' title='bbox 1717 4428 1768 4484; x_wconf 88' lang='lat' dir='ltr'><em>ilta</em></span> <span class='ocrx_word' id='word_1_714' title='bbox 1784 4442 1846 4501; x_wconf 79' lang='lat' dir='ltr'><em>erga</em></span> 
     </span>
     <span class='ocr_line' id='line_1_49' title="bbox 91 4513 1845 4588; baseline 0 -17"><span class='ocrx_word' id='word_1_715' title='bbox 91 4531 163 4571; x_wconf 90' lang='lat' dir='ltr'><em>uum</em></span> <span class='ocrx_word' id='word_1_716' title='bbox 176 4515 298 4586; x_wconf 88' lang='lat' dir='ltr'><em>scripsit,</em></span> <span class='ocrx_word' id='word_1_717' title='bbox 313 4515 393 4570; x_wconf 89' lang='lat' dir='ltr'><em>atad</em></span> <span class='ocrx_word' id='word_1_718' title='bbox 410 4531 440 4569; x_wconf 89' lang='lat' dir='ltr'><em>se</em></span> <span class='ocrx_word' id='word_1_719' title='bbox 455 4514 570 4586; x_wconf 72' lang='lat' dir='ltr'><em>optimas</em></span> <span class='ocrx_word' id='word_1_720' title='bbox 583 4513 714 4586; x_wconf 85' lang='lat' dir='ltr'><em>conjugis</em></span> <span class='ocrx_word' id='word_1_721' title='bbox 726 4519 819 4569; x_wconf 91' lang='lat' dir='ltr'><em>morte</em></span> <span class='ocrx_word' id='word_1_722' title='bbox 835 4513 945 4586; x_wconf 85' lang='lat' dir='ltr'><em>gravis-</em></span> <span class='ocrx_word' id='word_1_723' title='bbox 997 4531 1041 4570; x_wconf 90' lang='lat' dir='ltr'><em>res</em></span> <span class='ocrx_word' id='word_1_724' title='bbox 1055 4515 1181 4570; x_wconf 85' lang='lat' dir='ltr'><em>coelestes</em></span> <span class='ocrx_word' id='word_1_725' title='bbox 1201 4514 1356 4583; x_wconf 83' lang='lat' dir='ltr'><em>ferebatur,</em></span> <span class='ocrx_word' id='word_1_726' title='bbox 1379 4515 1609 4583; x_wconf 83' lang='lat' dir='ltr'><em>commendaret3</em></span> <span class='ocrx_word' id='word_1_727' title='bbox 1627 4515 1775 4588; x_wconf 86' lang='lat' dir='ltr'><em>simulque</em></span> <span class='ocrx_word' id='word_1_728' title='bbox 1788 4530 1845 4573; x_wconf 79' lang='grc' dir='ltr'>οιιιι</span> 
     </span>
     <span class='ocr_line' id='line_1_50' title="bbox 90 4601 1845 4676; baseline 0.001 -18"><span class='ocrx_word' id='word_1_729' title='bbox 90 4602 161 4658; x_wconf 89' lang='lat' dir='ltr'><em>sime</em></span> <span class='ocrx_word' id='word_1_730' title='bbox 176 4606 352 4658; x_wconf 91' lang='lat' dir='ltr'><em>commotum</em></span> <span class='ocrx_word' id='word_1_731' title='bbox 373 4601 499 4674; x_wconf 88' lang='lat' dir='ltr'><em>aliquam</em></span> <span class='ocrx_word' id='word_1_732' title='bbox 514 4601 654 4674; x_wconf 85' lang='lat' dir='ltr'><em>prolixam</em></span> <span class='ocrx_word' id='word_1_733' title='bbox 673 4601 823 4674; x_wconf 89' lang='lat' dir='ltr'><em>epistolam</em></span> <span class='ocrx_word' id='word_1_734' title='bbox 842 4618 943 4658; x_wconf 88' lang='lat' dir='ltr'><em>conso·</em></span> <span class='ocrx_word' id='word_1_735' title='bbox 997 4603 1122 4672; x_wconf 90' lang='lat' dir='ltr'><em>doceret,</em></span> <span class='ocrx_word' id='word_1_736' title='bbox 1142 4621 1295 4676; x_wconf 88' lang='lat' dir='ltr'><em>corporum</em></span> <span class='ocrx_word' id='word_1_737' title='bbox 1310 4605 1494 4676; x_wconf 80' lang='lat' dir='ltr'><em>praesentiam</em></span> <span class='ocrx_word' id='word_1_738' title='bbox 1508 4605 1673 4660; x_wconf 89' lang='lat' dir='ltr'><em>animorum</em></span> <span class='ocrx_word' id='word_1_739' title='bbox 1688 4604 1845 4676; x_wconf 80' lang='lat' dir='ltr'><em>prasentia</em></span> 
     </span>
     <span class='ocr_line' id='line_1_51' title="bbox 89 4690 1845 4766; baseline 0.001 -18"><span class='ocrx_word' id='word_1_740' title='bbox 89 4690 222 4748; x_wconf 90' lang='lat' dir='ltr'><em>latoriam</em></span> <span class='ocrx_word' id='word_1_741' title='bbox 238 4690 328 4760; x_wconf 89' lang='lat' dir='ltr'><em>daret,</em></span> <span class='ocrx_word' id='word_1_742' title='bbox 344 4691 417 4748; x_wconf 87' lang='lat' dir='ltr'><em>sicut</em></span> <span class='ocrx_word' id='word_1_743' title='bbox 430 4697 560 4748; x_wconf 89' lang='lat' dir='ltr'><em>sanctum</em></span> <span class='ocrx_word' id='word_1_744' title='bbox 572 4690 724 4747; x_wconf 91' lang='lat' dir='ltr'><em>Paulinum</em></span> <span class='ocrx_word' id='word_1_745' title='bbox 740 4692 775 4747; x_wconf 89' lang='lat' dir='ltr'><em>ad</em></span> <span class='ocrx_word' id='word_1_746' title='bbox 789 4692 943 4748; x_wconf 69' lang='lat' dir='ltr'><em>bacarium</em></span> <span class='ocrx_word' id='word_1_747' title='bbox 996 4709 1057 4749; x_wconf 89' lang='lat' dir='ltr'><em>esse</em></span> <span class='ocrx_word' id='word_1_748' title='bbox 1071 4693 1296 4766; x_wconf 89' lang='lat' dir='ltr'><em>postponendum</em></span> <span class='ocrx_word' id='word_1_749' title='bbox 1314 4696 1412 4765; x_wconf 82' lang='lat' dir='ltr'><em>(Epist.</em></span> <span class='ocrx_word' id='word_1_750' title='bbox 1429 4694 1505 4765; x_wconf 77' lang='lat' dir='ltr'><em>tbi).</em></span> <span class='ocrx_word' id='word_1_751' title='bbox 1525 4695 1591 4749; x_wconf 84' lang='lat' dir='ltr'><em>lioec</em></span> <span class='ocrx_word' id='word_1_752' title='bbox 1605 4693 1725 4750; x_wconf 84' lang='lat' dir='ltr'><em>Fabiola</em></span> <span class='ocrx_word' id='word_1_753' title='bbox 1737 4695 1845 4751; x_wconf 84' lang='lat' dir='ltr'><em>ridetur</em></span> 
     </span>
     <span class='ocr_line' id='line_1_52' title="bbox 89 4777 1846 4854; baseline 0.002 -19"><span class='ocrx_word' id='word_1_754' title='bbox 89 4777 188 4839; x_wconf 81' lang='lat' dir='ltr'><em>iecisse</em></span> <span class='ocrx_word' id='word_1_755' title='bbox 216 4777 396 4835; x_wconf 88' lang='lat' dir='ltr'><em>meminerat.</em></span> <span class='ocrx_word' id='word_1_756' title='bbox 423 4780 466 4836; x_wconf 89' lang='lat' dir='ltr'><em>Ad</em></span> <span class='ocrx_word' id='word_1_757' title='bbox 498 4782 559 4837; x_wconf 85' lang='lat' dir='ltr'><em>boec</em></span> <span class='ocrx_word' id='word_1_758' title='bbox 588 4779 717 4836; x_wconf 86' lang='lat' dir='ltr'><em>rescribit</em></span> <span class='ocrx_word' id='word_1_759' title='bbox 743 4781 941 4853; x_wconf 88' lang='lat' dir='ltr'><em>Augustinus,</em></span> <span class='ocrx_word' id='word_1_760' title='bbox 996 4782 1096 4838; x_wconf 88' lang='lat' dir='ltr'><em>eadem</em></span> <span class='ocrx_word' id='word_1_761' title='bbox 1115 4798 1186 4847; x_wconf 89' lang='lat' dir='ltr'><em>esse,</em></span> <span class='ocrx_word' id='word_1_762' title='bbox 1207 4799 1293 4854; x_wconf 89' lang='lat' dir='ltr'><em>quam</em></span> <span class='ocrx_word' id='word_1_763' title='bbox 1315 4783 1506 4854; x_wconf 83' lang='lat' dir='ltr'><em>Hieronymus</em></span> <span class='ocrx_word' id='word_1_764' title='bbox 1520 4787 1648 4838; x_wconf 89' lang='lat' dir='ltr'><em>sanctam</em></span> <span class='ocrx_word' id='word_1_765' title='bbox 1662 4782 1755 4840; x_wconf 85' lang='lat' dir='ltr'><em>tiliam</em></span> <span class='ocrx_word' id='word_1_766' title='bbox 1769 4795 1846 4839; x_wconf 79' lang='lat' dir='ltr'><em>suan</em></span> 
     </span>
     <span class='ocr_line' id='line_1_53' title="bbox 89 4867 1845 4944; baseline 0.002 -20"><span class='ocrx_word' id='word_1_767' title='bbox 89 4867 167 4925; x_wconf 90' lang='lat' dir='ltr'><em>illius</em></span> <span class='ocrx_word' id='word_1_768' title='bbox 180 4883 297 4925; x_wconf 87' lang='lat' dir='ltr'><em>uxorem</em></span> <span class='ocrx_word' id='word_1_769' title='bbox 312 4868 445 4924; x_wconf 85' lang='lat' dir='ltr'><em>humanis</em></span> <span class='ocrx_word' id='word_1_770' title='bbox 460 4886 518 4925; x_wconf 92' lang='lat' dir='ltr'><em>non</em></span> <span class='ocrx_word' id='word_1_771' title='bbox 527 4885 611 4942; x_wconf 88' lang='lat' dir='ltr'><em>egere</em></span> <span class='ocrx_word' id='word_1_772' title='bbox 625 4868 774 4937; x_wconf 91' lang='lat' dir='ltr'><em>laudibus;</em></span> <span class='ocrx_word' id='word_1_773' title='bbox 789 4870 840 4925; x_wconf 89' lang='lat' dir='ltr'><em>has</em></span> <span class='ocrx_word' id='word_1_774' title='bbox 849 4869 943 4926; x_wconf 85' lang='lat' dir='ltr'><em>vireu·</em></span> <span class='ocrx_word' id='word_1_775' title='bbox 996 4872 1130 4944; x_wconf 87' lang='lat' dir='ltr'><em>appellat,</em></span> <span class='ocrx_word' id='word_1_776' title='bbox 1141 4872 1211 4927; x_wconf 92' lang='lat' dir='ltr'><em>dum</em></span> <span class='ocrx_word' id='word_1_777' title='bbox 1220 4872 1253 4927; x_wconf 88' lang='lat' dir='ltr'><em>ad</em></span> <span class='ocrx_word' id='word_1_778' title='bbox 1266 4871 1499 4928; x_wconf 77' lang='lat' dir='ltr'><em>Marcellinumin</em></span> <span class='ocrx_word' id='word_1_779' title='bbox 1508 4871 1601 4927; x_wconf 85' lang='lat' dir='ltr'><em>Africa</em></span> <span class='ocrx_word' id='word_1_780' title='bbox 1615 4872 1772 4944; x_wconf 83' lang='lat' dir='ltr'><em>degentem</em></span> <span class='ocrx_word' id='word_1_781' title='bbox 1786 4869 1845 4928; x_wconf 84' lang='lat' dir='ltr'><em>seri·</em></span> 
     </span>
     <span class='ocr_line' id='line_1_54' title="bbox 88 4955 1845 5035; baseline 0.001 -20"><span class='ocrx_word' id='word_1_782' title='bbox 88 4956 175 5022; x_wconf 89' lang='lat' dir='ltr'><em>tibus,</em></span> <span class='ocrx_word' id='word_1_783' title='bbox 191 4973 249 5013; x_wconf 90' lang='lat' dir='ltr'><em>non</em></span> <span class='ocrx_word' id='word_1_784' title='bbox 270 4955 391 5012; x_wconf 90' lang='lat' dir='ltr'><em>mortuis</em></span> <span class='ocrx_word' id='word_1_785' title='bbox 411 4956 543 5029; x_wconf 90' lang='lat' dir='ltr'><em>impendi</em></span> <span class='ocrx_word' id='word_1_786' title='bbox 562 4958 666 5028; x_wconf 77' lang='lat' dir='ltr'><em>solere3</em></span> <span class='ocrx_word' id='word_1_787' title='bbox 690 4973 757 5014; x_wconf 90' lang='lat' dir='ltr'><em>eum</em></span> <span class='ocrx_word' id='word_1_788' title='bbox 771 4958 837 5015; x_wconf 83' lang='lat' dir='ltr'><em>vitae</em></span> <span class='ocrx_word' id='word_1_789' title='bbox 852 4964 943 5015; x_wconf 92' lang='lat' dir='ltr'><em>muta·</em></span> <span class='ocrx_word' id='word_1_790' title='bbox 996 4959 1038 5015; x_wconf 94' lang='lat' dir='ltr'><em>bit</em></span> <span class='ocrx_word' id='word_1_791' title='bbox 1046 4975 1122 5015; x_wconf 91' lang='lat' dir='ltr'><em>anno</em></span> <span class='ocrx_word' id='word_1_792' title='bbox 1136 4959 1580 5033; x_wconf 86' lang='lat' dir='ltr'><em>quadringentesimoundecimo</em></span> <span class='ocrx_word' id='word_1_793' title='bbox 1590 4965 1641 5017; x_wconf 91' lang='lat' dir='ltr'><em>aut</em></span> <span class='ocrx_word' id='word_1_794' title='bbox 1654 4960 1845 5035; x_wconf 86' lang='lat' dir='ltr'><em>quadringen-</em></span> 
     </span>
     <span class='ocr_line' id='line_1_55' title="bbox 89 5044 1845 5123; baseline 0.002 -19"><span class='ocrx_word' id='word_1_795' title='bbox 89 5046 169 5109; x_wconf 87' lang='lat' dir='ltr'><em>tiene</em></span> <span class='ocrx_word' id='word_1_796' title='bbox 192 5044 318 5118; x_wconf 89' lang='lat' dir='ltr'><em>elogium</em></span> <span class='ocrx_word' id='word_1_797' title='bbox 333 5044 462 5118; x_wconf 88' lang='lat' dir='ltr'><em>conjugis</em></span> <span class='ocrx_word' id='word_1_798' title='bbox 477 5062 536 5102; x_wconf 83' lang='lat' dir='ltr'><em>suae</em></span> <span class='ocrx_word' id='word_1_799' title='bbox 552 5046 711 5118; x_wconf 90' lang='lat' dir='ltr'><em>promereri</em></span> <span class='ocrx_word' id='word_1_800' title='bbox 725 5046 829 5103; x_wconf 91' lang='lat' dir='ltr'><em>debere</em></span> <span class='ocrx_word' id='word_1_801' title='bbox 846 5063 853 5102; x_wconf 94' lang='lat'><strong>:</strong></span> <span class='ocrx_word' id='word_1_802' title='bbox 871 5047 942 5104; x_wconf 90' lang='lat' dir='ltr'><em>illud</em></span> <span class='ocrx_word' id='word_1_803' title='bbox 995 5049 1097 5105; x_wconf 91' lang='lat' dir='ltr'><em>tesimo</em></span> <span class='ocrx_word' id='word_1_804' title='bbox 1112 5049 1292 5117; x_wconf 90' lang='lat' dir='ltr'><em>duodecima,</em></span> <span class='ocrx_word' id='word_1_805' title='bbox 1309 5067 1391 5123; x_wconf 89' lang='lat' dir='ltr'><em>posse</em></span> <span class='ocrx_word' id='word_1_806' title='bbox 1406 5049 1490 5106; x_wconf 88' lang='lat' dir='ltr'><em>illum</em></span> <span class='ocrx_word' id='word_1_807' title='bbox 1512 5049 1548 5104; x_wconf 90' lang='lat' dir='ltr'><em>ab</em></span> <span class='ocrx_word' id='word_1_808' title='bbox 1562 5050 1625 5122; x_wconf 88' lang='lat' dir='ltr'><em>ipsa</em></span> <span class='ocrx_word' id='word_1_809' title='bbox 1639 5049 1769 5106; x_wconf 86' lang='lat' dir='ltr'><em>mutuari</em></span> <span class='ocrx_word' id='word_1_810' title='bbox 1781 5051 1845 5107; x_wconf 84' lang='lat' dir='ltr'><em>dua</em></span> 
     </span>
     <span class='ocr_line' id='line_1_56' title="bbox 88 5132 1845 5212; baseline -0.001 -19"><span class='ocrx_word' id='word_1_811' title='bbox 88 5135 219 5211; x_wconf 89' lang='lat' dir='ltr'><em>polliceri</em></span> <span class='ocrx_word' id='word_1_812' title='bbox 234 5151 264 5190; x_wconf 91' lang='lat' dir='ltr'><em>se</em></span> <span class='ocrx_word' id='word_1_813' title='bbox 279 5149 313 5189; x_wconf 91' lang='lat' dir='ltr'><em>ea</em></span> <span class='ocrx_word' id='word_1_814' title='bbox 326 5132 501 5202; x_wconf 90' lang='lat' dir='ltr'><em>conditione,</em></span> <span class='ocrx_word' id='word_1_815' title='bbox 516 5150 602 5206; x_wconf 88' lang='lat' dir='ltr'><em>quam</em></span> <span class='ocrx_word' id='word_1_816' title='bbox 625 5137 687 5207; x_wconf 86' lang='lat' dir='ltr'><em>ejus</em></span> <span class='ocrx_word' id='word_1_817' title='bbox 700 5152 774 5193; x_wconf 82' lang='lat' dir='ltr'><em>uxor</em></span> <span class='ocrx_word' id='word_1_818' title='bbox 788 5137 877 5193; x_wconf 91' lang='lat' dir='ltr'><em>etiam</em></span> <span class='ocrx_word' id='word_1_819' title='bbox 892 5137 941 5192; x_wconf 91' lang='lat' dir='ltr'><em>de·</em></span> <span class='ocrx_word' id='word_1_820' title='bbox 994 5139 1106 5212; x_wconf 91' lang='lat' dir='ltr'><em>priores</em></span> <span class='ocrx_word' id='word_1_821' title='bbox 1121 5139 1210 5194; x_wconf 91' lang='lat' dir='ltr'><em>libros</em></span> <span class='ocrx_word' id='word_1_822' title='bbox 1230 5138 1261 5194; x_wconf 94' lang='lat' dir='ltr'><em>in</em></span> <span class='ocrx_word' id='word_1_823' title='bbox 1284 5138 1470 5208; x_wconf 82' lang='lat' dir='ltr'><em>Ezechielem,</em></span> <span class='ocrx_word' id='word_1_824' title='bbox 1496 5155 1569 5211; x_wconf 88' lang='lat' dir='ltr'><em>quos</em></span> <span class='ocrx_word' id='word_1_825' title='bbox 1590 5138 1625 5195; x_wconf 91' lang='lat' dir='ltr'><em>ad</em></span> <span class='ocrx_word' id='word_1_826' title='bbox 1649 5155 1714 5195; x_wconf 87' lang='lat' dir='ltr'><em>eam</em></span> <span class='ocrx_word' id='word_1_827' title='bbox 1728 5138 1845 5196; x_wconf 83' lang='lat' dir='ltr'><em>misisset</em></span> 
     </span>
     <span class='ocr_line' id='line_1_57' title="bbox 88 5222 1314 5300; baseline 0.001 -18"><span class='ocrx_word' id='word_1_828' title='bbox 88 5225 185 5282; x_wconf 89' lang='lat' dir='ltr'><em>lunata</em></span> <span class='ocrx_word' id='word_1_829' title='bbox 199 5226 376 5297; x_wconf 87' lang='lat' dir='ltr'><em>peroptaret,</em></span> <span class='ocrx_word' id='word_1_830' title='bbox 392 5222 635 5294; x_wconf 86' lang='lat' dir='ltr'><em>quemadmodum</em></span> <span class='ocrx_word' id='word_1_831' title='bbox 648 5224 744 5280; x_wconf 80' lang='lat' dir='ltr'><em>siveris</em></span> <span class='ocrx_word' id='word_1_832' title='bbox 760 5225 939 5298; x_wconf 84' lang='lat' dir='ltr'><em>expetiisset:</em></span> <span class='ocrx_word' id='word_1_833' title='bbox 995 5228 1131 5300; x_wconf 73' lang='lat' dir='ltr'><em>(Hieron,</em></span> <span class='ocrx_word' id='word_1_834' title='bbox 1147 5230 1240 5298; x_wconf 77' lang='lat' dir='ltr'><em>Epist.</em></span> <span class='ocrx_word' id='word_1_835' title='bbox 1259 5231 1314 5298; x_wconf 81' lang='lat'><em>82).</em></span> 
     </span>
     <span class='ocr_line' id='line_1_58' title="bbox 88 5311 1844 5390; baseline 0.001 -21"><span class='ocrx_word' id='word_1_836' title='bbox 88 5315 159 5371; x_wconf 83' lang='lat' dir='ltr'><em>velle</em></span> <span class='ocrx_word' id='word_1_837' title='bbox 182 5314 266 5371; x_wconf 90' lang='lat' dir='ltr'><em>aliter</em></span> <span class='ocrx_word' id='word_1_838' title='bbox 288 5327 441 5368; x_wconf 81' lang='lat' dir='ltr'><em>moerorem</em></span> <span class='ocrx_word' id='word_1_839' title='bbox 465 5311 637 5384; x_wconf 88' lang='lat' dir='ltr'><em>abstergere,</em></span> <span class='ocrx_word' id='word_1_840' title='bbox 662 5313 854 5370; x_wconf 90' lang='lat' dir='ltr'><em>adulationem</em></span> <span class='ocrx_word' id='word_1_841' title='bbox 868 5329 940 5384; x_wconf 84' lang='lat' dir='ltr'><em>esse,</em></span> <span class='ocrx_word' id='word_1_842' title='bbox 1030 5318 1056 5371; x_wconf 83' lang='lat'><em>9.</em></span> <span class='ocrx_word' id='word_1_843' title='bbox 1080 5317 1145 5370; x_wconf 87' lang='lat' dir='ltr'><em>Erat</em></span> <span class='ocrx_word' id='word_1_844' title='bbox 1169 5316 1400 5388; x_wconf 77' lang='lat' dir='ltr'><em>Hippaneltcgio</em></span> <span class='ocrx_word' id='word_1_845' title='bbox 1419 5316 1514 5388; x_wconf 88' lang='lat' dir='ltr'><em>puella</em></span> <span class='ocrx_word' id='word_1_846' title='bbox 1530 5315 1674 5388; x_wconf 80' lang='lat' dir='ltr'><em>quadam,</em></span> <span class='ocrx_word' id='word_1_847' title='bbox 1690 5321 1775 5390; x_wconf 88' lang='lat' dir='ltr'><em>patre</em></span> <span class='ocrx_word' id='word_1_848' title='bbox 1788 5330 1844 5381; x_wconf 86' lang='lat' dir='ltr'><em>sao,</em></span> 
     </span>
     <span class='ocr_line' id='line_1_59' title="bbox 88 5398 1844 5482; baseline 0 -24"><span class='ocrx_word' id='word_1_849' title='bbox 88 5419 147 5458; x_wconf 91' lang='lat' dir='ltr'><em>non</em></span> <span class='ocrx_word' id='word_1_850' title='bbox 168 5401 411 5476; x_wconf 20' lang='lat' dir='ltr'><em>consolationem,—</em></span> <span class='ocrx_word' id='word_1_851' title='bbox 423 5398 513 5456; x_wconf 89' lang='lat' dir='ltr'><em>Simul</em></span> <span class='ocrx_word' id='word_1_852' title='bbox 528 5405 653 5472; x_wconf 91' lang='lat' dir='ltr'><em>turpem,</em></span> <span class='ocrx_word' id='word_1_853' title='bbox 663 5399 699 5482; x_wconf 87' lang='lat' dir='ltr'><em>iu</em></span> <span class='ocrx_word' id='word_1_854' title='bbox 723 5418 781 5475; x_wconf 90' lang='lat' dir='ltr'><em>qua</em></span> <span class='ocrx_word' id='word_1_855' title='bbox 799 5407 938 5472; x_wconf 89' lang='lat' dir='ltr'><em>versatur,</em></span> <span class='ocrx_word' id='word_1_856' title='bbox 993 5408 1026 5460; x_wconf 91' lang='lat' dir='ltr'><em>ut</em></span> <span class='ocrx_word' id='word_1_857' title='bbox 1038 5403 1161 5473; x_wconf 83' lang='lat' dir='ltr'><em>ridetur,</em></span> <span class='ocrx_word' id='word_1_858' title='bbox 1177 5405 1290 5474; x_wconf 87' lang='lat' dir='ltr'><em>orbata;</em></span> <span class='ocrx_word' id='word_1_859' title='bbox 1306 5405 1387 5477; x_wconf 82' lang='lat' dir='ltr'><em>cajus</em></span> <span class='ocrx_word' id='word_1_860' title='bbox 1401 5405 1488 5461; x_wconf 89' lang='lat' dir='ltr'><em>etiarn</em></span> <span class='ocrx_word' id='word_1_861' title='bbox 1503 5409 1597 5462; x_wconf 88' lang='lat' dir='ltr'><em>mater</em></span> <span class='ocrx_word' id='word_1_862' title='bbox 1609 5421 1670 5462; x_wconf 91' lang='lat' dir='ltr'><em>uon</em></span> <span class='ocrx_word' id='word_1_863' title='bbox 1680 5406 1844 5479; x_wconf 87' lang='lat' dir='ltr'><em>apparebat.</em></span> 
     </span>
     <span class='ocr_line' id='line_1_60' title="bbox 88 5477 1846 5567; baseline 0.003 -22"><span class='ocrx_word' id='word_1_864' title='bbox 88 5493 193 5546; x_wconf 87' lang='lat' dir='ltr'><em>statum</em></span> <span class='ocrx_word' id='word_1_865' title='bbox 215 5477 291 5548; x_wconf 86' lang='lat' dir='ltr'><em>illius</em></span> <span class='ocrx_word' id='word_1_866' title='bbox 310 5491 400 5549; x_wconf 89' lang='lat' dir='ltr'><em>oculis</em></span> <span class='ocrx_word' id='word_1_867' title='bbox 423 5483 519 5563; x_wconf 82' lang='lat' dir='ltr'><em>aperta</em></span> <span class='ocrx_word' id='word_1_868' title='bbox 541 5487 664 5560; x_wconf 87' lang='lat' dir='ltr'><em>subjicit,</em></span> <span class='ocrx_word' id='word_1_869' title='bbox 690 5507 813 5566; x_wconf 89' lang='lat' dir='ltr'><em>eumque</em></span> <span class='ocrx_word' id='word_1_870' title='bbox 834 5508 939 5565; x_wconf 89' lang='lat' dir='ltr'><em>magna</em></span> <span class='ocrx_word' id='word_1_871' title='bbox 995 5493 1124 5550; x_wconf 77' lang='lat' dir='ltr'><em>Ecclesia</em></span> <span class='ocrx_word' id='word_1_872' title='bbox 1148 5494 1257 5562; x_wconf 81' lang='lat' dir='ltr'><em>tutela,</em></span> <span class='ocrx_word' id='word_1_873' title='bbox 1286 5497 1319 5549; x_wconf 91' lang='lat' dir='ltr'><em>ut</em></span> <span class='ocrx_word' id='word_1_874' title='bbox 1340 5495 1403 5566; x_wconf 86' lang='lat' dir='ltr'><em>ejus</em></span> <span class='ocrx_word' id='word_1_875' title='bbox 1421 5495 1557 5551; x_wconf 82' lang='lat' dir='ltr'><em>adversus</em></span> <span class='ocrx_word' id='word_1_876' title='bbox 1580 5495 1846 5567; x_wconf 84' lang='lat' dir='ltr'><em>improborumrim</em></span> 
     </span>
    </p>
   </div>
   <div class='ocr_carea' id='block_1_3' title="bbox 0 0 1946 6112">
    <p class='ocr_par' dir='ltr' id='par_1_3' title="bbox 0 0 1946 6112">
     <span class='ocr_line' id='line_1_61' title="bbox 0 0 1946 6112; baseline 0 1"><span class='ocrx_word' id='word_1_877' title='bbox 0 0 1946 6112; x_wconf 95' lang='lat' dir='ltr'><em> </em></span> 
     </span>
    </p>
   </div>
  </div>
 </body>
</html>
