3884 6112
123 231 190 286 tuta

122 360 238 428 tempus
251 358 400 410 movetur:
418 353 454 409 ad
469 354 522 408 hoc
535 352 612 408 enim
626 350 751 423 pertinet
765 349 872 405 tardius
882 353 910 403 et
923 363 969 403 ce·

122 444 211 500 larius
222 444 346 498 moveri:
366 443 515 498 conficitur
529 458 588 496 esse
601 440 739 511 quiddam
752 439 829 511 quod
840 444 969 510 tempore

123 535 245 596 moveat,
273 547 325 585 nec
343 535 439 585 tamen
452 534 587 585 mutetur.
601 528 690 582 Omne
702 531 797 581 autem
809 527 885 598 quod
898 532 967 580 tem·

121 636 192 692 pore
210 624 305 674 moret
318 634 432 688 corpus,
451 617 563 672 tametsi
586 616 621 670 ad
640 630 731 670 unum
756 615 843 670 finem
858 614 966 678 tendat,

121 712 218 764 tamen
234 724 286 762 nec
300 707 385 760 simul
399 709 493 776 potest
506 704 602 758 omnia
616 704 718 770 facere,
735 719 787 758 nec
800 706 893 774 potest
909 719 968 758 non

120 798 205 868 plura
219 797 308 850 iacere
321 811 327 849 :
340 792 522 864 nequeenim
537 794 611 847 valet
621 792 720 863 quavis
730 807 785 862 ope
795 796 903 863 agatur,
915 795 965 845 aut

121 885 244 958 perfecte
258 899 349 937 unum
363 898 434 950 esse,
448 882 526 952 qnod
541 882 569 934 in
584 887 679 950 partes
692 879 780 933 secari
794 882 898 949 potest,
920 882 971 933 aut

123 974 215 1028 ullum
230 971 347 1026 estsine
363 970 491 1043 partibus
505 985 618 1040 corpus,
637 974 686 1022 aut
697 968 757 1023 sine
769 983 914 1021 morarum
926 966 971 1020 in-

122 1061 238 1116 tervallo
253 1065 378 1130 tempus,
393 1065 442 1113 aut
452 1074 518 1112 vero
531 1059 574 1112 vel
588 1056 867 1125 brevissimasyllaba
879 1069 968 1109 enun-

120 1148 218 1214 tietur,
234 1149 314 1218 cujus
329 1163 387 1201 non
415 1153 484 1201 tuuc
505 1145 592 1200 linem
612 1144 721 1210 audias,
746 1159 810 1198 cum
827 1143 887 1214 jam
911 1156 969 1196 non

121 1234 203 1290 audis
222 1235 345 1291 initium.
360 1237 446 1289 Porro
459 1233 536 1305 quod
551 1232 590 1287 sic
603 1231 707 1303 agitur,
721 1236 749 1285 et
761 1230 970 1301 exspectatione

123 1340 196 1394 opus
215 1326 257 1377 est
267 1327 298 1377 ut
311 1322 421 1393 peragi,
431 1326 460 1376 et
474 1320 613 1375 memoria
628 1325 661 1374 nt
674 1318 876 1390 comprehendi
886 1320 974 1388 queat

123 1416 262 1483 quantum
278 1414 384 1481 potest.
405 1411 437 1464 Et
446 1409 617 1480 exspectatio
631 1408 792 1462 futurarum
806 1421 903 1460 rerum
918 1408 971 1471 est,

122 1500 334 1572 preteritarum
352 1514 419 1552 vero
434 1497 583 1552 memoria.
595 1500 631 1551 nt
645 1495 764 1551 intentio
780 1496 813 1550 ad
829 1495 973 1566 agendum

125 1587 273 1659 presentis
288 1591 331 1640 est
343 1586 492 1657 temporis,
507 1601 558 1657 per
569 1585 645 1656 quod
656 1585 785 1639 futurum
801 1583 830 1637 in
845 1582 972 1653 praeteri-

123 1680 184 1730 tum
200 1675 311 1742 transit,
325 1690 377 1729 nec
387 1674 471 1744 coepti
485 1679 577 1728 motus
592 1673 720 1744 corporis
735 1671 894 1742 exspectari
906 1669 971 1725 finis

123 1767 217 1836 potest
229 1762 289 1816 sine
304 1763 363 1817 ulla
378 1762 526 1817 memoria.
541 1761 689 1825 Quomodo
704 1760 781 1816 enim
795 1762 973 1831 exspectatur

123 1855 156 1907 ut
170 1850 289 1916 desinat,
304 1850 380 1921 quod
396 1853 445 1904 eut
459 1849 579 1920 coepisse
589 1849 703 1916 excidit,
719 1847 898 1903 automnino
910 1863 972 1901 mo·

123 1943 185 1994 tum
201 1940 286 1994 esse?
310 1940 417 1994 Rursus
438 1938 559 1993 intentio
584 1937 740 2009 peragendi
760 1953 825 2008 quie
849 1950 975 2007 praesens

125 2031 177 2097 est,
192 2027 253 2082 sine
268 2027 478 2098 exspectatione
491 2027 557 2081 linis
567 2027 617 2097 qui
628 2027 741 2081 iuturus
750 2029 803 2094 est,
814 2040 871 2080 non
881 2026 976 2094 potest

126 2130 204 2171 esse:
221 2130 274 2168 nec
301 2119 343 2169 est
362 2114 519 2186 quidquam
540 2113 619 2185 quod
642 2117 691 2168 aut
710 2113 840 2167 nondum
854 2115 905 2178 est,
926 2113 976 2165 aut

124 2205 183 2276 jam
204 2208 324 2259 nonest.
341 2205 437 2257 Potest
457 2202 546 2272 igitur
566 2201 597 2256 in
615 2201 726 2272 agendo
748 2200 884 2272 quiddam
902 2214 974 2267 esse,

127 2289 205 2361 quod
218 2289 253 2344 ad
276 2305 309 2344 aa
332 2305 397 2360 quea
411 2288 539 2342 nondum
554 2292 620 2342 sunt
634 2287 785 2358 pertineat.
802 2288 923 2342 Possunt
937 2286 974 2339 si-

127 2377 187 2433 mul
201 2377 231 2431 in
247 2380 350 2448 agente
364 2377 448 2448 plura
463 2392 534 2441 esse,
545 2391 610 2430 cum
625 2392 658 2431 ea
672 2377 756 2447 plura
771 2392 835 2446 quae
851 2378 975 2447 aguntur

127 2464 216 2520 simul
230 2480 290 2520 esse
311 2480 369 2519 non
391 2464 512 2536 possint.
540 2466 659 2518 Possunt
674 2479 742 2535 ergo
759 2464 844 2517 etiam
869 2462 900 2517 in
915 2479 976 2517 mo·

129 2557 223 2612 vente.
239 2568 303 2606 cum
319 2552 350 2606 in
364 2568 398 2606 eo
413 2551 489 2623 qnod
504 2556 634 2606 movetur
644 2567 703 2606 non
718 2551 838 2622 possint.
854 2553 975 2621 Atque·

130 2657 254 2712 cumque
268 2640 436 2712 intempore
446 2640 530 2695 simul
546 2656 606 2695 esse
623 2657 680 2695 non
695 2645 826 2713 possunt,
838 2643 867 2694 et
881 2645 977 2694 umen

130 2747 147 2785 a
160 2730 256 2785 futuro
267 2730 298 2784 in
307 2729 484 2802 praeteritum
503 2728 747 2799 transmittuntur,
758 2728 906 2784 mutabilia
921 2727 980 2783 sint

131 2835 245 2874 necesse
264 2822 318 2874 est.

168 2909 193 2962 4.
212 2906 283 2962 ilinc
294 2907 354 2978 jam
369 2905 540 2976 colligimus,
563 2920 647 2976 posse
664 2921 724 2959 esse
741 2903 879 2976 quiddam
901 2902 978 2974 quod

130 3012 195 3051 cum
211 2999 307 3049 movet
327 2993 487 3061 mutabilia,
511 3009 570 3048 non
583 2997 720 3048 mutatur.
738 2993 808 3048 Cum
823 2991 900 3046 enim
917 3007 976 3045 non

129 3088 257 3139 mutatur
269 3082 537 3137 moventisintentio
552 3081 725 3153 perducendi
740 3080 777 3135 ad
790 3081 878 3135 linem
892 3094 979 3150 qoem

130 3171 205 3224 volet
218 3185 320 3240 corpus
334 3169 409 3240 quod
426 3173 531 3239 moret,
546 3169 675 3240 illudque
687 3183 791 3240 corpus
803 3168 838 3222 de
853 3184 911 3239 quo
927 3166 979 3221 ali·

130 3256 199 3329 quid
214 3256 248 3311 ut
262 3257 362 3311 eodem
379 3261 459 3312 motu
469 3261 673 3329 permomenta
687 3261 823 3325 mutetur,
834 3261 920 3327 atque
931 3255 981 3310 iila

131 3343 252 3400 intentio
267 3344 433 3416 perficiendi
448 3360 535 3417 quam
549 3345 729 3400 immutatam
746 3359 862 3399 manere
883 3342 978 3398 maui-

129 3432 232 3489 iestum
249 3437 302 3501 est,
318 3437 346 3488 et
364 3432 426 3503 ipsu
441 3432 571 3489 membra
598 3432 723 3499 artificis,
748 3438 776 3487 et
803 3431 916 3502 lignum
932 3436 981 3486 aut

125 3521 254 3593 lapidem
273 3521 373 3577 artifici
385 3523 546 3594 subjectum
567 3525 689 3589 moveat,
705 3520 770 3594 quis
784 3520 894 3576 dubitet
908 3536 978 3574 con-

128 3627 253 3682 sequens
268 3627 328 3666 esse
344 3611 419 3682 qnod
433 3611 540 3667 dictum
555 3612 620 3666 est?
635 3611 697 3665 Non
712 3609 800 3682 igitur
814 3609 838 3662 si
848 3625 905 3681 qua
920 3623 979 3662 mu-

130 3699 200 3754 tatio
217 3715 371 3770 corporum
394 3703 526 3754 movente
542 3699 639 3754 animo
654 3699 697 3766 lit,
722 3699 852 3770 quamvis
871 3697 980 3751 ineam

129 3788 167 3843 sit
179 3789 318 3856 intentus,
341 3788 408 3843 hinc
428 3804 495 3843 eum
521 3789 680 3843 necessario
696 3789 812 3856 mutari,
828 3792 856 3843 et
876 3788 911 3843 ob
927 3788 980 3842 hoc

130 3875 218 3932 ctiam
230 3876 304 3930 mori
324 3875 522 3931 arbitrandum
538 3881 591 3931 est.
612 3878 708 3931 Potest
721 3877 798 3930 enim
822 3876 852 3930 in
867 3877 919 3931 hac
934 3875 980 3929 in·

131 3963 259 4019 tentione
271 3962 355 4017 simul
381 3967 410 4018 et
433 3963 600 4018 memoriam
615 3963 826 4035 preteritorum
837 3969 870 4019 et
884 3981 981 4034 exspe-

131 4051 286 4107 ctationem
306 4051 470 4107 futurorum
498 4052 614 4122 babere,
643 4069 707 4124 quoa
730 4053 827 4108 omnia
848 4053 908 4107 sine
924 4053 980 4107 vita

131 4157 192 4197 esse
210 4156 268 4195 non
284 4145 413 4212 possunt.
426 4141 594 4213 Quanquam
606 4142 658 4197 etsi
669 4143 764 4197 nullus
775 4142 906 4197 interitus
919 4143 980 4197 sine

132 4228 289 4284 mutatione
300 4229 345 4296 sit,
359 4229 473 4285 etnulla
487 4229 605 4285 mutatio
619 4231 680 4285 sine
696 4235 791 4297 motu;
806 4246 865 4286 non
883 4234 979 4285 tamen

131 4318 226 4373 omnis
250 4317 371 4372 mutatio
385 4317 544 4385 interitum,
569 4319 721 4391 omnisque
736 4322 831 4374 motus
846 4319 979 4374 mutatio·

132 4422 197 4460 nem
213 4410 359 4477 operatur.
377 4405 454 4461 Licet
477 4406 554 4462 enim
570 4406 664 4477 ipsum
680 4423 784 4478 corpus
795 4413 937 4473 nostrum,
953 4413 982 4461 et

134 4499 243 4549 motum
259 4496 429 4566 plerumque
446 4494 574 4566 qualibet
583 4495 701 4558 actione,
714 4501 742 4550 ct
756 4500 896 4550 mutatum
907 4499 981 4550 certe

132 4583 176 4637 vel
192 4587 276 4637 aetate
291 4583 396 4652 dicere,
411 4586 509 4638 tamen
523 4583 649 4638 nondum
666 4582 806 4650 interisse,
822 4583 851 4638 id
866 4589 908 4639 est
921 4600 978 4639 non

133 4685 193 4724 esse
209 4670 269 4724 sine
283 4671 349 4726 vita.
365 4671 459 4726 Liceat
471 4672 560 4744 igitur
581 4676 609 4726 al
624 4671 751 4727 animum
767 4687 825 4726 non
844 4672 982 4729 continuo

135 4763 235 4829 putare
246 4758 353 4828 privari
367 4759 433 4826 vita,
450 4777 616 4833 quanquam
631 4760 658 4816 ei
671 4761 790 4816 fortasse
804 4775 857 4831 per
872 4765 982 4817 motum

135 4845 256 4902 mutatio
271 4848 410 4901 nonnulla
429 4849 585 4920 continget.

169 4932 283 4988 CAPUT
309 4934 353 4988 lV.
370 4962 405 4974 —
428 4935 482 4991 Ars
496 4941 521 4992 ct
534 4940 607 4993 ratio
617 4953 787 4994 numerorum
807 4938 983 4994 immutabitis

293 5036 352 5090 qua
366 5023 456 5077 animo
469 5040 522 5079 non
535 5028 592 5081 sine
612 5029 670 5081 otto
684 5026 824 5080 inherent.

171 5115 196 5167 5.
213 5110 241 5167 Si
255 5110 332 5166 enim
360 5115 456 5167 manet
487 5113 594 5186 aliquid
617 5114 795 5170 immutabile
818 5112 848 5167 in
875 5111 983 5179 animo,

137 5201 214 5273 quod
226 5200 287 5255 sine
302 5200 358 5255 vita
371 5215 431 5255 esse
446 5217 504 5255 non
514 5204 621 5273 possit,
633 5203 727 5258 animo
740 5202 826 5257 etiam
841 5201 899 5256 vita
913 5216 985 5255 sem·

137 5290 251 5360 piterna
266 5292 379 5345 maneat
402 5305 515 5344 necesse
530 5276 592 5346 cst.
604 5291 674 5346 Nam
698 5292 752 5346 hoc
771 5306 890 5363 prorsus
903 5288 943 5345 ite
956 5307 985 5345 se

135 5377 233 5446 hebet,
255 5382 288 5434 ut
301 5378 325 5433 si
340 5377 466 5450 primum
492 5381 543 5444 est,
568 5378 605 5433 sit
627 5379 793 5435 secundum.
816 5379 863 5434 list
890 5382 985 5434 autem

138 5468 276 5538 primum.
302 5467 371 5534 Quis
385 5467 474 5536 enim,
497 5471 529 5522 ut
553 5466 754 5536 aliuomittam‚
776 5471 826 5523 aut
845 5467 985 5523 rationem

606 224 654 282 DE
673 223 970 283 tbuobrautrarss
990 221 1126 292 ANIMAE,
1148 224 1174 280 S.
1196 221 1387 283 auuusrssu

1826 227 1886 283 tuti

1024 365 1212 406 numerorum
1228 338 1396 406 mutabilem
1409 365 1470 409 esse
1482 351 1591 407 audeat
1605 350 1721 418 dicere,
1739 353 1792 405 aut
1806 355 1888 406 arten

1025 439 1183 512 quamlibet
1197 456 1255 494 non
1277 440 1333 494 ista
1347 439 1456 495 ratione
1471 445 1608 495 constare
1623 459 1632 508 ς
1656 443 1713 494 aut
1727 443 1823 494 artem
1839 456 1889 494 non

1025 543 1086 582 esse
1114 528 1144 582 in
1157 528 1274 597 artifice,
1285 528 1371 583 etiam
1385 545 1525 584 comeam
1541 545 1604 584 non
1619 532 1761 595 exercet3
1773 532 1825 582 aut
1837 529 1890 599 eius

1024 632 1096 682 esse,
1114 616 1170 670 nisi
1183 617 1214 671 in
1230 616 1345 685 animo;
1362 622 1411 672 aut
1423 617 1474 672 ubi
1493 618 1550 673 vita
1566 616 1695 684 nonsit,
1714 632 1780 671 esse
1794 633 1889 688 possm

1025 709 1075 760 aut
1089 705 1164 776 quod
1180 704 1360 761 immutabile
1373 710 1426 774 cst,
1440 723 1502 762 esse
1518 707 1689 779 aliqnando
1707 721 1773 760 non
1792 721 1889 776 posse,

1025 797 1074 848 aut
1089 793 1166 848 aliud
1182 810 1243 848 esse
1258 797 1359 862 artem,
1374 794 1452 850 aliud
1467 796 1641 850 rationem?
1654 794 1804 860 Quamvis
1821 794 1890 849 enim

1023 897 1071 936 ars
1085 897 1142 936 una
1156 883 1314 938 multarum
1329 883 1409 954 quasi
1424 884 1542 955 quidam
1556 890 1655 939 coetus
1672 882 1828 938 rationum
1837 899 1890 937 esse

1026 970 1146 1038 dicatur,
1161 977 1258 1027 tamen
1273 988 1319 1026 ars
1334 973 1419 1027 etiam
1433 989 1490 1028 uua
1503 973 1579 1029 ratio
1596 972 1657 1028 dici
1683 970 1839 1026 verissime
1852 976 1889 1024 at·

1026 1076 1082 1132 qne
1097 1060 1218 1131 intelligi
1232 1064 1335 1131 potest.
1353 1062 1406 1116 Sed
1420 1061 1479 1117 sive
1497 1063 1564 1124 boc,
1582 1062 1646 1116 siae
1668 1060 1749 1116 illud
1770 1059 1817 1125 ait,
1840 1075 1889 1114 non

1025 1148 1122 1202 minus
1149 1149 1359 1205 immutabilem
1384 1155 1474 1206 artem
1500 1168 1561 1206 esse
1590 1150 1783 1205 coniicitur:
1808 1152 1888 1203 arbro

1026 1242 1124 1292 antem
1144 1253 1203 1292 non
1218 1238 1311 1292 solum
1327 1238 1432 1294 esseio
1453 1239 1551 1295 animo
1578 1237 1721 1304 artificis,
1744 1236 1888 1293 sedetiam

1027 1341 1168 1396 nusquam
1199 1342 1260 1380 esse
1284 1326 1339 1381 nisi
1353 1327 1383 1381 in
1411 1328 1507 1382 animo
1522 1327 1726 1382 manifestum
1740 1329 1798 1392 est,
1811 1325 1888 1396 idque

1026 1413 1263 1485 inseparabiliter.
1279 1415 1349 1469 Nam
1361 1415 1385 1470 si
1394 1431 1441 1470 ars
1454 1416 1491 1471 ab
1503 1416 1604 1471 animo
1614 1413 1833 1486 separabitur,
1849 1419 1890 1467 aut

1027 1502 1082 1557 erit
1100 1508 1292 1575 preterquam
1306 1504 1336 1559 in
1354 1505 1460 1568 animo,
1475 1510 1525 1561 eut
1540 1521 1697 1577 nusquam
1713 1505 1784 1573 erit,
1801 1512 1849 1558 aot
1861 1503 1890 1558 de

1027 1591 1124 1663 animo
1139 1591 1169 1645 in
1181 1591 1311 1647 animum
1325 1593 1461 1648 continuo
1475 1594 1622 1649 transibit.
1642 1597 1684 1648 At
1700 1593 1830 1647 utsedes
1842 1592 1890 1645 ani

1028 1679 1107 1734 nulla
1121 1678 1182 1734 sine
1197 1681 1255 1734 vita
1279 1685 1331 1746 est,
1347 1680 1386 1736 ita
1401 1698 1453 1736 nec
1468 1682 1525 1737 rita
1537 1697 1607 1736 cum
1624 1680 1750 1735 ratione
1768 1680 1824 1735 ulli
1842 1679 1889 1733 nisi

1028 1766 1133 1822 anima
1158 1767 1204 1839 (a).
1226 1769 1371 1840 Nusquam
1392 1786 1478 1842 porro
1501 1768 1664 1840 essequod
1681 1772 1738 1832 eat,
1761 1767 1808 1822 vel
1821 1766 1889 1837 qnod

1028 1855 1207 1911 immutabile
1223 1861 1267 1912 est
1281 1874 1339 1913 non
1353 1874 1413 1914 esse
1423 1859 1577 1930 aliquando
1591 1860 1775 1929 nonpotest.
1787 1854 1818 1912 Si
1831 1871 1888 1910 rere

1029 1959 1076 1999 ars
1085 1945 1120 1999 de
1135 1945 1232 2000 animo
1245 1945 1274 2000 in
1290 1946 1419 2001 animum
1433 1947 1545 2014 transit,
1561 1946 1592 2000 in
1607 1946 1663 2001 illo
1689 1959 1835 2000 mansura
1848 1943 1889 1998 de·

1029 2047 1127 2087 serens
1141 2031 1245 2099 istum;
1261 2048 1346 2088 nemo
1366 2038 1456 2089 artem
1473 2034 1555 2090 docet
1569 2032 1629 2087 nisi
1651 2031 1833 2097 amittendo,
1847 2033 1888 2084 ant

1030 2120 1116 2175 etiam
1136 2136 1194 2175 non
1207 2121 1262 2175 nisi
1278 2121 1405 2177 docentis
1418 2121 1561 2178 oblivione
1579 2122 1615 2178 iit
1644 2121 1760 2194 aliquis
1774 2119 1887 2192 peritos,

1030 2208 1087 2262 eive
1101 2213 1192 2263 morte
1206 2207 1227 2264 ¹.
1243 2209 1312 2275 Ouae
1327 2210 1351 2265 si
1368 2211 1572 2266 absurdissime
1595 2216 1627 2266 et
1639 2209 1806 2266 falsissima
1819 2212 1886 2274 snat,

1031 2297 1113 2351 sicuti
1125 2302 1202 2364 sunt,
1216 2298 1388 2354 immortalis
1402 2304 1445 2355 cst
1459 2299 1573 2355 animus
1587 2300 1758 2354 humanus.

1069 2388 1094 2441 6.
1109 2388 1146 2440 ut
1161 2385 1276 2441 enimsi
1295 2403 1341 2441 ars
1362 2388 1517 2460 aliquando
1530 2391 1583 2455 est,
1600 2387 1770 2459 aliquando
1784 2402 1842 2442 non
1853 2388 1889 2440 eet

1031 2473 1062 2529 in
1076 2474 1184 2541 animo,
1196 2475 1273 2546 quod
1283 2492 1335 2547 per
1346 2476 1522 2532 oblivionem
1530 2482 1620 2548 atque
1632 2476 1822 2549 imperitiam
1829 2474 1888 2530 satis

1031 2567 1134 2618 notum
1149 2567 1205 2630 est;
1223 2565 1294 2618 nibil
1305 2565 1340 2620 ad
1356 2565 1418 2637 ejus
1432 2565 1687 2621 immortalitatem
1705 2566 1797 2621 affert
1808 2580 1888 2635 arga·

1031 2650 1122 2705 menti
1135 2652 1221 2723 huJ'us
1237 2654 1387 2719 connexio,
1409 2652 1465 2709 nisi
1489 2659 1615 2727 negetur
1640 2655 1823 2710 antecedens
1842 2655 1889 2710 hoc

1031 2737 1125 2792 modo.
1142 2741 1198 2792 Aut
1211 2742 1253 2793 est
1266 2739 1375 2812 aliquid
1386 2740 1415 2795 in
1427 2741 1534 2806 animo,
1549 2741 1630 2813 quod
1644 2741 1678 2795 in
1694 2742 1837 2814 praesenti
1848 2757 1888 2796 ec·

1032 2826 1169 2898 gitatione
1193 2843 1251 2882 non
1280 2833 1337 2896 est;
1352 2835 1402 2885 aut
1418 2845 1475 2884 non
1498 2833 1541 2884 est
1555 2829 1585 2884 in
1599 2830 1723 2885 erudito
1739 2831 1838 2885 animo
1851 2845 1906 2894 ars,

1033 2915 1153 2985 musica,
1176 2931 1242 2970 cum
1259 2915 1294 2970 de
1308 2918 1368 2971 sole
1390 2916 1564 2989 geometrica
1578 2918 1713 2990 cogitat:
1731 2920 1790 2975 hoc
1803 2926 1887 2975 auten

1032 3003 1136 3059 falsum
1152 3009 1208 3071 est;
1227 3004 1297 3060 illud
1309 3005 1515 3077 igilurverum.
1533 3008 1598 3062 Non
1610 3013 1718 3063 autern
1738 3008 1888 3081 quidquam

1033 3108 1064 3148 ee
1078 3092 1184 3147 habere
1199 3093 1312 3148 animus
1334 3095 1428 3158 sentit,
1453 3094 1508 3150 nisi
1527 3095 1607 3167 quod
1632 3096 1666 3151 in
1686 3098 1886 3169 cogitationem

1033 3180 1153 3235 venerit.
1162 3181 1259 3236 Potest
1269 3181 1471 3254 igitoraliquid
1482 3199 1544 3238 esse
1559 3182 1590 3237 in
1606 3184 1728 3252 animo,
1745 3185 1825 3257 qnod
1837 3198 1886 3239 este

1032 3267 1063 3322 in
1078 3283 1107 3322 se
1122 3268 1301 3340 animusipse
1316 3286 1374 3325 non
1388 3271 1505 3328 sentiat.
1519 3271 1552 3327 ld
1567 3275 1670 3327 numm
1681 3274 1828 3346 quamdiu
1848 3273 1883 3336 sit,

1033 3357 1106 3413 nibil
1120 3357 1248 3412 interest.
1263 3358 1391 3430 Namque
1401 3358 1425 3412 si
1437 3358 1545 3414 diutius
1555 3359 1647 3415 luerit
1659 3360 1693 3415 in
1708 3361 1778 3417 aliis
1787 3362 1884 3416 animus

1034 3450 1292 3517 occupatus,quam
1302 3447 1529 3502 utintentionem
1543 3463 1629 3502 suem
1646 3449 1678 3504 in
1690 3455 1765 3506 ante
1775 3449 1884 3521 cogitata

1034 3534 1115 3590 facile
1130 3533 1218 3605 possit
1232 3533 1387 3601 reflectere,
1410 3535 1514 3591 oblivio
1529 3535 1572 3590 vel
1586 3535 1750 3607 imperitia
1764 3537 1882 3593 nomina·

1032 3624 1090 3677 tur.
1103 3620 1157 3676 Sed
1173 3636 1237 3675 cum
1254 3621 1297 3675 vel
1313 3638 1365 3677 uos
1379 3622 1434 3692 ipsi
1447 3621 1597 3678 nobiscum
1611 3625 1837 3692 ratiocinantes,
1849 3622 1883 3677 rel

1033 3710 1069 3765 ab
1084 3709 1140 3764 alio
1156 3709 1228 3764 bene
1239 3709 1408 3782 interrogati
1421 3711 1456 3765 de
1470 3711 1647 3782 quibusdam
1664 3713 1837 3770 liberalibus
1848 3729 1882 3768 ar·

1033 3798 1111 3853 tihns
1125 3813 1158 3853 ea
1168 3814 1232 3869 qnae
1247 3798 1419 3866 invenimus,
1428 3815 1487 3854 non
1498 3799 1566 3854 alibi
1579 3817 1674 3872 quam
1685 3802 1720 3858 iu
1733 3804 1831 3860 auimo
1842 3818 1883 3857 no·

1034 3891 1092 3942 stro
1114 3886 1296 3942 invenimus:
1321 3903 1416 3958 neque
1432 3887 1460 3942 id
1475 3892 1517 3942 est
1530 3888 1678 3956 invenire,
1702 3893 1785 3962 quod
1808 3892 1884 3947 faeere

1034 3980 1084 4032 ant
1098 3976 1216 4048 gignere
1229 3991 1235 4042 ;
1251 3975 1378 4047 alioquin
1393 3981 1499 4032 aeterna
1512 3977 1649 4048 gigneret
1664 3980 1790 4037 animus
1802 3982 1884 4036 imao·

1033 4065 1111 4121 tione
1136 4064 1289 4136 temporali
1318 4064 1403 4135 (nam
1427 4070 1534 4121 aeterna
1558 4081 1638 4138 saepe
1661 4067 1783 4125 invenit
1802 4091 1810 4137 ;
1830 4067 1885 4141 quid

1034 4154 1113 4209 enim
1127 4159 1187 4208 tam
1214 4159 1353 4209 aternum
1378 4170 1464 4226 quam
1486 4154 1585 4209 circuli
1609 4155 1702 4224 ratio,
1731 4159 1776 4214 vel
1794 4155 1885 4230 siquid

1034 4242 1113 4298 aliud
1143 4242 1173 4297 in
1197 4242 1398 4314 hujuscemodi
1425 4242 1544 4310 artibus,
1569 4259 1625 4298 nec
1655 4261 1720 4301 non
1744 4247 1831 4303 tuisse
1844 4244 1886 4300 ali·

1035 4331 1159 4403 quando,
1175 4347 1228 4386 nec
1242 4331 1365 4386 noniore
1381 4331 1656 4402 comprehenditur?
1667 4334 1679 4403 l
1690 4350 1698 4388 ε
1710 4336 1886 4390 manifestum

1035 4420 1121 4476 etiam
1139 4424 1191 4487 est,
1216 4419 1408 4474 immortalem
1433 4435 1494 4475 esse
1508 4419 1641 4474 animum
1669 4421 1847 4486 humanum,
1862 4424 1885 4475 et

1035 4525 1135 4564 omnes
1151 4524 1231 4563 raras
1246 4507 1372 4563 rationes
1391 4508 1420 4563 in
1443 4508 1558 4563 secretis
1578 4509 1644 4580 ejus
1658 4526 1741 4582 esse,
1767 4508 1886 4584 quamiis

1035 4614 1083 4652 eas
1098 4597 1157 4652 sive
1172 4596 1352 4667 ignoratione
1377 4597 1436 4652 sive
1462 4597 1617 4662 oblivione,
1633 4604 1764 4656 autnon
1779 4600 1884 4662 habere,

1035 4689 1085 4741 aut
1099 4685 1227 4740 amisisse
1239 4685 1378 4740 videatur.

1072 4775 1184 4831 CAPUT
1200 4775 1230 4829 t.
1243 4805 1276 4814 —
1289 4776 1474 4830 Animus'non
1492 4777 1616 4830 mutatur
1630 4779 1662 4830 ut
1679 4777 1794 4833 deuant
1806 4792 1858 4833 estc

1402 4866 1519 4920 unimus.

1071 4956 1098 5007 7.
1116 4953 1196 5006 Nunc
1211 4956 1308 5008 autem
1323 4957 1464 5024 quatenus
1482 4950 1651 5023 accipienda
1666 4953 1709 5009 sit
1726 4954 1819 5011 animi
1835 4968 1887 5008 mu-

1036 5040 1105 5094 tatio
1119 5040 1275 5095 videamus.
1293 5041 1323 5097 Si
1335 5040 1412 5096 enim
1426 5040 1587 5112 subjectum
1603 5045 1647 5096 est
1657 5043 1779 5099 animus
1794 5040 1887 5098 erleio

1038 5129 1164 5200 subjecto
1178 5130 1325 5197 existente,
1336 5145 1430 5200 neque
1450 5130 1613 5200 subjectum
1627 5129 1785 5187 immutari
1805 5132 1889 5203 potest

1038 5216 1108 5288 quin
1123 5223 1152 5274 et
1169 5217 1197 5273 id
1208 5218 1284 5289 quod
1299 5217 1330 5272 in
1342 5218 1468 5290 subjecto
1479 5222 1521 5272 est
1531 5217 1726 5289 immutetur3
1736 5221 1788 5294 qni
1799 5233 1887 5293 possa·

1070 5352 1077 5386 ¹
1097 5353 1126 5400 ln
1138 5351 1211 5415 prius
1221 5349 1345 5414 vulgatis,
1354 5353 1410 5401 aine
1420 5353 1514 5403 morte.
1523 5350 1574 5402 Sed
1597 5352 1699 5403 melius
1717 5355 1746 5405 in
1760 5355 1833 5409 lies..
1842 5353 1890 5403 tice

1039 5417 1132 5463 morte.

1072 5475 1108 5538 (a)
1124 5477 1135 5526 1
1147 5475 1272 5536 Retract,
1287 5488 1344 5539 cap.
1355 5477 1379 5536 t,
1391 5488 1418 5525 n.
1431 5477 1454 5524 2.
