3884 6112
689 246 958 305 contessionem
979 245 1007 304 S.
1028 241 1232 304 ancestral.

425 370 539 426 CAPUT
554 371 601 425 lii.

268 460 393 516 Liberum
407 459 551 514 arbitrium
564 473 647 512 creusa
655 459 769 527 peceati.

120 553 146 607 i.
163 550 216 607 Sed
231 553 258 605 et
272 565 326 620 ego
341 548 443 614 adhue,
460 545 591 620 quamvis
607 544 896 601 incontaminabilem
912 549 940 601 et

86 637 331 696 inconvertibilem
343 642 371 692 et
383 636 461 691 nulla
475 652 508 690 ex
520 640 600 707 parte
614 634 783 690 mutabilem
799 635 937 703 dicerem,

25 745 28 749 ·
85 728 226 799 tirmeque
240 725 374 781 sentirem
391 724 544 779 Dominum
559 728 689 778 nostrum
717 724 936 789 Ueumrerum,

87 815 138 888 qui
151 813 247 870 iecisti
260 828 318 868 uon
333 813 425 869 sotum
437 812 546 866 animas
562 815 683 878 nostras,
699 811 748 865 sed
765 810 853 866 etiam
875 827 951 867 cor-⁸

87 920 168 975 pora,
183 919 235 958 nec
247 905 358 957 tantum
372 901 481 955 animas
497 905 607 954 nostras
623 905 793 970 eleemona,
809 900 857 955 sed
873 916 938 955 om-

88 1008 138 1047 nes
153 996 180 1046 et
199 990 312 1056 omnia;
327 1005 386 1044 non
398 989 531 1043 tenebam
549 987 712 1059 explicitam
742 995 770 1043 et
785 989 939 1043 enodatam

87 1096 202 1135 causam
221 1078 306 1134 mali:
323 1093 512 1150 quacumque
526 1081 622 1132 tamen
635 1083 718 1144 esset,
731 1077 771 1132 sie
786 1094 849 1132 eam
861 1094 940 1148 qure-

89 1170 207 1224 rendam
218 1167 360 1232 ridebam,
373 1171 469 1221 utnon
481 1164 618 1237 perillam
630 1165 840 1236 constringerer
849 1167 940 1220 [teum

86 1255 352 1312 iucommutabilem
374 1254 541 1309 mutabilem
568 1253 694 1319 credere,
715 1271 750 1308 ne
764 1254 826 1326 ipse
840 1255 939 1309 fierem

2 1382 6 1391 =
90 1345 168 1417 quod
183 1345 359 1417 qruerebarn.
385 1345 482 1416 ltaque
497 1359 613 1398 securus
627 1359 691 1398 eam
718 1343 894 1416 quaerebam,
912 1348 941 1398 et

88 1438 182 1489 certus
196 1449 253 1488 non
268 1448 330 1487 esse
348 1447 447 1487 rerum
471 1432 548 1504 quod
566 1431 608 1486 iili
624 1432 761 1501 dicerent,
787 1448 858 1503 quos
879 1437 939 1488 toto

88 1519 356 1591 animolugiebam3
373 1519 442 1591 quia
455 1518 596 1586 ridebam,
613 1519 767 1590 quaerendo
785 1520 862 1575 unde
876 1536 936 1574 me-

89 1609 160 1677 lum,
180 1611 303 1681 repletos
325 1607 443 1673 malitia,
468 1623 525 1679 qua
540 1607 728 1678 opinarentur
742 1610 820 1662 tuam
844 1607 939 1678 potfus

89 1697 276 1753 substantiam
292 1697 366 1751 male
380 1696 451 1769 pati,
468 1711 554 1767 quam
577 1713 660 1751 suam
676 1696 867 1752 malefacere.

124 1791 150 1843 5.
162 1788 195 1841 Et
207 1785 390 1841 intendebam
410 1789 442 1839 ut
456 1801 605 1840 cernerem
626 1785 702 1857 quot
719 1784 883 1855 audiebam,
900 1784 938 1839 li-

88 1873 352 1932 berumroluutatie
366 1873 518 1930 arbitrium
533 1890 647 1930 eausam
656 1890 716 1929 esse
730 1878 760 1928 ut
773 1874 847 1929 male
860 1874 935 1929 laee-

90 1980 197 2031 rcmus,
212 1968 240 2018 et
263 1968 373 2019 rectum
390 1963 532 2035 judicium
553 1968 635 2018 tuum
660 1968 691 2018 ut
706 1968 887 2036 pateremur,
913 1967 941 2018 ct

90 2069 154 2109 eam
168 2052 309 2125 liquidam
325 2055 333 2091 ¹
349 2068 466 2108 eernere
490 2068 548 2107 non
563 2053 702 2108 valebam.
727 2054 827 2124 ltaque
849 2051 937 2107 aciem

89 2141 196 2198 mentis
210 2140 245 2195 de
263 2139 408 2212 profundo
432 2140 552 2195 educere
567 2145 695 2208 conatus,
712 2143 863 2213 mergebar
887 2141 939 2196 ite·

89 2245 153 2284 rum
166 2245 173 2295 3
184 2232 213 2283 et
227 2244 302 2298 saepe
311 2231 439 2295 conatus,
450 2229 601 2298 mergebar
611 2228 714 2283 iterum
726 2233 811 2300 etque
822 2229 938 2284 iterum.

90 2317 261 2375 Sublevabat
274 2316 352 2371 enim
361 2331 406 2370 mc
416 2315 446 2370 in
458 2315 550 2370 lucem
561 2319 640 2371 tuam
653 2317 731 2388 quod
742 2322 800 2371 tam
813 2333 859 2372 me
869 2317 939 2372 seie-

90 2406 156 2461 bam
168 2404 273 2460 babere
287 2404 475 2472 voluntatem,
488 2420 575 2476 quam
587 2421 632 2460 me
645 2405 746 2460 rivere.
764 2407 863 2478 itaque
873 2423 938 2462 eum

89 2493 200 2565 aliquid
212 2492 315 2548 vellem
331 2496 380 2547 aut
393 2493 511 2556 nollem,
527 2509 584 2547 non
599 2493 688 2548 alium
702 2510 790 2565 quarn
806 2510 850 2549 me
867 2497 939 2550 relle

89 2598 122 2638 ac
136 2581 212 2638 nolle
226 2581 400 2636 certissimus
415 2597 503 2649 eram,
520 2587 548 2637 et
565 2581 605 2637 ibi
630 2599 691 2638 esse
707 2599 819 2638 causam
832 2584 939 2655 pcccati

89 2670 214 2743 meljam
225 2671 343 2742 jamque
353 2670 622 2727 animadvertebam.
633 2671 713 2735 Quod
725 2677 822 2726 autem
835 2672 940 2727 inritus

89 2759 222 2826 iacerem,
239 2759 298 2830 peti
315 2775 360 2813 rue
376 2759 473 2831 potius
488 2775 575 2830 quem
589 2758 681 2814 faeere
694 2758 840 2827 ridebam;
864 2766 894 2815 ct
908 2761 936 2816 id

91 2848 285 2920 noneulpam‚
297 2848 346 2903 sed
360 2863 474 2920 poenam
486 2864 547 2903 esse
559 2848 732 2920 judicabam,
748 2864 805 2920 qua
820 2865 867 2904 me
882 2864 941 2904 non

92 2937 198 3009 injuste
214 2935 310 3008 plecti,
329 2941 357 2991 te
378 2936 489 3007 justum
511 2937 648 3007 cogitans,
670 2937 725 2992 cito
750 2937 868 2993 fatebar.
886 2938 939 2994 Sed

90 3042 189 3082 rursus
213 3026 360 3081 dicebam:
376 3025 444 3089 Quis
463 3025 529 3080 lecit
544 3025 616 3080 mc?
632 3028 731 3081 Nonne
756 3027 830 3080 Ueus
849 3043 940 3095 meus,

91 3129 150 3169 non
164 3117 275 3168 tentum
298 3114 400 3180 bonus,
427 3113 476 3168 sed
497 3113 593 3184 ipsum
612 3115 743 3169 bouum‘i
759 3114 837 3170 Unde
852 3114 942 3187 igitur

92 3200 165 3258 mihi
179 3203 253 3256 male
263 3201 334 3256 relle
350 3206 379 3256 et
392 3201 465 3256 bene
479 3203 565 3271 nolle,
575 3207 608 3256 ut
618 3207 750 3258 essetcur
758 3203 833 3274 juste
845 3220 942 3275 poenas

92 3289 223 3346 luerem?
233 3289 302 3355 Quis
314 3289 344 3343 in
356 3305 401 3345 me
415 3290 468 3344 boc
478 3291 583 3362 posuit,
599 3294 627 3346 et
636 3292 739 3347 inserit
751 3292 821 3346 mihi
834 3294 941 3363 planta·

93 3378 169 3433 rium
184 3378 394 3445 amaritudinis,
408 3394 473 3433 cum
483 3382 559 3433 totus
572 3381 670 3434 tierem
681 3397 697 3434 a
707 3380 871 3436 dulcissime
884 3382 941 3436 er

92 3467 178 3523 aneo?
192 3467 220 3523 Si
235 3467 365 3523 diabotus
386 3472 492 3535 auctor,
511 3468 587 3523 unde
602 3468 663 3540 ipse
685 3469 835 3526 diabulus?
861 3471 941 3539 Quod

91 3557 116 3612 ei
131 3560 160 3612 et
175 3556 235 3629 ipse
250 3573 383 3629 perversa
402 3559 547 3612 roluntate
561 3573 593 3613 ex
611 3559 687 3614 bono
699 3560 799 3631 augeio
813 3559 944 3615 diabolus

92 3642 183 3699 iactus
197 3648 253 3712 cst;
265 3645 342 3700 unde
357 3649 385 3700 et
399 3645 430 3700 in
449 3646 510 3718 ipso
525 3648 655 3703 voluntas
671 3649 747 3704 maia
767 3664 823 3721 qua
846 3649 942 3704 diabo-

93 3733 138 3787 lus
161 3733 252 3800 tieret,
273 3734 388 3806 quando
407 3739 484 3789 totus
498 3737 647 3806 angelusa
669 3737 815 3793 conditore
833 3739 943 3810 optimo

94 3818 185 3874 lactus
208 3824 281 3874 esset
295 3819 386 3874 bonus
403 3821 435 3876 ²?
448 3822 496 3876 ilis
520 3824 740 3895 cogitationibus
764 3825 942 3898 deprimebar

94 3905 198 3960 iterum
222 3911 250 3961 et
262 3909 434 3963 suilbeabar:
450 3910 499 3966 sed
514 3927 571 3966 non
594 3928 686 3983 usque
701 3913 736 3968 ad
752 3913 835 3968 illum
850 3915 943 3970 iuter-

91 4011 164 4053 num
189 3995 368 4051 subducebar
396 3999 512 4069 erroris,
528 4000 577 4056 ubi
606 4017 689 4057 nemo
714 4003 865 4059 cantitetur
878 4004 942 4071 tibi,

95 4087 166 4142 dum
180 4088 211 4142 lu
225 4086 321 4157 potius
330 4087 405 4142 mala
417 4089 488 4159 pati,
502 4106 588 4161 quarn
602 4091 687 4147 bomo
708 4092 800 4147 tacere
811 4097 942 4164 putatur.

427 4194 540 4251 eaPttr
560 4198 607 4253 IV.
833 4259 837 4267 ,

252 4285 335 4337 licum
353 4284 584 4354 incorruptibilem
599 4302 654 4343 esse
671 4293 783 4359 oportet.

130 4373 155 4425 e.
172 4369 216 4426 Sic
236 4370 313 4425 enim
334 4371 445 4427 nitebar
467 4378 568 4429 crotera
585 4375 723 4446 inrenire,
744 4378 843 4449 utJ'am
868 4378 945 4433 inre·

95 4473 194 4513 ueram
209 4459 312 4514 melius
328 4477 388 4516 esse
402 4463 628 4536 incorruptibile,
642 4481 728 4536 quam
743 4467 942 4538 corruptibiie;

94 4549 123 4599 et
141 4544 204 4601 ideo
221 4553 259 4617 le,
274 4549 413 4623 quidquid
428 4568 513 4620 essee,
530 4569 589 4608 esse
605 4553 852 4626 incorruptibilem
875 4572 944 4610 eon·

93 4633 203 4688 litebar.
221 4635 471 4707 Nequeeuimulla
486 4641 583 4696 arrima
598 4658 726 4714 unquam
741 4644 842 4714 potuit,
856 4649 940 4716 pote·

94 4722 166 4778 ritre
182 4722 305 4794 cogitare
316 4728 424 4800 aliquid
435 4731 512 4802 quod
521 4729 558 4785 sit
570 4735 597 4786 tc
610 4731 723 4798 melius,
736 4732 785 4802 qui
796 4749 942 4788 summum

95 4814 123 4865 et
139 4811 282 4882 optimum
295 4814 404 4871 bonum
420 4836 463 4874 es.
483 4819 554 4874 Cum
568 4825 663 4875 auteur
680 4820 825 4875 rarissime
855 4828 941 4893 atque

95 4898 251 4955 certissime
263 4900 478 4976 incorruptibile
494 4908 670 4980 corruptibili
682 4914 878 4980 praeponatur,
892 4911 946 4965 sic·

95 4988 199 5061 utjam
224 5005 276 5060 cgu
299 4996 513 5064 praeponebam,
530 5003 661 5068 poteram
682 4999 742 5070 jam
769 4999 942 5071 cogitatione

95 5078 205 5152 aliquid
219 5079 359 5150 attingere
377 5083 455 5154 quod
471 5090 545 5141 esset
568 5087 671 5141 melius
689 5088 744 5142 ttuo
761 5104 835 5155 meo,
848 5088 903 5143 nisi
915 5093 948 5144 tu

127 5189 136 5222 ¹
149 5185 192 5236 Sic
199 5187 258 5235 bles.
269 5186 346 5249 ingl.
358 5191 384 5236 et
394 5191 475 5239 nostri
487 5205 567 5263 prope
575 5207 668 5243 omues
679 5194 739 5242 ilss.
749 5194 780 5243 Et
789 5194 867 5257 paulo
879 5199 946 5257 post,

96 5249 949 5318 nartnltuarrqanrrarrae.ldorultqurrtcccrnerc...uonattuatqunur

95 5312 421 5372 ruci-rtrultartl'lor.
437 5319 461 5364 et
479 5316 562 5364 [lond.
576 5331 636 5367 cum
656 5319 873 5368 nonnullisblsa:
891 5322 948 5368 b'ou

96 5373 276 5444 alicuiquam
289 5388 329 5423 rue
433 5377 466 5424 ll.

96 5435 286 5546 ΕΙἷὴίιὴιιῑῑιῑιιι
298 5437 380 5490 bontas
394 5438 420 5488 iu
436 5440 496 5489 lise.
509 5440 619 5503 lleuigu.
631 5442 792 5492 Theoderico
803 5448 829 5494 ct
844 5443 949 5507 aliquot

1793 245 1839 298 ‘tid

993 384 1070 424 esses
1089 364 1324 439 incorruptibilis.
1348 364 1400 420 Ubi
1413 363 1502 436 igitur
1520 363 1652 419 ridebam
1673 364 1843 437 incorrupti·

992 455 1050 512 bile
1065 454 1245 527 corruptibili
1257 452 1549 525 essepraelcrendum,
1565 452 1642 508 ibite
1655 469 1787 525 quaerere
1796 454 1843 510 de·

994 544 1107 610 bebam,
1128 549 1214 617 atque
1240 543 1307 599 inde
1332 543 1478 598 advertere
1501 542 1578 597 unde
1594 541 1654 597 ¹sit
1673 542 1795 607 malum,
1819 544 1845 599 id

992 638 1046 702 est,
1058 634 1134 689 unde
1146 633 1183 688 sit
1200 633 1262 704 ipsa
1272 631 1429 702 corruptio,
1438 648 1495 703 qua
1507 630 1609 686 violari
1625 632 1785 687 substantia
1799 637 1846 687 tua

992 723 1072 778 nullo
1088 723 1173 777 modo
1189 725 1296 794 potest.
1323 722 1406 776 Nullo
1424 720 1502 776 enim
1515 736 1633 792 prorsus
1648 721 1737 776 modo
1762 721 1847 777 victu

992 811 1137 883 corruptio
1163 812 1254 866 Ueum
1273 813 1422 878 nestrum;
1443 810 1522 864 nulla
1533 809 1691 879 voluntate,
1702 810 1784 864 aruba
1798 825 1846 864 ne·

993 900 1133 968 cessitate,
1159 901 1239 955 nullo
1268 899 1422 971 improviso
1446 914 1527 965 casu;
1554 897 1692 970 quoniam
1719 897 1781 970 ipse
1808 903 1848 953 est

994 991 1077 1056 licus,
1095 995 1123 1045 ct
1138 990 1216 1062 qaod
1239 988 1293 1043 sibi
1308 989 1368 1043 vult
1381 987 1490 1042 bonum
1506 991 1558 1053 est,
1580 993 1609 1042 ct
1623 987 1685 1060 ipse
1709 992 1753 1042 est
1771 987 1845 1042 idenr

992 1077 1114 1133 bonum:
1137 1078 1388 1144 corrumpiautem
1410 1078 1715 1133 noneetbonnm.Nec
1738 1079 1848 1149 cogeris

993 1167 1100 1222 inritus
1122 1167 1157 1221 ad
1181 1166 1302 1238 aliquid,
1317 1166 1385 1237 quia
1397 1165 1529 1221 voluutas
1549 1171 1599 1221 tua
1616 1182 1676 1222 non
1698 1170 1742 1223 est
1758 1167 1849 1238 major

994 1272 1082 1328 quam
1103 1255 1232 1326 petentia
1246 1259 1306 1310 tua.
1328 1256 1407 1310 Esset
1420 1259 1516 1309 autem
1534 1255 1635 1324 major,
1660 1254 1686 1309 si
1702 1257 1731 1309 te
1745 1255 1808 1325 ipso
1819 1260 1848 1310 tu

994 1344 1056 1416 ipsc
1072 1344 1165 1415 major
1182 1359 1271 1398 esses:
1287 1343 1417 1397 voluntas
1427 1341 1506 1397 enim
1520 1343 1687 1414 etpotentia
1698 1342 1762 1410 Dei,
1778 1344 1848 1399 licus

994 1433 1054 1504 ipse
1068 1434 1119 1488 est.
1138 1433 1170 1487 Et
1184 1431 1254 1504 quid
1270 1430 1456 1503 improvisum
1469 1429 1522 1485 tibi
1537 1430 1587 1503 qui
1601 1430 1681 1485 nosti
1700 1430 1813 1498 omnia,
1823 1437 1849 1487 et

992 1522 1072 1577 nulla
1085 1525 1187 1575 natura
1197 1524 1250 1585 est,
1261 1518 1316 1575 nisi
1330 1518 1399 1589 quia
1410 1518 1483 1573 nosti
1494 1517 1579 1573 eam‘t
1591 1520 1625 1574 Et
1635 1519 1741 1591 utquid
1760 1521 1847 1575 muita

994 1610 1125 1677 dicimus,
1141 1625 1192 1664 eur
1201 1624 1260 1663 non
1273 1607 1513 1678 sitcorruptibilis
1528 1607 1689 1664 substantia
1701 1623 1769 1681 quea
1779 1609 1848 1664 Deus

994 1700 1046 1764 est,
1062 1696 1177 1768 quando
1193 1695 1281 1752 sibae
1293 1699 1366 1750 essct
1381 1695 1474 1750 lteus‘l

1333 1783 1447 1840 CAPUT
1469 1783 1504 1839 V.

1062 1874 1163 1941 Qrtaerit
1178 1875 1276 1929 iterum
1290 1873 1361 1928 urrde
1375 1874 1489 1940 motum,
1505 1877 1530 1928 et
1544 1887 1604 1942 quae
1616 1871 1705 1927 radia
1715 1872 1787 1942 ejus.

1027 1968 1057 2018 7.
1079 1964 1112 2018 Et
1126 1963 1290 2035 quaerebam
1304 1962 1379 2017 unde
1395 1963 1512 2031 malum,
1530 1965 1557 2016 et
1571 1961 1648 2017 male
1664 1961 1842 2033 quaerebam

994 2055 1022 2107 ot
1036 2051 1066 2106 in
1083 2051 1144 2122 ipsa
1158 2051 1344 2124 inquisitione
1364 2066 1428 2106 meo
1451 2067 1510 2106 uon
1527 2049 1656 2106 ridebam
1672 2050 1794 2106 malum.
1818 2051 1847 2105 Et

994 2139 1203 2194 constituebam
1233 2139 1265 2193 in
1293 2142 1447 2211 conspectu
1471 2138 1591 2210 spiritus
1607 2138 1667 2194 mei
1686 2139 1844 2195 universam

994 2233 1166 2297 ereaturam,
1185 2227 1326 2301 quidquid
1344 2227 1375 2282 in
1387 2243 1421 2283 ea
1434 2243 1550 2283 cernere
1564 2243 1741 2300 possumus;
1765 2226 1842 2281 sicuti

994 2322 1037 2373 cst
1056 2321 1142 2385 terra,
1158 2322 1187 2372 et
1200 2333 1289 2382 mare,
1306 2320 1334 2372 ct
1349 2332 1408 2385 aer,
1425 2315 1528 2384 sidere,
1545 2321 1573 2371 et
1587 2316 1719 2382 arbores,
1741 2319 1771 2371 et
1792 2315 1844 2371 ani-

995 2407 1082 2463 malia
1097 2406 1242 2461 mortalia:
1258 2411 1286 2461 ct
1300 2404 1444 2478 quidquid
1458 2405 1489 2460 in
1502 2421 1537 2461 ee
1550 2420 1610 2460 nun
1624 2403 1768 2473 videmus,
1779 2405 1844 2460 sieut

994 2497 1208 2553 firmamentum
1223 2494 1297 2563 coeli,
1308 2496 1425 2566 iusuper
1443 2500 1472 2550 et
1483 2509 1584 2549 omnes
1597 2494 1725 2564 Angelos
1741 2496 1769 2549 et
1782 2508 1844 2548 eun·

996 2591 1040 2641 eta
1061 2585 1221 2656 spiritualia
1249 2585 1327 2656 ejus;
1356 2584 1406 2639 sed
1427 2584 1513 2638 ctiam
1528 2582 1601 2654 ipsa,
1627 2582 1711 2654 quasi
1734 2599 1845 2654 corpora

997 2679 1101 2745 essent,
1117 2674 1185 2729 locis
1201 2679 1229 2729 et
1244 2673 1313 2728 locis
1324 2671 1466 2727 ordinarit
1478 2671 1650 2744 imaginatio
1661 2687 1728 2726 mea
1739 2688 1747 2740 ;
1760 2677 1789 2727 et
1799 2671 1844 2726 ieci

999 2778 1087 2818 unam
1102 2778 1224 2818 massam
1245 2762 1383 2834 grandem
1398 2761 1561 2817 distinetam
1583 2760 1742 2832 generibus
1754 2776 1843 2831 corpo

997 2868 1062 2906 rum
1076 2856 1236 2907 creaturam
1251 2855 1331 2905 tuam
1341 2853 1366 2917 ¹;
1383 2849 1441 2905 sire
1455 2865 1519 2922 quea
1533 2865 1601 2904 vera
1615 2865 1742 2921 corpora
1762 2854 1842 2913 erant

995 2941 1054 2995 sire
1068 2957 1133 3011 quae
1154 2939 1216 3011 ipse
1244 2955 1296 3011 pro
1323 2938 1470 3010 spiritibus
1491 2938 1646 2994 llnxeram:
1664 2943 1694 2993 et
1712 2954 1777 2993 eam
1799 2937 1842 2993 leci

996 3029 1144 3100 grandem,
1157 3044 1216 3083 non
1228 3031 1369 3099 quantum
1379 3031 1449 3094 erat,
1459 3027 1537 3099 quod
1549 3026 1622 3082 seire
1634 3043 1694 3082 non
1705 3031 1841 3098 poteram

996 3119 1046 3174 sed
1061 3122 1202 3191 quantum
1215 3117 1308 3185 libuit,
1320 3116 1562 3188 undiquevorsum
1581 3132 1651 3171 sane
1666 3116 1791 3173 linitam.
1812 3118 1842 3172 Te

997 3213 1103 3276 autem,
1129 3206 1257 3270 Domine,
1279 3222 1314 3260 ea
1338 3205 1417 3261 omni
1440 3210 1520 3277 parte
1542 3204 1722 3261 ambientem
1744 3209 1843 3262 eareat

999 3301 1209 3369 penetrantem,
1220 3296 1269 3351 sed
1283 3310 1490 3367 usquequaque
1500 3294 1665 3351 inlinitum:
1680 3295 1842 3368 tanquamsi

997 3401 1076 3440 mare
1092 3389 1167 3440 esset
1183 3384 1301 3457 ubique,
1315 3389 1345 3439 et
1354 3383 1542 3457 undique‘per
1551 3383 1697 3439 immensa
1712 3383 1802 3456 spatia
1809 3383 1842 3438 in-

997 3473 1112 3528 liuitum
1137 3473 1229 3528 solum
1250 3489 1340 3543 mare,
1363 3478 1392 3528 et
1412 3472 1531 3528 baberet
1554 3471 1633 3527 intra
1649 3489 1679 3529 se
1701 3472 1842 3545 spongiam

997 3561 1157 3634 quamlibet
1177 3577 1322 3632 magnam,
1346 3561 1394 3616 sed
1409 3561 1521 3616 linitam
1546 3564 1661 3629 tamen,
1677 3563 1767 3633 piena
1781 3564 1843 3617 esset

997 3651 1098 3723 utiquc
1112 3650 1231 3722 spongia
1244 3649 1294 3705 illa
1307 3665 1341 3706 ex
1352 3648 1431 3704 omni
1441 3666 1492 3705 sua
1502 3653 1582 3722 parte
1593 3666 1625 3704 ex
1642 3649 1786 3706 immenso
1796 3667 1843 3705 ma-

997 3739 1036 3795 ri:
1065 3739 1104 3793 sic
1138 3744 1299 3794 creaturam
1324 3738 1435 3793 linitam
1465 3741 1492 3793 te
1520 3737 1635 3794 inlinito
1664 3738 1782 3811 plenem
1797 3754 1842 3810 pu-

998 3829 1106 3895 tabam,
1119 3835 1147 3882 ot
1162 3826 1309 3883 dicebam:
1332 3828 1400 3882 Ecce
1416 3827 1501 3895 Deus,
1517 3831 1545 3882 et
1570 3842 1635 3882 eece
1662 3843 1730 3899 quea
1752 3825 1844 3882 crearit

1000 3918 1083 3984 Unus,
1100 3922 1127 3971 et
1151 3916 1244 3971 bonus
1266 3920 1308 3970 est
1327 3917 1411 3979 Deus.
1433 3918 1519 3987 atque
1541 3913 1585 3969 bis
1600 3915 1777 3970 ratidissime
1790 3915 1841 3969 luu-

998 4005 1173 4077 gissimeque
1192 4003 1389 4075 praestantium
1407 4004 1457 4058 sed
1469 4007 1566 4058 tamen
1581 4004 1676 4058 bonus
1692 4003 1842 4059 bonaerea

998 4093 1047 4161 rit,
1060 4098 1089 4149 et
1103 4109 1166 4148 cece
1180 4092 1324 4164 quomodo
1337 4091 1431 4146 ambit
1442 4096 1529 4164 atque
1543 4091 1648 4162 implet
1661 4107 1705 4147 ea.
1721 4093 1772 4148 Ubi
1785 4107 1843 4162 ergo

999 4183 1118 4245 rnatum,
1147 4186 1175 4236 ct
1191 4181 1277 4247 unde,
1301 4197 1358 4253 qua
1372 4182 1429 4236 hue
1442 4179 1572 4253 irrepsit!
1589 4180 1660 4245 Qua·
1684 4180 1767 4235 radix
1780 4179 1842 4251 ejus,

1000 4277 1029 4327 et
1043 4270 1121 4342 quod
1138 4285 1235 4324 semen
1251 4269 1313 4341 ejus
1321 4271 1334 4324 'l
1350 4270 1394 4322 An
1408 4268 1525 4323 omnino
1540 4283 1598 4322 uon
1617 4271 1682 4324 est?
1706 4270 1764 4326 Cur
1786 4284 1844 4338 ergo

998 4359 1132 4414 timemus
1150 4363 1181 4413 et
1199 4373 1331 4412 caremus
1344 4357 1423 4429 quod
1446 4372 1504 4411 non
1519 4359 1580 4411 est‘l
1596 4358 1657 4412 Aut
1679 4357 1705 4413 si
1731 4357 1845 4413 inaniter

998 4448 1141 4514 timemus,
1159 4452 1234 4502 certe
1254 4446 1296 4500 rel
1311 4445 1396 4501 timor
1412 4445 1473 4517 ipse
1488 4447 1598 4499 metum
1621 4450 1674 4513 est,
1692 4462 1751 4519 quo
1766 4445 1845 4500 inees-

999 4552 1062 4591 sum
1077 4536 1242 4591 stimulatur
1259 4539 1288 4589 et
1301 4533 1480 4590 excruciatur
1498 4549 1560 4588 cor:
1584 4536 1614 4589 et
1636 4539 1718 4590 tanto
1740 4532 1845 4607 gravius

1000 4627 1118 4691 melum,
1128 4630 1300 4697 quantonon
1312 4628 1356 4678 est
1366 4624 1443 4696 quod
1451 4623 1612 4690 timeamus,
1620 4622 1843 4680 ettimemusdd-

999 4714 1073 4770 cireo
1087 4719 1136 4769 aut
1146 4715 1305 4769 estmalum
1314 4712 1393 4784 quod
1403 4711 1548 4780 timemus,
1560 4716 1610 4767 aut
1624 4712 1680 4767 boe
1691 4713 1841 4768 malnmest

1000 4802 1067 4875 quia
1082 4803 1226 4858 timemus.
1247 4802 1327 4858 Unde
1342 4805 1384 4857 est
1409 4800 1510 4873 igitur,
1526 4799 1664 4872 qnoniam
1689 4802 1766 4857 Deua
1788 4797 1845 4856 lecit

1001 4893 1061 4947 lroee
1076 4891 1183 4954 omnia,
1201 4893 1294 4947 bonus
1309 4891 1403 4946 bona?
1424 4890 1512 4961 btaJus
1525 4889 1643 4962 quidem
1661 4895 1691 4945 et
1709 4902 1843 4946 summum

1000 4981 1108 5035 bonum
1117 4979 1230 5034 minora
1243 4979 1308 5034 iecit
1323 4979 1407 5046 bona,
1423 4978 1473 5033 sed
1482 4983 1578 5033 tamea
1588 4983 1727 5034 etcreans
1740 4985 1767 5034 et
1779 4992 1844 5032 crea·

1000 5074 1029 5124 ta
1045 5070 1118 5125 bona
1133 5074 1200 5123 sunt
1212 5068 1318 5124 omnia.
1335 5068 1414 5123 Unde
1427 5072 1469 5122 est
1485 5067 1614 5122 malum?
1633 5069 1678 5122 Aa
1693 5067 1770 5122 unde
1783 5061 1844 5121 iecit

1002 5177 1035 5214 ca
1059 5163 1079 5225 ³,
1100 5157 1233 5213 materies
1256 5158 1351 5229 aliqua
1374 5156 1450 5212 mala
1465 5161 1537 5224 erat,
1562 5160 1590 5210 et
1608 5155 1744 5212 lormarit
1769 5158 1842 5225 atquc

1035 5259 1040 5292 ¹
1059 5257 1087 5304 lu
1102 5257 1139 5312 tt,
1152 5255 1207 5305 obi.
1223 5254 1342 5317 Plerique
1356 5253 1421 5302 Erid.
1435 5252 1506 5303 unde
1610 5252 1645 5301 lt.

1033 5321 1043 5353 ²
1059 5323 1177 5376 quatuor
1188 5318 1247 5367 lise.
1271 5320 1463 5367 ereaturarum
1477 5318 1593 5365 tuorum.
1774 5373 1779 5382 Ι

1033 5384 1043 5414 1²
1061 5380 1098 5429 lta
1104 5381 1164 5429 lise.
1173 5379 1302 5428 eumltad.
1309 5381 1335 5428 et
1346 5380 1424 5437 Arna
1436 5377 1525 5426 atain.
1533 5377 1656 5430 Er.Lor..
1667 5375 1838 5425 mutatamttr·

1003 5443 1155 5505 punctione,
1170 5437 1472 5494 enneacedeciterida
1485 5442 1535 5490 aa?
1550 5438 1674 5491 urntcries
1685 5432 1838 5501 aliquantulo

1008 5508 1075 5556 aare.
