3884 6112
145 211 198 262 titill
748 207 1020 266 CONFESSIONUM
1040 206 1067 264 S.
1096 204 1302 264 Attuusrlru.
1850 210 1894 261 hio

143 350 229 405 quem
244 335 331 399 amat,
347 331 442 387 studet
457 332 594 400 iudicare,
614 333 740 406 dumque
754 350 806 406 per
819 335 932 406 singula
952 332 1029 389 ducit
1047 348 1145 388 rerum
1159 348 1275 404 genera,
1300 331 1399 387 multis
1422 330 1543 403 explicat
1565 329 1716 385 memoriae
1735 328 1795 385 vim
1820 331 1894 401 plane

143 422 324 493 stupendam,
341 421 418 492 quod
438 437 489 476 sua
504 422 534 476 in
545 423 686 478 memoria
700 423 795 477 locum
809 424 884 478 Deus
898 422 1012 490 habeat,
1027 422 1200 495 gratulatus.
1213 421 1337 493 Inquirit
1350 421 1381 475 iu
1391 424 1480 488 actus,
1491 418 1522 474 in
1537 435 1649 489 sensus,
1662 424 1692 475 et
1706 418 1826 474 allectae
1840 437 1896 476 auos

144 527 254 577 omnes,
271 526 305 563 ex
324 509 429 580 triplici
445 511 603 566 tentatione
620 512 779 581 voluptatis,
797 510 980 578 curiositatis,
997 526 1029 565 ac
1043 510 1195 582 superbia.
1210 509 1365 565 Dominum
1381 509 1524 564 Christum
1539 523 1634 563 unum
1648 508 1842 564 mediatorem
1856 510 1896 565 ltri

143 605 172 655 et
190 598 341 654 hominum
360 599 520 666 confitetur,
538 601 656 671 ejusque
671 616 724 670 ope
736 599 825 655 animi
838 600 883 656 sui
897 601 1051 671 languores
1072 615 1173 656 omnes
1184 599 1325 655 sanandos
1339 614 1401 654 essa
1417 596 1549 653 conlidit.

179 691 212 742 lu
225 687 299 742 libro
314 687 466 742 undecimo
482 692 510 741 et
524 688 711 760 sequentibus
724 693 826 744 tractat
840 689 875 744 de
890 687 1043 760 Scripturis
1055 687 1168 742 sanctis.
1186 690 1289 743 Totum
1304 691 1390 759 caput
1414 686 1542 758 primum
1557 685 1712 753 Geneseoa,
1728 700 1788 756 quo
1805 688 1894 742 mundi

143 776 249 832 creatio
265 775 443 840 describitur,
459 762 706 832 dissertationibus
722 778 856 847 illustrat,
872 777 1054 832 difficultates
1071 776 1249 831 incurrentes
1264 775 1430 842 dissolvens,
1446 778 1474 830 et
1493 775 1528 830 ab
1543 775 1780 830 adversariorum
1792 773 1895 846 objectis

140 864 297 919 vindicans.
306 864 557 920 Sedinundecimo
571 865 696 937 disputat
711 867 797 937 paulo
811 866 901 920 fusius
916 865 1361 937 detempore.1uduodecimode
1369 864 1490 919 materia
1502 864 1632 933 informi,
1645 863 1743 934 deque
1753 864 1895 935 multiplici

142 953 295 1024 Scripturae
310 968 404 1007 seusu.
429 953 461 1007 ln
484 953 569 1009 tertio
592 955 703 1009 decimo
724 955 774 1010 liei
798 955 956 1010 bonitatem
971 971 1006 1010 ex
1033 970 1131 1010 rerum
1157 954 1346 1026 productione
1360 953 1562 1023 commendat3
1579 953 1719 1025 predicat
1736 953 1830 1008 Deum
1843 955 1893 1009 Tri·

142 1042 270 1106 nitatem,
299 1045 327 1096 et
352 1040 474 1113 Spiritus
503 1043 592 1097 sancti
625 1042 774 1115 propriam
808 1048 962 1116 quamdam
988 1043 1148 1099 notionem.
1177 1043 1306 1116 Denique
1338 1042 1426 1098 creati
1449 1041 1552 1097 mundi
1577 1040 1733 1097 historiam
1756 1041 1893 1115 allegorice

143 1131 273 1201 exponit.

177 1220 265 1274 llosce
275 1218 363 1273 libros
379 1219 562 1274 observamus
576 1220 696 1292 scriptos
711 1221 823 1276 circitor
837 1239 946 1277 anuum
961 1220 1065 1277 Christi
1080 1219 1407 1293 quadringentesimum,
1427 1223 1579 1293 propterea
1598 1219 1677 1292 quod
1692 1219 1731 1274 ab
1746 1219 1892 1292 Augustino

142 1312 326 1363 recensentur
339 1307 471 1377 proxime
486 1311 552 1362 ante
567 1308 633 1362 illos
654 1325 727 1381 quos
739 1310 888 1383 episcopus
903 1312 1037 1366 adversus
1052 1310 1188 1364 Faustum
1212 1308 1405 1364 manichaeum
1420 1324 1479 1363 nou
1493 1309 1583 1364 multo
1596 1312 1665 1364 aute
1683 1308 1731 1363 rel
1748 1311 1815 1380 post
1829 1308 1890 1364 hunc

141 1412 250 1453 aunum
263 1395 428 1463 elaboravit,
445 1396 489 1450 uti
503 1413 553 1450 suo
567 1396 677 1452 dicetur
691 1399 762 1454 loco.
779 1400 859 1454 Certe
872 1399 896 1454 si
908 1417 965 1472 qua
978 1415 1064 1471 opera
1076 1398 1226 1454 indubiam
1239 1397 1439 1454 etdiatinctam
1454 1398 1592 1470 temporis
1616 1402 1718 1453 notam
1732 1413 1796 1469 prae
1806 1415 1834 1453 οο
1845 1415 1890 1454 nou

144 1486 248 1547 larunt,
266 1482 289 1537 si
311 1482 374 1536 aliis
390 1482 507 1537 demum
528 1485 705 1555 argumentis
719 1485 749 1541 id
764 1486 930 1559 investigari
944 1503 1002 1543 non
1017 1490 1121 1558 potest,
1138 1485 1350 1541 decernendum
1365 1485 1478 1541 ridetur
1492 1503 1525 1541 ex
1535 1486 1787 1542 Retractatiouum
1813 1487 1890 1555 serie3

145 1570 390 1644 quandoquidem,
401 1576 544 1641 quantum
557 1572 661 1643 potuit,
674 1575 783 1630 curarit
797 1576 982 1647 Augustinus,
998 1579 1031 1630 ut
1042 1590 1095 1630 nos
1109 1591 1142 1629 ex
1153 1574 1214 1646 ipsa
1231 1573 1362 1629 ordinem
1377 1589 1435 1646 quo
1450 1590 1572 1647 quaeque
1588 1575 1695 1647 scripta
1711 1579 1793 1643 suut,
1808 1591 1891 1631 nosse·
1937 1566 1940 1621 ἶ

143 1676 209 1714 mus
223 1659 270 1729 (l).
284 1659 380 1730 Neque
395 1658 584 1715 diffitebimur
598 1664 694 1716 tamen
706 1662 776 1735 quin
791 1663 937 1720 interdum
947 1664 1138 1737 chronologia
1152 1664 1259 1731 miuus,
1275 1663 1366 1734 magis
1384 1667 1481 1720 autem
1496 1664 1664 1736 pertractati
1678 1665 1844 1738 argumenti
1855 1682 1887 1721 ra-
1937 1700 1939 1707 ι

147 1748 256 1802 tionem
272 1746 412 1802 habuerit.

640 1838 668 1893 S.
685 1843 867 1896 hunusrrrus
888 1857 1015 1896 aristote
1032 1843 1103 1914 rot,
1121 1841 1207 1895 Diam
1222 1857 1321 1908 courir,
1337 1857 1365 1895 n.
1382 1844 1409 1896 o.

184 1961 199 1993 a
215 1941 408 2009 Sometimes,
429 1958 500 2014 quos
512 1942 690 2013 desiderasti,
707 1947 924 2002 Confessiouum
940 1963 1079 2002 mearum.
1096 1946 1139 2001 lbi
1153 1962 1200 2001 me
1214 1946 1338 2019 inspice;
1353 1963 1391 2002 ne
1407 1963 1454 2001 me
1467 1946 1565 2001 laudas
1578 1945 1656 2001 ultra
1670 1961 1761 2017 quam
1775 1961 1850 2014 sum;
1861 1947 1892 2001 ihi

147 2046 207 2085 nou
225 2029 289 2085 aliia
308 2029 401 2084 deme
416 2032 510 2097 crede,
525 2030 574 2085 sed
591 2031 677 2100 mihi;
693 2032 734 2088 ibi
749 2050 794 2090 me
814 2034 938 2103 attende,
955 2039 984 2089 et
997 2035 1059 2090 ride
1075 2033 1144 2105 quid
1158 2034 1263 2089 luerim
1278 2034 1308 2089 in
1321 2034 1443 2105 meipso,
1464 2050 1515 2107 per
1529 2033 1688 2105 meipsum:
1707 2039 1737 2090 et
1751 2033 1853 2106 siquid
1870 2036 1892 2090 iu

146 2135 193 2174 me
208 2118 261 2173 tibi
274 2117 422 2190 placuerit,
437 2119 522 2175 lauda
536 2118 576 2174 ibi
589 2137 713 2189 mecum,
725 2139 812 2194 quem
822 2123 933 2178 laudari
943 2122 1020 2177 volui
1031 2123 1066 2177 de
1081 2138 1141 2190 me;
1152 2138 1248 2194 neque
1261 2122 1340 2178 euim
1353 2139 1410 2179 me.
1423 2122 1563 2189 Quoniam
1574 2122 1636 2194 ipse
1650 2121 1721 2178 fecit
1736 2138 1798 2191 nos,
1811 2127 1893 2178 etnon

146 2207 203 2279 ipsi
219 2222 284 2260 nos:
302 2223 354 2261 nos
374 2210 470 2261 autem
483 2207 702 2277 perdideramus
719 2226 784 2279 uos;
800 2210 849 2265 aed
870 2211 920 2283 qui
938 2210 1014 2279 lecit,
1030 2210 1139 2265 refecit.
1156 2210 1228 2265 Cum
1242 2213 1339 2266 autem
1357 2209 1398 2266 ibi
1414 2226 1460 2266 ma
1482 2210 1637 2278 inveneris,
1656 2227 1708 2266 ora
1723 2226 1779 2282 pro
1796 2227 1850 2279 me,
1865 2228 1893 2266 ue

149 2294 290 2362 deficiam,
304 2295 354 2350 aad
365 2294 508 2366 perficiar.
525 2315 539 2348 a

697 2396 734 2449 Ex
749 2411 830 2451 urano
845 2412 879 2450 oe
893 2413 965 2451 nono
980 2398 1289 2464 reservationem.
1305 2412 1351 2452 xx.

185 2507 199 2538 a
220 2487 395 2552 Quidautem
406 2503 539 2543 meorum
549 2490 754 2560 opusculorum
767 2493 946 2564 frequentius
959 2496 987 2548 et
1000 2492 1196 2548 delectabilius
1212 2493 1390 2548 innotescere
1397 2493 1500 2564 potuit,
1512 2509 1599 2565 quam
1611 2493 1680 2549 libri
1691 2493 1895 2549 Confessiouum

150 2577 304 2631 mearum?
318 2576 388 2631 Cum
405 2581 434 2631 et
446 2576 521 2648 ipsos
535 2577 675 2634 ediderim
689 2584 845 2652 autequam
864 2582 1017 2653 Pelagiana
1030 2582 1148 2638 haeresis
1159 2582 1321 2649 exstitisset,
1337 2582 1368 2636 iu
1382 2581 1424 2637 eis
1434 2587 1510 2637 carte
1523 2582 1582 2638 dixi
1596 2584 1654 2638 [leo
1664 2588 1778 2649 nostro,
1793 2587 1822 2637 et
1835 2597 1896 2654 sape

151 2663 228 2720 dixi:
245 2666 285 2720 Du
305 2664 377 2734 quod
392 2664 482 2734 jubes,
499 2669 523 2720 et
545 2666 612 2735 jube
633 2667 706 2736 quod
735 2671 788 2724 uis.
808 2669 876 2733 Quae
903 2686 969 2725 mea
987 2670 1075 2727 rerba
1089 2671 1222 2741 Pelagius
1245 2672 1345 2727 Romae
1369 2688 1467 2726 cuma
1487 2672 1612 2743 quodam
1628 2671 1719 2726 tratre
1742 2669 1896 2743 coepiscopo

146 2768 211 2808 meo
222 2752 343 2807 luissent
361 2768 395 2808 eo
409 2759 551 2824 praeseute
562 2761 796 2828 commemorata,
811 2756 885 2813 ferre
897 2775 955 2814 nou
969 2760 1082 2831 potuit,
1099 2764 1128 2816 et
1142 2760 1493 2833 contradicensjaliquauto
1507 2761 1690 2827 commotius,
1703 2776 1782 2832 pene
1797 2775 1859 2815 cum
1869 2774 1895 2813 co

148 2841 258 2914 quiilla
272 2847 561 2913 commemoraverat,
577 2844 708 2916 litigavit.
726 2866 740 2897 n

200 2934 273 2998 Vide
288 2943 438 3016 proetcmc
453 2933 566 2999 tibrum
586 2936 619 3014 2,
640 2957 705 3020 cup.
727 2937 760 3016 6,
778 2938 1064 3021 Retractatiouum,
1088 2961 1162 3026 pop.
1189 2941 1268 3020 632,
1291 2961 1324 3006 o.
1357 2942 1372 3006 l
1402 2951 1432 3007 et
1464 2944 1498 3019 Ξ,
1525 2940 1635 3018 verbra
1663 2888 1895 3006 (lonlemiouou

152 3055 299 3102 mearum
318 3059 413 3123 ruqraee
429 3043 471 3104 od
483 3039 590 3120 cerba,
606 3043 741 3128 Magnus
759 3062 805 3123 es,
824 3044 971 3111 Domine.
1174 3047 1216 3112 n.

183 3177 217 3239 (t)
232 3177 336 3242 Prolog.
355 3180 469 3229 Retract.
488 3195 514 3229 n.
531 3184 554 3230 3.

490 3473 554 3601 S.
613 3472 980 3604 AURELII
1075 3476 1569 3608 AUGUSTINI

794 3719 1063 3787 HlPPONENSlS
1087 3721 1270 3788 Episcopi

735 3896 1334 4020 nonnussionuu

637 4118 868 4241 LIBRI
911 4120 1348 4250 TREDECIM
1388 4112 1442 4243 “l.
1544 4135 1549 4151 ·

815 4362 1235 4374 ——————-

712 4496 969 4620 LIBER
1018 4494 1354 4620 PRIMUS.

189 4717 328 4768 Praemisso
336 4720 384 4768 Dei
394 4720 570 4781 invocatione,
578 4719 671 4769 recolit
679 4717 740 4767 vitre
748 4730 804 4767 sum
818 4716 961 4781 primordia
972 4716 1005 4767 ad
1019 4728 1119 4766 anuum
1134 4715 1267 4766 decimum
1275 4717 1408 4780 quintum.
1420 4716 1543 4768 lulautioe
1554 4720 1664 4782 peccata
1677 4717 1890 4782 agnuscastus

154 4796 239 4856 rillio,
256 4800 334 4859 atque
351 4797 485 4849 baccatate
501 4800 529 4849 iu
553 4799 641 4849 lurum
655 4802 679 4848 el
698 4797 809 4862 puerilia
821 4810 932 4861 qumque
945 4796 1146 4858 oblectamenta,
1161 4811 1240 4860 quam
1260 4797 1288 4847 iu
1302 4797 1449 4848 litterarum
1470 4797 1559 4848 studia
1576 4797 1768 4862 procliviorem
1781 4811 1810 4848 aa
1821 4795 1890 4847 tuisse

160 4876 309 4926 confltetur.

434 5142 547 5198 CAPUT
566 5145 712 5201 PRlllUll.
1062 5161 1147 5211 creir,
1164 5143 1210 5214 3)τ
1224 5158 1328 5214 magna
1337 5141 1427 5199 virtue
1441 5146 1501 5212 tua,
1517 5146 1546 5198 et
1559 5143 1708 5214 sapientiae
1723 5147 1780 5199 tuae
1795 5156 1849 5199 nou
1860 5140 1894 5193 est

295 5233 377 5286 burm
393 5231 453 5285 aruit
470 5231 583 5286 tundore
596 5233 631 5286 ab
645 5236 705 5303 ipso
719 5236 863 5290 cecitatem.
1060 5248 1198 5287 numerus
1214 5233 1295 5301 (Paul.
1312 5247 1399 5301 cxnvr,
1422 5231 1459 5303 5).
1482 5232 1516 5287 ut
1534 5232 1652 5288 laudare
1674 5237 1705 5288 ta
1727 5233 1788 5287 ruit
1811 5231 1893 5290 homo.

187 5326 210 5377 l.
232 5323 349 5392 Magnus
378 5334 417 5384 ea,
445 5318 575 5384 Domine,
602 5325 630 5376 et
649 5322 785 5377 laudabili
815 5322 896 5377 valde
917 5321 1000 5391 (Paul.
1057 5320 1153 5392 aliqua
1171 5320 1265 5392 portio
1290 5325 1428 5377 creaturae
1447 5326 1520 5388 tuae3
1546 5325 1576 5376 ot
1601 5321 1689 5377 homo
1706 5319 1894 5377 circumferens

184 5437 219 5496 (ul
236 5436 329 5499 Scripti
342 5447 413 5485 aritio
428 5433 531 5484 circiter
543 5437 596 5483 lto.
