3884 6112
69 227 136 282 laos

65 351 210 423 pertinet:
226 366 293 406 nam
304 355 331 406 et
345 350 467 422 speciale
482 367 589 408 nomen
599 351 731 421 dicimus,
749 353 825 425 quod
836 352 913 409 inter

65 446 129 496 octo
141 444 236 512 partes
247 440 383 496 orationis
397 439 434 496 ita
451 445 503 506 est,
522 446 555 498 ut
567 443 636 498 alias
649 448 759 514 septem
772 458 831 498 uon
846 458 913 498 cou-

64 529 165 584 tineat.
187 529 246 584 Ad.
263 529 404 600 intelligo.
421 530 493 599 dap.
509 531 545 585 Αι
564 530 620 585 hoc
643 536 684 586 est
704 532 781 603 quod
801 531 868 601 dixi,
884 546 913 586 se

63 618 187 673 invicem
203 616 364 688 siguificare
380 617 547 673 vocabulum
563 622 591 672 et
602 634 717 674 nomen.

102 709 144 761 l8.
161 706 219 761 Ad.
229 707 335 775 Teneo,
346 707 395 760 sed
411 722 508 778 quaero
524 706 594 779 quid
608 707 724 775 dixeris,
742 707 813 763 Cum
825 707 912 763 etiam

62 795 157 867 seipsa
174 793 337 865 significant
355 811 420 849 cum
438 795 501 849 aliis
515 795 645 866 partibus
670 795 817 851 orationis.
838 797 910 865 Aac.

62 885 164 939 Nonne
179 883 310 954 superior
325 882 572 951 ratiodoeuitnos,
588 899 687 938 omnes
697 889 793 956 partes
806 884 912 940 oratio·

61 971 117 1040 uis,
143 976 170 1026 et
196 971 315 1027 nomina
328 987 409 1043 posse
424 971 481 1026 dici
495 976 524 1027 et
538 972 684 1039 vocabula,
700 973 729 1028 id
754 977 797 1028 est
818 977 847 1029 et
860 989 912 1028 no·

61 1061 141 1116 mine
157 1064 185 1115 et
200 1060 338 1115 vocabulo
353 1076 436 1132 posse
451 1059 628 1132 significari?
643 1061 699 1116 ad.
713 1061 754 1115 lta
769 1066 820 1117 est.
836 1062 910 1130 Aac.

61 1148 161 1214 Quid?
176 1149 271 1219 ipsum
286 1164 402 1216 nomen,
413 1148 442 1202 id
456 1152 497 1203 est
511 1165 613 1204 sonum
628 1149 717 1204 istum
734 1150 844 1205 duabus
856 1151 910 1222 syl-

61 1237 136 1293 labis
160 1252 336 1309 expressum,
364 1236 388 1291 si
414 1254 448 1292 ex
472 1244 500 1293 te
528 1254 656 1309 quaram
680 1238 751 1310 quid
774 1239 910 1311 appelles,

61 1341 160 1381 nonne
181 1331 256 1381 recte
272 1325 342 1380 mihi
358 1325 555 1397 respondebis,
581 1327 715 1382 Nomen?
739 1326 792 1382 Ad.
814 1328 909 1382 Recte.

59 1414 136 1481 Aac.
153 1414 227 1468 Num
242 1413 282 1468 ita
293 1429 323 1468 se
338 1413 478 1484 significat
491 1414 545 1469 hoc
565 1414 680 1486 signum
695 1416 773 1487 quod
788 1419 912 1487 quatuor

60 1501 177 1574 syllabis
201 1501 385 1557 enuntiamus
404 1518 470 1557 cum
492 1502 623 1570 dicimus,
645 1503 838 1574 conjunctio?
854 1504 912 1559 lloc

59 1590 139 1645 enim
154 1606 259 1646 nomen
275 1590 351 1645 inter
366 1590 415 1645 illa
429 1607 493 1661 quse
515 1590 666 1661 significat,
691 1590 836 1646 numerari
851 1607 910 1647 non

58 1683 164 1751 potest.
182 1679 237 1735 Ad.
252 1680 338 1734 Recte
353 1679 468 1750 accipio.
493 1681 569 1748 Aac.
594 1679 624 1734 Id
648 1683 691 1735 est
710 1681 789 1751 qnod
802 1679 909 1736 dictum

59 1771 105 1823 est
119 1783 225 1822 nomen
239 1768 366 1839 seipsum
379 1767 541 1839 significare
555 1783 621 1822 cum
635 1766 698 1823 aliis
721 1784 786 1841 quae
798 1769 909 1841 signifi-

58 1859 124 1922 cat;
140 1856 217 1928 quod
233 1855 319 1910 etiam
333 1855 368 1911 de
384 1855 518 1911 vocabulo
533 1855 597 1912 licet
612 1872 664 1927 per
679 1856 804 1927 teipsum
824 1855 909 1911 intel·

57 1943 143 2017 ligas.
157 1944 213 2000 Ad.
228 1945 291 1999 Jarn
305 1943 386 1998 facile
414 1949 456 1999 est
479 1961 486 1999 :
503 1944 552 1999 sed
567 1943 640 2000 illud
656 1943 728 1999 mihi
743 1960 819 1999 nunc
832 1943 911 2000 veuit

58 2032 91 2088 iu
109 2038 243 2095 mentem,
260 2048 368 2087 nomen
383 2036 410 2087 et
423 2033 597 2105 generaliter
612 2038 639 2090 et
653 2033 814 2105 specialiter
833 2033 907 2102 diei;

57 2119 229 2177 vocabulum
244 2124 341 2177 autem
355 2120 431 2177 inter
446 2126 508 2177 octo
522 2126 618 2193 partes
638 2123 776 2178 orationis
790 2138 849 2178 non
863 2138 908 2177 ac·

58 2209 136 2280 cipi:
152 2225 241 2281 quare
256 2210 310 2265 hoc
320 2225 434 2282 quoque
444 2209 519 2265 inter
533 2226 563 2265 se
577 2214 683 2281 praetor
697 2210 841 2266 diversum
863 2227 908 2266 so·

58 2313 132 2353 num
145 2297 259 2353 differre
273 2297 405 2355 arbitror.
420 2299 493 2367 Aug.
511 2298 584 2364 Quid
596 2298 609 2353 l
623 2315 728 2354 nomen
742 2303 771 2355 ει
784 2297 909 2361 dvopedi-

56 2390 134 2441 stare
148 2385 224 2442 inter
237 2403 266 2442 se
282 2386 390 2459 aliquid
400 2391 483 2459 putas
498 2390 602 2459 praeter
615 2403 730 2458 sonum,
745 2403 802 2458 quo
821 2387 909 2443 etiam

55 2475 165 2545 lingua
176 2475 378 2530 discernuntur
386 2475 474 2530 latina
483 2480 569 2547 atque
580 2476 695 2547 graeca?
709 2476 766 2530 Ad.
780 2475 830 2531 llic
840 2491 908 2530 vero

56 2562 131 2618 nihil
145 2563 221 2619 aliud
238 2563 377 2635 intelligo.
391 2564 466 2632 Aac.
487 2565 658 2620 Perventum
674 2566 717 2618 est
733 2578 802 2635 ergo
821 2563 856 2619 ad
875 2579 909 2618 ea

55 2651 140 2723 signa
153 2669 217 2724 quae
233 2655 261 2706 et
275 2651 368 2723 seipsa
382 2650 555 2724 significant,
571 2655 599 2707 et
613 2651 689 2707 aliud
709 2652 744 2706 ab
763 2650 819 2706 alio
834 2650 907 2704 invi-

55 2755 122 2795 cem
136 2740 322 2812 significetur,
339 2744 367 2794 et
381 2739 523 2812 quidquid
536 2740 571 2795 ab
596 2755 654 2794 uno
669 2740 722 2794 hoc
737 2742 765 2794 et
781 2739 816 2793 ab
832 2737 906 2806 alio;

54 2828 172 2884 etnihil
196 2832 302 2900 prater
327 2844 429 2883 sonum
449 2827 525 2884 inter
546 2844 575 2883 se
590 2826 742 2882 differant:
765 2841 832 2881 nam
853 2827 908 2882 hoe

55 2920 193 2989 quartum
208 2917 293 2972 modo
308 2916 488 2984 invenimus3
503 2915 559 2972 tria
569 2915 646 2971 enim
662 2914 821 2987 superiora,
837 2915 907 2970 etde

55 3003 174 3060 nomine
185 3005 305 3061 etverbo
312 3005 522 3076 intelliguntur.
529 3004 585 3060 Ac.
593 3003 717 3059 Omnino
724 3007 905 3074 perventum.

113 3093 226 3150 CAPUT
239 3094 297 3150 vll.
313 3124 347 3136 -
357 3091 703 3165 Epiloguspraecedeatiom
721 3093 852 3161 capitum.

97 3184 138 3236 lit.
153 3181 229 3254 Aug.
245 3183 307 3237 Jam
317 3198 382 3253 quae
398 3180 615 3236 sermocinando
629 3179 834 3245 invenerimus,
858 3194 906 3233 ve·

55 3269 110 3325 lim
133 3285 293 3325 recenseas.
322 3270 378 3326 Ad.
399 3269 510 3325 Faciam
525 3272 667 3343 quantum
681 3283 808 3340 possum.
835 3268 906 3322 Nam

54 3355 907 3430 primoomniumracordoraliquandiunosquasissequam

55 3446 212 3502 obcausam
221 3447 386 3518 loquamur,
400 3447 606 3517 inventumque
621 3460 682 3499 esse
697 3444 818 3499 docendi
832 3459 909 3499 com·

56 3535 271 3590 memorandive
292 3535 383 3607 gratia
404 3551 457 3590 uos
480 3534 570 3605 loqui,
595 3531 828 3605 quandoquidem
854 3547 907 3588 uec

54 3639 121 3680 cum
137 3623 358 3696 interrogamus,
372 3623 448 3678 aliud
463 3622 575 3695 agimus
590 3636 677 3693 quam
692 3631 723 3676 ut
737 3620 785 3675 ille
799 3619 849 3692 qui
864 3620 906 3674 in·

53 3717 218 3784 terrogatur
232 3712 321 3767 discat
332 3711 400 3783 quid
415 3711 535 3766 velimus
545 3709 658 3776 audire;
669 3713 697 3764 et
711 3709 741 3763 in
755 3708 906 3776 cantando,

55 3799 134 3874 quod
146 3799 342 3856 delectationis
352 3815 437 3855 causa
451 3799 543 3854 facere
558 3798 699 3864 videmur,
715 3813 775 3853 nou
789 3797 825 3853 sit
839 3813 906 3869 pro·

54 3888 152 3962 prium
167 3888 338 3956 locutionis3
364 3888 395 3942 in
410 3887 519 3943 orando
534 3887 604 3954 ileo,
619 3903 706 3959 quem
734 3885 830 3942 doceri
859 3890 908 3941 aut

54 3977 275 4034 commemorari
290 3976 452 4032 existimare
466 3991 526 4030 non
545 3974 747 4046 possumus,id
761 3974 848 4030 verba
857 3991 907 4030 va·

55 4066 145 4134 leant,
160 4071 192 4120 ut
213 4066 257 4133 vel
282 4081 334 4120 nos
362 4064 440 4137 ipsos
465 4063 763 4130 commonefaciamus,
788 4063 832 4118 vel
858 4063 907 4118 alii

54 4157 292 4209 commoneantur
306 4152 496 4207 doceanturve
511 4165 563 4221 per
576 4166 639 4205 nos.
658 4150 763 4205 Deinde
773 4166 840 4204 cum
860 4165 906 4205 sa-

56 4242 93 4297 tis
107 4241 280 4297 constitisset
294 4241 379 4296 verba
394 4239 467 4295 nihil
482 4237 558 4294 aliud
578 4254 639 4293 esse
656 4254 742 4310 quam
757 4237 857 4309 signa;
873 4253 907 4292 ea

55 4345 123 4384 vero
138 4344 202 4401 quae
213 4345 270 4384 non
284 4329 392 4400 aliquid
403 4327 575 4399 significent,
585 4326 666 4397 signa
674 4343 734 4381 esse
745 4342 802 4381 non
809 4339 904 4396 posse,

54 4416 230 4490 proposuisti
245 4433 370 4484 versum,
386 4417 467 4488 cujus
486 4415 572 4470 verba
585 4414 697 4487 singula
712 4413 780 4486 qnid
796 4412 905 4485 signill-

55 4510 165 4570 carent,
181 4520 299 4560 conarer
313 4504 480 4560 ostendere:
496 4504 521 4559 is
535 4509 631 4560 avutam
646 4507 723 4558 erat:

151 4593 177 4643 Si
192 4593 258 4643 nihil
270 4608 301 4643 ex
318 4597 392 4644 tanta
404 4593 512 4658 Superis
522 4592 608 4658 placet
622 4591 686 4641 urbe
700 4590 822 4654 relinqui.

55 4683 144 4754 Cujus
159 4682 315 4739 secundum
332 4682 450 4737 verbum
465 4680 595 4754 quamvis
610 4679 791 4735 notissimum
806 4682 834 4733 et
844 4693 904 4733 ma·

54 4769 283 4841 niiestissimum,
311 4771 380 4842 quid
405 4774 503 4824 tamen
530 4769 711 4841 significaret,
738 4782 798 4823 non
824 4782 906 4837 repe·

829 229 935 287 LIBER
956 228 1062 288 UNUS.

1754 232 1822 290 1206

967 352 997 410 in
1012 368 1097 409 versu
1118 353 1238 409 verbum
1262 369 1326 409 cum
1348 358 1509 425 satagerem
1531 370 1682 426 exponere,
1698 356 1823 427 urgebar

967 441 1017 497 abs
1032 447 1071 506 te,
1086 446 1119 498 ut
1132 458 1192 497 non
1206 441 1326 497 verbum
1350 443 1429 497 aliud
1444 443 1521 514 quod
1537 442 1614 497 idem
1628 444 1745 512 valeret,
1766 444 1815 501 sed

967 545 1028 587 rem
1042 531 1135 602 ipsam
1149 531 1244 602 potius
1257 546 1322 603 qua
1335 547 1387 602 per
1400 530 1486 585 verba
1500 530 1708 602 significaretur
1721 536 1814 589 osteu-

967 621 1071 675 derem.
1089 620 1218 692 Cumque
1240 620 1269 675 id
1293 619 1551 675 sermocinantibus
1573 620 1656 675 nohis
1677 621 1741 675 fieri
1756 637 1814 677 non

966 724 1048 780 posse
1061 707 1204 776 dixissem,
1221 711 1337 763 ventum
1352 715 1394 763 est
1405 708 1440 762 ad
1451 724 1484 761 aa
1496 724 1560 778 quae
1571 708 1814 780 interrogantibus

967 795 1055 868 digito
1071 800 1275 852 monstrantur.
1301 798 1366 851 llaec
1394 812 1446 868 ego
1470 796 1629 866 corporalia
1644 812 1703 851 esse
1718 797 1814 853 omnia

966 884 1135 955 arbitrabar,
1164 885 1213 940 sed
1228 885 1390 940 invenimus
1402 885 1460 939 sola
1484 884 1614 940 risibilia.
1634 884 1703 939 ilinc
1719 887 1813 942 neseio

966 974 1109 1046 quomodo
1134 974 1171 1029 ad
1195 973 1297 1028 surdos
1322 978 1351 1028 et
1376 973 1530 1028 histriones
1560 973 1736 1040 devenimus,
1763 974 1814 1045 qui

966 1078 1025 1117 non
1040 1079 1104 1135 quae
1120 1063 1181 1118 sola
1202 1061 1293 1117 videri
1308 1065 1436 1134 possunt,
1452 1062 1500 1117 sed
1525 1064 1615 1116 multa
1628 1067 1767 1132 practerea
1782 1079 1814 1117 ac

965 1166 1055 1223 prope
1071 1151 1245 1222 omniaque
1259 1151 1416 1222 loquimur,
1432 1154 1513 1221 gestu
1529 1149 1590 1204 sine
1613 1165 1679 1204 voce
1700 1149 1812 1221 signill-

965 1244 1049 1306 cant;
1064 1240 1179 1295 eosdem
1206 1244 1303 1294 temen
1319 1243 1414 1310 gestus
1432 1237 1514 1309 signa
1528 1253 1587 1292 esse
1609 1238 1810 1310 comperimus,

965 1327 1037 1381 Turn
1052 1342 1151 1381 rursus
1173 1343 1303 1400 quarere
1325 1326 1473 1398 ecepimus,
1497 1327 1642 1398 quomodo
1667 1343 1712 1381 res
1736 1326 1812 1399 ipsas

964 1429 1029 1485 quse
1045 1413 1134 1485 signis
1153 1413 1361 1485 significantur,
1381 1412 1442 1467 sine
1463 1412 1530 1467 ullis
1548 1413 1637 1484 signis
1652 1414 1812 1470 valeremus

964 1502 1122 1570 ostendere,
1135 1518 1201 1556 cum
1215 1507 1245 1557 et
1257 1501 1306 1556 ille
1322 1501 1427 1573 paries,
1442 1505 1471 1556 ει
1483 1500 1572 1571 color,
1592 1503 1620 1554 el
1634 1516 1718 1557 omne
1741 1502 1811 1557 visi-

962 1590 1031 1660 bile,
1045 1591 1123 1663 quod
1134 1591 1293 1646 intentione
1308 1589 1391 1661 digiti
1402 1589 1572 1656 ostenditur,
1588 1588 1671 1661 signo
1687 1590 1811 1662 quodam

963 1678 1178 1735 convinceretur
1188 1679 1309 1735 ostendi.
1323 1679 1372 1733 llic
1381 1694 1434 1750 ego
1443 1694 1541 1732 errans
1551 1694 1615 1733 eum
1625 1677 1748 1734 inveniri
1755 1680 1811 1735 tale

963 1767 1036 1822 nihil
1050 1784 1133 1840 posse
1147 1767 1291 1837 dixissem,
1301 1765 1696 1832 tandeminternosconstitit,
1708 1782 1812 1838 eapos-

963 1871 992 1910 se
1007 1856 1198 1911 demonstrari
1213 1855 1273 1911 sine
1288 1856 1380 1927 signo,
1396 1871 1461 1927 quae
1476 1871 1541 1909 cum
1552 1853 1660 1908 anobis
1675 1870 1810 1926 quaerun-

963 1948 1085 2013 tur,non
1100 1944 1809 2017 agimus,etpostiuquisitiouemagerepossumus;

961 2033 1137 2089 locutionem
1153 2039 1249 2089 tamen
1264 2050 1298 2089 ex
1313 2049 1346 2088 eo
1362 2049 1487 2089 nonesse
1498 2047 1618 2104 genere:
1635 2031 1812 2104 siqnidemet

962 2123 1114 2195 loquentes
1122 2139 1187 2178 cum
1194 2122 1406 2194 interrogamur
1416 2121 1486 2193 quid
1497 2119 1533 2175 sit
1542 2120 1657 2189 locutio,
1665 2119 1749 2176 istam
1759 2121 1812 2194 per

963 2211 1086 2282 seipsam
1099 2212 1295 2268 demonstrare
1309 2210 1390 2266 facile
1405 2225 1465 2264 esse
1481 2208 1549 2264 satis
1561 2208 1704 2280 apparuit.

998 2302 1042 2354 20.
1060 2302 1096 2355 Ex
1113 2315 1170 2371 quo
1180 2298 1319 2354 admoniti
1334 2313 1434 2354 sumus
1453 2303 1502 2352 aut
1516 2297 1605 2367 signis
1626 2298 1708 2369 sigua
1728 2313 1811 2353 mon-

963 2390 1055 2456 strari,
1073 2395 1122 2444 ant
1137 2389 1226 2462 signis
1236 2389 1291 2443 alia
1306 2404 1371 2461 quae
1386 2387 1468 2459 signa
1483 2403 1542 2441 non
1558 2390 1634 2453 sunt,
1657 2389 1706 2442 aut
1724 2387 1811 2442 etiam

963 2478 1024 2533 sine
1038 2478 1121 2549 signo
1135 2493 1180 2532 res
1196 2494 1267 2549 quas
1281 2492 1365 2549 agere
1390 2479 1455 2548 post
1469 2473 1723 2547 interrogationem
1748 2491 1812 2547 pos·

963 2583 1079 2623 sumus:
1095 2566 1258 2638 horumque
1266 2565 1354 2620 trium
1365 2564 1493 2635 primum
1508 2562 1675 2634 diligentius
1685 2563 1812 2619 conside-

962 2656 1084 2711 randum
1108 2654 1377 2725 discutiendumque
1397 2651 1583 2722 suscepimus.
1599 2651 1660 2716 Qua
1683 2651 1810 2722 disputa-

962 2744 1040 2799 tione
1066 2743 1241 2797 declaralum
1264 2745 1316 2808 est,
1338 2741 1443 2813 partim
1465 2755 1525 2794 esse
1540 2738 1630 2810 signa,
1647 2754 1712 2811 quoe
1726 2739 1811 2794 abiis

962 2831 1052 2903 signis
1067 2847 1131 2902 qma
1146 2829 1350 2901 significarent,
1366 2827 1520 2898 significari
1529 2825 1653 2880 vicissim
1670 2841 1728 2880 non
1743 2842 1811 2897 pos·

962 2924 1034 2987 sent,
1064 2923 1095 2975 ut
1113 2923 1155 2974 est
1175 2917 1229 2973 hoc
1257 2915 1501 2990 quadrisyllabum
1524 2930 1600 2980 cum,
1629 2914 1809 2986 conjunctio,

961 3007 1098 3065 dicimus:
1115 3007 1221 3079 partim
1246 3022 1311 3077 quac
1336 3007 1463 3076 possent,
1490 3007 1601 3057 uicum
1617 3001 1747 3070 dicimus,
1767 3001 1810 3058 si-

962 3111 1063 3167 gnum,
1077 3095 1164 3150 etiam
1180 3094 1298 3149 verbum
1315 3092 1529 3165 significamus;
1552 3094 1580 3146 et
1595 3105 1660 3146 cum
1674 3089 1807 3157 dicimus,

961 3185 1096 3251 Verbum,
1111 3183 1197 3238 etiarn
1213 3183 1326 3255 signum
1343 3181 1554 3253 significamus3
1568 3195 1635 3234 nam
1650 3177 1765 3249 signum
1782 3183 1811 3234 et

961 3273 1096 3339 Verbum,
1111 3275 1140 3328 ει
1153 3272 1210 3327 duo
1227 3271 1319 3343 signa.
1333 3274 1362 3325 et
1376 3271 1432 3325 duo
1448 3269 1533 3323 verba
1548 3270 1622 3322 sunt.
1639 3268 1672 3322 In
1686 3268 1741 3322 hoc
1755 3282 1809 3322 au·

961 3367 1020 3418 tem
1035 3376 1151 3432 genere,
1168 3376 1225 3433 quo
1244 3359 1366 3414 invicem
1388 3375 1417 3412 se
1440 3357 1522 3428 signa
1543 3355 1714 3426 significant,
1732 3371 1810 3427 qure-

961 3450 1027 3504 dam
1053 3465 1113 3505 non
1138 3452 1261 3514 tantum,
1288 3447 1419 3520 quaedam
1441 3448 1564 3513 tantum,
1589 3442 1720 3515 quadam
1743 3458 1810 3497 vero

961 3538 1048 3594 etiam
1062 3537 1137 3592 idem
1154 3538 1248 3591 valere
1264 3538 1453 3590 monstratum
1468 3535 1519 3586 est.
1531 3529 1643 3587 Etenim
1656 3530 1709 3585 hoc
1724 3529 1808 3600 disyl-

961 3626 1067 3693 labum,
1097 3625 1175 3697 quod
1198 3628 1280 3679 sonat
1302 3638 1368 3677 cum
1390 3620 1521 3688 dicimus,
1545 3619 1676 3690 Signum,
1692 3633 1810 3690 prorsus

961 3713 1058 3770 omnia
1073 3712 1177 3786 qulbus
1192 3712 1317 3784 quidque
1327 3709 1505 3781 significatur
1517 3706 1672 3779 significet:
1685 3722 1742 3760 nou
1758 3721 1809 3760 au·

960 3804 1019 3857 tem
1034 3801 1164 3856 omnium
1174 3801 1322 3872 signorum
1337 3798 1452 3869 signum
1462 3800 1504 3850 εει
1518 3811 1583 3851 cum
1599 3793 1729 3862 dicimus,
1744 3794 1810 3849 Ver-

960 3889 1040 3956 bum,
1057 3890 1106 3944 sed
1122 3893 1234 3945 tantum
1253 3904 1355 3943 eorum
1377 3902 1442 3959 quae
1467 3884 1615 3939 articulata
1630 3898 1696 3937 voce
1711 3882 1809 3954 prote·

959 3981 1072 4034 runtur.
1100 3979 1179 4034 Unde
1204 3977 1388 4032 manifestum
1411 3978 1464 4042 est,
1490 3972 1621 4047 quumvis
1648 3971 1809 4028 etverbum

959 4065 1053 4137 signo,
1082 4064 1198 4136 signum
1223 4064 1321 4128 verbo,
1348 4063 1440 4118 idest
1467 4065 1496 4116 ει
1515 4061 1580 4115 dusc
1603 4059 1664 4113 iste
1694 4058 1809 4129 syllabae

958 4154 1024 4220 illis,
1042 4157 1070 4208 et
1090 4153 1148 4207 illae
1171 4151 1232 4207 istis
1247 4150 1456 4223 significentur,
1481 4149 1546 4219 plus
1575 4150 1672 4201 tamen
1695 4145 1809 4216 signum

958 4242 1052 4297 valere
1067 4256 1154 4313 quam
1168 4239 1298 4306 verbum,
1322 4238 1407 4309 plura
1430 4235 1538 4291 scilicet
1560 4233 1617 4287 illis
1632 4231 1742 4286 duabus
1756 4233 1809 4302 syl·

958 4327 1041 4394 labis,
1057 4344 1143 4400 quam
1167 4327 1227 4381 istis
1247 4325 1484 4398 significantibus.
1506 4319 1695 4378 Tantumdem
1711 4320 1808 4374 autem

958 4417 1033 4471 valet
1055 4416 1187 4488 generale
1212 4415 1341 4485 verbum,
1365 4418 1393 4469 et
1415 4411 1547 4487 generale
1571 4423 1687 4463 nomen.
1710 4406 1809 4462 [locuit

959 4504 1036 4559 enim
1046 4504 1119 4559 ratio
1134 4520 1233 4560 omnes
1248 4509 1343 4577 partes
1357 4499 1493 4558 orationis
1505 4497 1592 4552 etiam
1607 4494 1724 4551 nomina
1734 4510 1807 4567 esse,

959 4592 1037 4664 quod
1052 4595 1080 4647 at
1098 4593 1270 4664 pronomina
1283 4592 1328 4647 his
1343 4589 1408 4646 addi
1430 4590 1561 4658 possunt,
1577 4589 1605 4639 ει
1618 4584 1653 4639 dc
1676 4583 1808 4640 omnibus

958 4679 1015 4737 dici
1030 4683 1123 4752 potest
1136 4681 1215 4752 quod
1228 4679 1336 4752 aliquid
1350 4674 1510 4743 nominent,
1527 4677 1555 4728 et
1567 4673 1646 4728 nulla
1661 4687 1760 4727 earum
1771 4671 1809 4728 εἰι

960 4784 1026 4839 quae
1036 4784 1094 4823 uon
1108 4769 1193 4823 verbo
1204 4762 1565 4839 adjunctopronuntiatum
1575 4761 1666 4833 possit
1676 4760 1806 4832 implere.

54 4858 213 4915 riebamus.
234 4860 363 4932 Cumque
378 4858 449 4913 mihi
465 4857 609 4913 videretur
625 4873 683 4912 nou
698 4856 803 4911 lrustra
817 4871 868 4909 nos
878 4854 906 4910 id
959 4855 1016 4913 Sed
1030 4873 1094 4913 eum
1121 4856 1300 4912 tantumdem
1323 4854 1435 4908 valeant
1460 4866 1567 4906 noman
1588 4854 1615 4904 ει
1630 4849 1758 4915 verbum,
1774 4863 1808 4902 eo

54 4946 86 5003 in
100 4947 245 5020 loquendo
263 4948 455 5020 interponere,
471 4947 520 5001 sed
535 4946 611 5018 quod
627 4961 660 5000 eo
678 4944 785 5016 aliquid
806 4943 905 5005 docea-
961 4946 1039 5018 quod
1054 4945 1151 5000 omnia
1164 4959 1227 5016 qnae
1244 4941 1329 4997 verba
1343 4944 1420 5004 sunt,
1435 4939 1491 4994 siut
1505 4939 1591 4995 etiam
1606 4936 1738 5003 nomina3
1748 4951 1807 4991 non

55 5052 123 5091 mus
136 5037 310 5105 audientem,
326 5037 418 5107 ipsam
432 5035 536 5090 mentis
557 5033 745 5099 allectionem,
763 5048 828 5087 cum
846 5047 906 5087 rem
960 5038 1057 5090 tamen
1082 5033 1156 5088 idem
1182 5031 1285 5086 valent.
1303 5029 1366 5086 Alia
1381 5029 1489 5101 quippe
1505 5028 1539 5082 de
1563 5042 1647 5082 causa
1666 5023 1762 5088 verba,
1779 5026 1808 5077 et

54 5140 146 5200 quam
160 5126 275 5199 quaerit,
291 5142 349 5180 non
361 5141 422 5179 esse
436 5123 556 5193 invenit,
571 5123 616 5177 vel
626 5121 803 5176 invenissese
813 5123 906 5191 putat,
960 5122 1017 5177 alia
1030 5121 1150 5176 uomina
1164 5118 1336 5190 nuncupari,
1351 5118 1419 5173 satis
1434 5114 1620 5189 probabiliter
1632 5110 1807 5181 disputatum

55 5214 112 5271 hoc
128 5215 216 5270 verbo
231 5216 349 5271 tortasse
368 5211 490 5267 indicari
504 5232 512 5280 ;
527 5209 700 5283 respondisti
724 5213 755 5263 tu
779 5207 906 5280 quidem,
961 5215 1012 5265 est.
1029 5209 1175 5281 Siquidem
1182 5208 1304 5263 alterum
1314 5207 1419 5262 horam
1433 5205 1469 5260 ad
1480 5204 1555 5259 auris
1569 5197 1806 5263 verberationem,

55 5302 109 5358 sed
137 5306 233 5358 tamen
262 5300 356 5356 nescio
378 5316 465 5372 quam
493 5299 718 5372 profunditatem
741 5295 908 5369 questionis
961 5299 1082 5354 alterum
1097 5297 1132 5352 ad
1149 5296 1237 5352 animi
1248 5293 1559 5365 commemorationem
1574 5284 1727 5343 notandam
1746 5299 1808 5339 esse

52 5391 122 5463 joco
137 5391 257 5453 evitans,
273 5390 302 5444 in
317 5389 395 5445 aliud
415 5393 528 5461 tempus
543 5388 742 5443 illustrandam
752 5385 906 5441 distulisti:
962 5389 1149 5456 compertum,
1167 5385 1210 5439 vel
1225 5400 1257 5439 ex
1282 5385 1336 5439 hoc
1363 5381 1487 5453 intelligi
1507 5379 1610 5451 potest,
1625 5371 1702 5446 quod
1723 5370 1753 5425 in
1766 5369 1801 5426 lo·

56 5492 111 5532 nec
125 5494 171 5533 me
188 5478 275 5536 debiti
289 5494 403 5552 quoque
418 5476 461 5533 tui
469 5476 589 5533 oblitum
600 5478 696 5548 putes.
714 5472 907 5530 indetertium
964 5472 1078 5546 quando
1092 5471 1246 5529 rectissime
1260 5471 1390 5540 dicimus,
1406 5469 1486 5537 Quod
1496 5469 1538 5522 est
1549 5462 1616 5520 huic
1628 5461 1671 5517 rei
1690 5473 1807 5526 nomen,
1823 5518 1825 5522 ,
