3884 6112
128 221 195 274 litt

769 201 816 256 DE
835 196 976 264 musice,
996 196 1026 253 S.

1047 190 1238 251 AUGUSTlNl
1834 182 1898 235 ¹¹7⁶

126 341 275 404 obtulerit;
301 349 397 390 nonne
422 331 479 402 ipsi
501 327 681 384 existimandi
705 332 773 380 sunt
795 340 847 396 per
864 326 974 379 certum
1029 336 1180 409 adimam
1194 328 1335 388 memoria
1347 327 1451 383 iisdem
1466 325 1600 381 numm,
1611 319 1819 395 judiefflibm
1831 316 1901 391 3314

125 429 246 503 spatium
261 421 399 493 temporis
420 419 516 474 tendi‘l
530 418 584 472 Sed
600 417 719 470 interest
737 414 842 486 quibus
861 417 974 483 tempo·
1028 425 1171 481 (1502ng

124 531 191 573 rum
204 513 301 586 spatiis
315 511 359 564 vel
372 508 484 562 excidat
499 506 591 575 nobis,
607 504 648 559 rel
668 502 884 558 meminerimus
898 500 974 572 qnod
1029 513 1143 569 CAPUT
1160 510 1205 566 xp
1221 505 1262 549 ..¹
1274 507 1388 565 pumm-
1403 506 1454 560 ὠὴ·
1470 506 1501 559 5„
1514 505 1613 558 anim
1629 502 1695 557 w,
1711 496 1899 570 mm

121 604 261 676 judicant.
277 597 423 669 Siquidem
438 594 532 650 necin
546 592 615 663 ipsis
628 607 782 663 corporum
794 589 895 645 formis
910 603 975 660 quae

125 692 161 747 ad
180 688 276 745 oculos
297 685 453 757 pertinent,
473 697 626 755 possumus
647 681 769 736 rotunda
788 680 831 734 vel
854 678 973 750 quadra,

125 778 169 832 sel
181 789 370 848 quaecumque
380 771 436 826 alia
450 771 541 825 solide
555 773 584 825 et
595 768 783 824 determinata
794 767 935 838 judicare,
947 769 977 819 et

125 865 245 920 omnino
269 861 383 926 sentire,
411 859 464 913 uisi
485 875 518 912 ea
534 858 569 912 ob
585 859 682 912 oculos
705 853 882 911 versemus¹:
909 870 975 909 cum

127 957 224 1007 autem
238 950 293 1005 alia
309 966 375 1021 pars
389 947 536 1019 aspicitur,
552 946 575 1000 si
590 946 724 1001 exciderit
743 946 820 1016 qnod
835 947 878 998 est
891 957 975 1013 aspe-

127 1040 248 1096 ctumin
268 1038 500 1105 alia,1'rustratur
525 1035 643 1089 omnino
664 1033 820 1105 judicantis
842 1029 975 1097 intentio,

127 1128 194 1200 quia
216 1131 244 1181 et
268 1126 320 1180 hoc
345 1126 441 1197 aliqua
463 1139 543 1177 mora
564 1121 701 1193 temporis
722 1120 773 1187 lit;
797 1119 844 1173 cui
861 1118 977 1173 variatae

129 1232 201 1288 opus
215 1220 257 1269 est
272 1214 421 1285 invigilare
435 1210 615 1266 memoriam.

162 1306 207 1359 22.
234 1301 431 1358 Recordabiles
455 1315 520 1353 vero
545 1313 680 1353 numeros
699 1296 790 1350 multo
818 1292 977 1349 evidentius

128 1398 181 1460 est,
197 1391 274 1463 quod
292 1390 392 1445 eadem
406 1389 469 1461 ipsa
484 1388 619 1442 ollerente
643 1385 792 1450 memoria,
815 1383 978 1455 judicamus

129 1481 175 1537 his
185 1479 378 1552 judicialibus.
402 1479 473 1532 Nam
488 1476 512 1531 si
525 1490 696 1542 occursores,
722 1461 862 1544 quantum
883 1471 919 1526 ab
944 1485 979 1525 aa

130 1568 300 1635 offeruntur,
324 1569 436 1621 tantum
454 1563 634 1636 judicantur;
659 1562 750 1616 multo
773 1559 864 1631 magis
887 1558 919 1628 ii,
942 1558 978 1613 ed

132 1671 203 1727 quos
217 1659 354 1726 tanquam
365 1652 506 1723 repositos
521 1654 584 1722 post
597 1649 666 1704 alias
681 1648 854 1703 intentiones
865 1662 978 1701 resoca-

131 1759 197 1798 mur
203 1742 410 1808 recordatione,
418 1742 448 1795 in
456 1741 517 1811 ipsa
528 1737 668 1794 memoria
677 1737 771 1791 vivere
783 1735 976 1790 inveniuntur.

131 1831 204 1896 Quid
219 1830 296 1885 enim
316 1829 393 1884 aliud
407 1829 520 1899 agimus
536 1842 602 1882 cum
616 1817 781 1880 revocamus
800 1840 850 1879 nos
868 1824 897 1878 in
916 1839 979 1878 me-

131 1918 263 1985 moriam,
279 1917 335 1971 nisi
351 1914 564 1988 quodammodo
580 1914 656 1985 quod
674 1911 853 1984 reposuimus
872 1909 980 1981 quaeri·

131 2007 215 2063 musi
239 2005 371 2061 Recurrit
393 2011 489 2060 autern
503 2004 533 2057 in
548 2001 748 2074 cogitationem
773 1999 919 2055 occasione
942 1998 979 2052 si·

131 2095 245 2151 milium
268 2099 363 2149 motus
387 2092 477 2148 animi
490 2108 549 2146 non
568 2091 733 2158 exstinctus,
748 2094 777 2144 at
787 2090 849 2144 baec
861 2092 903 2144 est
915 2103 979 2159 qua·

132 2183 237 2238 dicitur
259 2181 428 2236 recordatio.
449 2179 494 2234 Sic
511 2179 623 2250 agimus
646 2193 792 2245 numeros,
813 2177 857 2232 vel
876 2176 981 2230 insola
1014 2178 1018 2186 '

132 2269 314 2341 cogitatione,
337 2269 381 2321 sel
405 2268 492 2322 etiam
518 2266 548 2320 in
572 2266 766 2320 membrorum
794 2269 884 2333 motu,
909 2280 982 2336 quos

129 2359 191 2430 jam
201 2357 312 2427 egimus
319 2355 483 2426 aliquando.
495 2353 565 2408 lnde
576 2359 670 2408 autem
679 2353 784 2407 scimus
794 2369 851 2408 non
859 2352 980 2418 venisse,

134 2445 184 2501 sed
197 2445 303 2499 redisse
318 2444 381 2498 illos
396 2443 426 2497 in
445 2442 656 2513 cogitationem,
672 2442 740 2512 quin
754 2457 819 2496 cum
835 2441 981 2496 memoriae

134 2533 348 2600 mandarentur,
364 2547 429 2586 cum
447 2530 611 2586 difficultate
630 2530 843 2601 repetebantur,
864 2535 893 2585 et
905 2529 981 2584 indi·

134 2621 273 2694 gebamus
283 2620 379 2692 aliqua
390 2619 657 2689 premonstratione
667 2624 701 2673 ut
713 2633 898 2689 sequeremur
908 2634 915 2672 :
925 2635 983 2690 qua

135 2708 301 2764 difficultate
320 2708 445 2779 dempta,
466 2723 531 2761 cum
551 2723 610 2761 sese
626 2706 680 2778 ipsi
701 2706 912 2762 accommodate
932 2722 981 2760 vo·

135 2797 237 2853 luntati
247 2797 381 2860 offerunt,
390 2800 595 2866 consequenter
603 2795 781 2866 temporibus
786 2799 872 2866 atque
883 2795 981 2850 ordine

135 2901 197 2954 suo,
211 2891 270 2940 tam
284 2885 366 2941 facile
381 2889 413 2938 ut
426 2883 475 2956 qui
487 2883 683 2938 vehementius
695 2883 880 2950 inusserunt,
896 2883 981 2939 etiam

1359 593 1551 665 precellentes.

1065 691 1110 745 23.
1126 689 1192 742 llaec
1210 701 1275 740 cum
1290 685 1329 739 ita
1348 685 1414 751 sint,
1429 696 1578 749 conemur,
1598 677 1623 734 si
1638 690 1818 751 possumus,
1835 674 1900 729 istos

1031 791 1167 832 numeros
1175 772 1324 846 judiciales
1339 769 1549 837 transcendere,
1566 772 1596 823 et
1608 781 1791 840 quaeramus
1806 768 1900 818 utrum

1031 865 1090 920 sint
1102 862 1273 934 superiores.
1286 861 1319 916 ln
1333 859 1379 915 his
1393 857 1471 913 enim
1484 871 1658 929 quanquam
1674 853 1779 926 spatia
1794 855 1902 922 tempe

1032 968 1096 1007 rum
1105 953 1166 1023 jam
1185 949 1304 1005 minime
1322 948 1480 1012 rideamus,
1499 961 1558 1001 non
1577 950 1685 999 tamen
1706 940 1896 1010 adhibentur,

1032 1040 1087 1095 nisi
1100 1040 1136 1094 ad
1147 1037 1343 1109 sejudicanda
1356 1051 1420 1108 quoe
1434 1034 1465 1088 in
1477 1033 1570 1105 spatio
1581 1030 1732 1103 temporis
1745 1031 1827 1085 liunt
1837 1047 1845 1097 ;
1855 1046 1901 1084 nec

1031 1129 1094 1200 ipsa
1102 1127 1220 1200 quidem
1231 1124 1340 1192 omnia,
1351 1123 1402 1179 sed
1410 1136 1475 1195 quta
1485 1126 1608 1194 possunt
1617 1118 1783 1175 articulari
1794 1135 1899 1173 memo·

1032 1218 1113 1272 riter.
1129 1215 1190 1270 Nisi
1203 1213 1272 1286 quid
1287 1213 1376 1268 habes
1391 1211 1464 1266 torte
1478 1209 1555 1282 quod
1570 1213 1680 1264 contra
1694 1208 1763 1262 brec
1778 1205 1853 1262 velis
1866 1207 1900 1262 di

1032 1320 1106 1360 cere.
1122 1307 1155 1358 l).
1170 1303 1261 1358 llovet
1274 1316 1320 1356 me
1339 1299 1496 1372 plurimum
1514 1298 1640 1352 istorum
1650 1295 1850 1369 judicialium
1864 1296 1899 1350 ris

1033 1398 1119 1465 atqua
1131 1390 1276 1464 potentia:
1292 1388 1348 1460 ipsi
1362 1388 1441 1443 enim
1454 1385 1526 1441 mihi
1539 1385 1682 1441 videntur
1693 1399 1763 1439 esse
1779 1384 1819 1439 ad
1834 1400 1898 1456 qnos

1034 1479 1164 1537 omnium
1182 1492 1317 1534 sensuum
1341 1473 1501 1532 ministeria
1520 1475 1703 1529 reseruntur.
1734 1473 1842 1545 Itaque
1861 1473 1899 1528 bis

1034 1567 1215 1626 excellentius
1241 1571 1340 1622 utrum
1365 1564 1524 1636 quidquam
1551 1561 1749 1617 innumeris
1780 1561 1897 1616 inveniri

1034 1658 1132 1732 possit,
1147 1656 1259 1728 ignoro.
1275 1656 1312 1710 ll.
1329 1652 1404 1709 Nihil
1415 1651 1526 1722 deperit
1536 1650 1615 1722 quod
1630 1648 1817 1721 diligentins
1830 1665 1898 1721 qna·

1033 1746 1135 1802 rimus.
1147 1748 1203 1800 Aut
1217 1743 1295 1799 enim
1308 1740 1488 1796 inveniemus
1502 1738 1672 1811 superiores
1683 1739 1718 1792 in
1733 1737 1837 1792 anima
1850 1738 1897 1792 lrn·

1034 1849 1131 1904 mana,
1145 1837 1195 1887 aut
1212 1831 1264 1887 hos
1277 1830 1309 1884 in
1329 1845 1362 1884 ea
1377 1843 1504 1883 summos
1519 1841 1579 1881 essa
1599 1824 1811 1892 firmabimus,
1827 1824 1851 1879 si
1864 1830 1899 1878 ta·

1034 1935 1102 1975 men
1117 1918 1190 1974 illud
1204 1915 1348 1982 claruerit,
1368 1914 1463 1970 nullos
1482 1913 1512 1968 in
1526 1929 1560 1968 es
1574 1928 1639 1968 esse
1659 1911 1896 1984 praestantiores.

1034 2007 1119 2063 atiud
1132 2010 1174 2063 est
1189 2004 1268 2060 enim
1291 2019 1350 2058 non
1370 2018 1442 2069 asse,
1466 2000 1544 2057 alind
1566 2016 1628 2055 non
1652 2017 1747 2072 posse
1768 2000 1898 2065 inveniri,

1035 2095 1093 2150 sire
1107 2096 1142 2149 ab
1157 2094 1216 2149 ulio
1236 2091 1363 2158 homine,
1379 2090 1436 2145 sire
1451 2088 1573 2144 anobis.
1589 2089 1649 2144 Sed
1672 2105 1733 2160 ego
1751 2094 1825 2161 puto
1840 2105 1898 2144 cun

1035 2184 1084 2240 ille
1105 2201 1121 2238 a
1144 2181 1226 2238 nobis
1246 2179 1410 2253 propositus
1429 2193 1527 2233 vereris
1547 2176 1675 2245 canitur,
1699 2181 1781 2234 Deras
1803 2185 1900 2234 creator

1035 2274 1169 2338 omnium
1186 2286 1237 2325 nos
1258 2284 1324 2324 enm
1339 2272 1369 2322 et
1390 2265 1586 2322 occursoribus
1610 2265 1671 2321 illis
1696 2268 1838 2323 numeris
1851 2284 1897 2322 au·

1036 2361 1109 2431 dire,
1131 2364 1160 2415 et
1176 2355 1400 2414 recordabilibus
1422 2369 1638 2426 recognoscere,
1655 2360 1685 2410 et
1701 2358 1897 2427 progressori·

1036 2450 1089 2505 hus
1101 2445 1299 2520 pronuntiare,
1311 2448 1339 2499 et
1348 2444 1393 2499 bis
1399 2437 1584 2516 judicialibus
1594 2442 1756 2511 delectari,
1769 2449 1800 2499 et
1809 2444 1898 2500 nescio

1036 2536 1141 2610 quihus
1164 2533 1227 2589 aliis
1249 2533 1401 2600 aestimare,
1426 2536 1454 2587 et
1477 2531 1512 2586 de
1534 2530 1589 2585 ista
1613 2531 1821 2588 delectatione
1839 2549 1896 2604 qna

1036 2624 1119 2697 quasi
1133 2622 1273 2679 sententia
1287 2625 1330 2677 est
1341 2618 1522 2693 judicialium
1536 2618 1673 2681 istorum.
1691 2620 1790 2675 aliam
1806 2637 1899 2676 secun-

1036 2715 1105 2769 dum
1120 2712 1174 2767 bos
1187 2709 1351 2766 latentiores
1368 2708 1519 2764 certiorem
1531 2708 1607 2762 ferre
1623 2710 1812 2764 sententiam
1825 2708 1844 2764 '.
1860 2714 1897 2764 An

1037 2800 1090 2855 tibi
1111 2814 1202 2855 unum
1226 2801 1312 2870 atque
1338 2797 1414 2853 idem
1440 2795 1552 2851 ridetur
1572 2795 1719 2851 delectari
1749 2815 1847 2865 sensu,
1873 2803 1898 2853 et

1037 2888 1179 2944 estimare
1192 2886 1319 2942 rational
1333 2889 1366 2941 ll.
1388 2885 1503 2940 Diversa
1521 2899 1581 2939 esse
1599 2885 1706 2940 fateor.
1736 2886 1795 2943 Sed
1809 2887 1896 2960 primo

134 2975 249 3029 aliunde
273 2973 464 3044 cogitantibus
487 2973 581 3042 nohis,
592 2973 651 3044 jam
666 2971 747 3043 quasi
769 2971 886 3043 proprio
909 2986 983 3027 nutu
1037 2977 1099 3050 ipso
1120 2992 1237 3032 moveor
1255 2975 1401 3043 vocabulo,
1421 2989 1472 3028 cur
1492 2989 1550 3028 non
1569 2973 1667 3045 potius
1689 2973 1744 3030 isti
1762 2981 1896 3031 vocentur

135 3068 320 3135 peragantur,
337 3077 393 3116 non
409 3077 458 3114 eos
472 3060 571 3132 utique
592 3076 679 3114 novos
695 3076 755 3114 esse
770 3060 918 3127 sentimus,
936 3060 983 3114 Est
1033 3065 1185 3138 judiciales
1206 3063 1310 3136 quibus
1324 3063 1399 3118 inest
1412 3062 1494 3131 ratio,
1518 3078 1606 3133 qnam
1622 3062 1671 3117 isti
1689 3065 1806 3135 quibus
1827 3065 1897 3119 inest

136 3152 223 3206 etiam
237 3150 313 3204 aliud
325 3149 400 3203 unde
415 3165 468 3202 nos
482 3148 587 3203 sentire
597 3147 721 3203 arbitror
733 3152 905 3219 praesentem
920 3163 982 3202 mo·
1037 3151 1197 3208 delectatio.
1213 3151 1320 3206 Deinde
1338 3166 1437 3205 vereor
1450 3165 1486 3204 ne
1501 3149 1572 3204 nihil
1587 3150 1627 3205 sit
1644 3151 1731 3207 aliud
1751 3153 1896 3208 muniano

136 3245 198 3294 tum
211 3238 299 3293 animi
320 3237 473 3308 aliquando
490 3237 552 3307 jam
574 3237 670 3303 luisse,
692 3236 769 3307 quod
784 3240 827 3291 est
847 3252 983 3309 recogno·
1037 3239 1092 3296 ista
1106 3239 1232 3303 rationis,
1246 3253 1334 3310 quam
1346 3253 1446 3293 eorum
1460 3238 1495 3292 de
1506 3237 1606 3308 seipsis
1617 3240 1764 3310 quaedam
1777 3241 1893 3312 diligen·

135 3342 222 3394 scere,
239 3327 308 3382 dum
323 3329 449 3380 recentes
462 3328 556 3379 motus
570 3325 632 3395 ejus
645 3324 765 3379 actionis
777 3324 807 3379 in
820 3340 983 3395 quesumus
1038 3327 1095 3382 tior
1104 3325 1260 3399 Judicatio:
1276 3330 1380 3381 utnon
1394 3324 1443 3397 alii
1457 3325 1515 3379 sint
1524 3325 1640 3380 numeri
1649 3325 1682 3379 in
1695 3326 1894 3390 delectatione,

136 3431 202 3470 cum
222 3414 415 3482 recordamur,
431 3413 481 3484 qni
494 3418 571 3468 certe
590 3411 744 3467 vivaciores
763 3417 839 3478 sunt,
855 3428 920 3468 cum
934 3429 982 3468 re·
1037 3414 1127 3471 aliiin
1141 3413 1268 3482 ratione;
1285 3413 1397 3469 sedani
1419 3418 1504 3485 atquc
1519 3412 1608 3468 iidem
1622 3413 1700 3468 alias
1714 3414 1853 3486 judicent
1865 3414 1895 3469 de

135 3503 328 3560 cordebilibus
347 3504 407 3574 jam
429 3501 617 3557 sedatioribus
635 3501 760 3571 quodam
780 3501 917 3557 interiora
935 3502 984 3557 lu·
1037 3503 1073 3559 iis
1085 3519 1150 3575 qnae
1171 3506 1297 3574 aguntur
1313 3501 1345 3557 in
1360 3517 1489 3573 corpore,
1512 3517 1576 3556 cum
1604 3518 1665 3568 eos,
1683 3507 1719 3558 ut
1746 3519 1836 3575 supra
1849 3503 1894 3558 de·

135 3592 213 3648 mine
226 3606 445 3662 comparamus:
463 3594 492 3644 et
511 3589 575 3644 talis
594 3588 714 3659 agnitio,
729 3588 886 3661 recognitio
900 3595 943 3644 est
956 3593 985 3645 et
1038 3595 1227 3647 monstratum
1241 3595 1294 3658 est,
1311 3589 1394 3645 oilert
1417 3588 1573 3657 memoria,
1590 3589 1663 3644 alias
1679 3590 1720 3645 de
1737 3591 1842 3663 seipsis
1854 3607 1893 3644 rs·

136 3679 306 3736 recordatio.
330 3677 497 3733 iudicantur
520 3693 589 3748 ergo
612 3680 640 3731 et
662 3677 850 3733 recordabiles
872 3678 985 3733 numeri
1038 3679 1305 3750 motinsacorpore
1319 3683 1405 3750 atque
1418 3678 1566 3734 sincerius.

136 3769 171 3822 ab
186 3767 231 3823 his
243 3766 436 3838 judicialibus,
451 3781 602 3837 nunquam
616 3765 680 3832 soli,
695 3766 743 3820 sed
758 3766 899 3836 emunctis
915 3766 983 3821 acti-
1073 3770 1118 3823 ti.
1133 3772 1169 3823 ll.
1184 3768 1224 3822 De
1243 3765 1389 3822 vocabulis
1411 3765 1528 3838 quidem
1548 3764 1623 3820 nihil
1647 3770 1787 3840 satagas;
1812 3767 1892 3823 resin

136 3856 188 3922 vis,
203 3859 253 3908 aut
267 3853 471 3919 occursoribus,
492 3859 542 3907 aut
557 3853 697 3925 utrisque,
713 3853 763 3924 qui
781 3869 830 3908 eos
845 3858 983 3926 tanquam
1037 3859 1177 3928 potestate
1191 3859 1250 3910 est:
1266 3853 1370 3927 placito
1387 3853 1476 3922 enim,
1493 3869 1553 3908 non
1566 3856 1674 3908 natura
1689 3854 1891 3927 imponantur.

137 3959 153 3996 e
180 3937 293 3995 latebris
308 3939 366 3993 suis
381 3939 410 3993 in
426 3940 609 3994 manifestum
624 3940 792 4010 producant,
806 3945 835 3995 et
847 3942 928 4013 quasi
942 3959 984 3998 re·

137 4028 313 4100 dintegratos
328 4026 378 4098 qui
391 4027 453 4098 jam
478 4027 674 4094 abolebantur,
695 4045 809 4083 rursum
832 4031 981 4086 recordan-

137 4123 192 4172 tur.
205 4119 247 4173 lta
258 4132 324 4171 cum
332 4130 495 4170 occursores
504 4115 535 4170 in
548 4120 658 4170 tantum
666 4116 841 4188 judicentur,
854 4116 884 4171 in
894 4133 983 4189 quan·

137 4213 198 4261 tum
223 4222 271 4260 eos
294 4204 434 4259 memoria
453 4204 648 4276 judicantibus
673 4205 838 4273 admoverit,
864 4212 985 4278 possunt

137 4294 258 4349 vicissim
273 4297 301 4348 et
319 4292 511 4347 recordabiles
526 4293 576 4365 qui
596 4298 663 4348 suut
680 4293 710 4348 in
727 4295 866 4350 memoria
884 4310 983 4351 occur·

136 4384 248 4439 soribus
268 4398 317 4437 eos
340 4380 541 4437 exhibentibus
560 4381 703 4453 judicari:
728 4387 761 4438 ut
783 4383 838 4438 boc
860 4384 982 4453 intersit,

136 4473 214 4544 quod
228 4486 391 4526 occursores
405 4479 438 4526 ut
453 4470 630 4541 judicantur,
650 4471 732 4542 quasi
746 4471 870 4527 recentia
883 4489 984 4528 eorum

136 4560 309 4631 fugientium
325 4558 443 4630 vestigia
458 4557 541 4613 offert
555 4557 710 4627 memoria3
727 4559 915 4616 recordabiles
930 4577 984 4616 au-

136 4651 195 4701 tem
218 4647 333 4717 quando
347 4663 395 4701 eos
418 4645 561 4701 audiendo
580 4646 753 4719 judicamus,
778 4649 860 4720 quasi
884 4649 984 4704 eadam

137 4734 255 4805 vestigia
274 4734 470 4790 occursoribus
489 4734 703 4790 transeuntibus
723 4736 906 4792 revirescunt.
921 4738 983 4792 Jam

135 4838 222 4895 porro
237 4821 272 4875 de
292 4822 459 4877 sonantibus
480 4824 608 4879 numeris
629 4825 699 4896 quid
723 4841 794 4897 opus
818 4831 861 4880 est
879 4826 982 4896 dicere,

136 4926 202 4966 cum
214 4910 244 4964 in
256 4909 452 4964 occursoribus
461 4911 635 4981 judicentur,
652 4912 674 4967 si
691 4913 862 4970 audiantur?
876 4914 905 4969 Si
916 4931 983 4970 vcro

136 5000 177 5055 ibi
191 5001 295 5055 sonant
305 4996 353 5051 ubi
366 5012 425 5052 non
436 4998 601 5068 audiuntur,
617 5001 680 5073 quis
693 5000 805 5057 dubitet
814 5017 886 5056 cosa
899 5003 983 5058 nobis

136 5103 194 5143 non
208 5103 291 5159 posse
306 5084 449 5155 judicarit
469 5085 541 5141 Sane
555 5093 588 5142 ut
605 5089 727 5143 insonis
745 5105 798 5160 per
810 5090 984 5147 instrumen-

137 5179 200 5230 tum
210 5174 334 5239 aurium,
347 5172 387 5227 ita
396 5173 427 5227 in
439 5173 635 5230 saltationibus
646 5177 813 5249 caeterisque
825 5177 984 5234 visibilibus

136 5262 271 5330 motibus,
288 5262 363 5334 quod
376 5261 411 5316 ad
426 5264 597 5332 temporales
611 5280 745 5321 numeros
760 5266 871 5334 attimt,
884 5268 984 5323 eadem

168 5389 175 5419 ¹
188 5386 246 5435 itm.
259 5387 300 5435 Er.
309 5387 420 5436 atlon:
431 5387 598 5446 Portemus..
607 5389 658 5437 nist
666 5400 700 5439 ec
712 5387 816 5452 obttqao
825 5388 914 5441 ocutos
923 5402 983 5440 rcr-

134 5457 264 5498 soremus.
277 5449 327 5499 Sed
337 5446 538 5498 concinniorest
547 5449 606 5498 llas.
618 5449 696 5500 lectio
702 5451 982 5516 quamamplectimur.

1038 3945 1116 4010 Quod
1133 3948 1231 3999 antem
1243 3943 1358 3998 eosdem
1379 3957 1439 3997 esse
1458 3940 1616 4009 arbitraris,
1635 3957 1694 3996 nec
1711 3945 1773 3999 duo
1793 3959 1892 4015 genera

1039 4047 1225 4088 numerorum
1240 4031 1301 4086 haec
1315 4030 1356 4084 vis
1370 4029 1515 4101 accipere5
1541 4029 1623 4096 illud,
1640 4030 1672 4083 ni
1699 4031 1800 4100 fallor,
1814 4036 1841 4087 ta
1853 4047 1890 4085 ra·

1037 4121 1089 4197 pit,
1106 4120 1182 4192 quod
1198 4119 1298 4199 eadem
1313 4118 1410 4174 anima
1429 4123 1583 4189 utrumque
1602 4119 1673 4189 agit.
1692 4119 1753 4175 Sed
1768 4120 1891 4176 animad-

1037 4216 1147 4267 vertere
1163 4214 1189 4265 te
1202 4225 1275 4279 opus
1288 4211 1341 4274 est,
1354 4210 1383 4262 et
1396 4206 1427 4261 in
1444 4204 1682 4277 progressoribus
1706 4209 1814 4263 eadem
1837 4207 1890 4262 ani·

1037 4315 1116 4354 mam
1130 4313 1233 4369 corpus
1246 4310 1360 4351 morere
1380 4294 1424 4350 rel
1439 4294 1476 4349 ad
1496 4309 1600 4364 corpus
1616 4295 1752 4364 mosari;
1768 4296 1837 4351 etin
1851 4311 1891 4349 oc·

1038 4386 1201 4443 cursoribus
1213 4385 1266 4441 hac
1278 4383 1409 4439 eamdem
1422 4381 1603 4455 passionibus
1616 4383 1681 4453 ejus
1698 4383 1744 4439 ire
1760 4384 1887 4449 obviam,

1039 4478 1067 4530 at
1080 4474 1111 4529 in
1124 4471 1349 4529 recordabilibus
1362 4470 1446 4525 istam
1457 4469 1559 4541 ipsam,
1570 4468 1663 4524 donec
1676 4472 1891 4543 quodammodo

1038 4563 1241 4628 detumescant,
1265 4559 1334 4631 ipsis
1356 4559 1439 4631 quasi
1462 4557 1599 4612 fluctuare
1623 4558 1822 4616 motionibus.
1844 4560 1890 4614 llos

1039 4665 1107 4721 ergo
1121 4649 1152 4705 in
1166 4648 1227 4704 istis
1245 4647 1399 4720 generibus
1421 4645 1606 4701 numerandis
1626 4650 1655 4699 et
1681 4646 1891 4720 distinguendis

1039 4737 1124 4793 nnius
1144 4741 1263 4802 naturae,
1289 4735 1317 4791 id
1341 4739 1394 4805 est,
1418 4734 1521 4789 animae
1544 4743 1640 4787 motus
1665 4734 1890 4808 affectionesque

1038 4825 1212 4897 dispicimus.
1225 4824 1317 4889 Quare
1325 4824 1349 4878 si
1359 4822 1477 4878 utaliud
1486 4825 1526 4876 est
1541 4821 1577 4876 ad
1588 4837 1623 4876 ea
1637 4838 1709 4893 quae
1725 4840 1834 4896 corpus
1847 4840 1889 4896 pa·

1039 4914 1110 4969 titur
1129 4913 1249 4981 moveri,
1273 4912 1351 4982 quod
1371 4911 1405 4966 fit
1427 4911 1457 4966 in
1482 4909 1648 4978 sentiendo,
1671 4912 1757 4967 aliud
1786 4928 1890 4969 morere

1041 5019 1070 5057 se
1084 5002 1120 5057 ad
1135 5018 1248 5073 corpus,
1261 5000 1339 5073 quod
1352 4999 1386 5055 flt
1398 4999 1429 5055 in
1440 4998 1601 5071 operando;
1612 4998 1693 5054 aliud
1706 5002 1789 5073 quod
1805 5018 1841 5058 ex
1853 5001 1890 5056 bis

1039 5089 1164 5146 motibus
1178 5089 1207 5144 in
1222 5089 1318 5144 anima
1330 5089 1435 5146 lactum
1451 5092 1493 5142 est
1505 5086 1665 5158 continere,
1681 5090 1762 5161 quod
1779 5097 1824 5145 est
1837 5106 1889 5145 me·

1038 5177 1173 5246 minisse3
1186 5177 1227 5233 ita
1240 5182 1284 5234 est
1296 5177 1375 5233 alind
1390 5192 1527 5244 annuere,
1536 5176 1581 5232 val
1595 5193 1723 5234 renuere
1740 5179 1788 5234 his
1807 5178 1890 5235 moti-

1069 5331 1077 5364 ¹
1091 5327 1174 5378 Editi:
1185 5327 1431 5379 Attomsecandum
1440 5325 1681 5384 bostateattorem,
1696 5328 1743 5378 sed
1752 5333 1891 5380 certiores·

1036 5389 1283 5503 mamimus.
1292 5390 1352 5440 Mas.
1362 5404 1368 5438 :
1380 5387 1527 5440 Secundum
1537 5386 1589 5440 boe
1601 5391 1771 5442 toleratores.
1788 5392 1890 5457 Supple,
