3884 6112
117 224 147 276 or
730 217 817 274 vlre
837 217 863 273 S.
894 216 1088 275 AUGUSTINI
1115 214 1284 271 El’lSCOPl.
1844 211 1876 263 tt

118 349 177 402 tate
191 360 256 401 cum
272 360 334 399 sese
355 343 488 416 expedire
509 347 663 399 sectatores
676 342 755 398 illius
769 358 828 398 non
841 345 970 414 possent,

118 433 186 490 inde
198 451 228 489 se
238 432 376 489 divinitus
390 433 571 488 admonitum
584 432 694 501 scribit,
703 436 737 486 ut
745 433 855 505 ejurato
863 446 970 496 errore,

118 524 155 580 ad
170 522 300 579 Ecclesiae
325 523 412 578 tidem
432 538 462 577 se
485 526 664 577 converteret
683 523 792 591 (Contra
817 522 970 584 Fortunat,

119 613 223 684 disput.
240 615 267 675 2,
280 628 309 667 ιιι
325 613 384 680 3ῖ).
397 613 462 667 Erat
477 611 554 666 istud
570 613 741 683 perpetuum
755 608 972 664 validissimum·

119 718 175 773 que
198 701 325 757 Nebridii
345 706 562 772 argumentum,
580 699 655 770 quod
671 713 761 753 unum
775 697 863 752 errori
880 698 970 767 repel-

118 790 204 846 lendo
216 791 283 847 satis
294 794 365 858 erat,
376 789 400 844 si
413 789 481 844 satis
489 787 620 843 animum
632 785 808 841 advertisset.
821 785 973 850 Querebst

120 879 227 934 scilicet
241 885 341 934 acutus
355 879 521 933 adolescens
536 894 552 930 a
567 874 738 938 ldanicboeis,
754 873 824 946 quid
839 879 901 930 erat
914 875 972 929 ltro

120 969 230 1024 factura
243 984 313 1038 gens
333 967 382 1021 illa
405 966 601 1030 tenebrarum,
616 979 704 1034 quarn
718 980 752 1018 ex
766 963 884 1019 adversa
896 964 972 1018 rnole

122 1059 246 1112 solerent
259 1071 415 1127 opponere,
433 1054 475 1109 uti
496 1053 671 1125 principium
686 1053 764 1119 mali,
780 1052 893 1109 silicus
907 1069 972 1108 cum

122 1158 155 1195 ea
169 1155 298 1212 pugnare
312 1138 460 1193 noluisset.
477 1137 506 1193 Si
519 1137 597 1192 enim
612 1137 844 1208 responderetur,
864 1136 971 1208 aliquid

120 1229 209 1284 fuisse
234 1228 412 1295 nocituram
427 1225 571 1281 violabilis
586 1228 662 1282 Deus
684 1229 711 1280 et
725 1225 918 1296 corruptibilis
934 1226 974 1280 fo·

120 1323 165 1373 ret
187 1334 194 1373 ι
226 1317 250 1372 si
265 1321 361 1372 autem
386 1315 458 1371 nihil
478 1331 542 1370 eam
564 1331 666 1370 nocere
681 1314 807 1386 potuisse
821 1314 970 1380 diceretur,

120 1408 200 1462 nulla
222 1406 374 1462 afferretur
393 1421 479 1460 causa
501 1404 660 1477 pergrandi,
675 1410 702 1460 et
716 1403 756 1459 ita
769 1404 927 1476 pugnandi,
942 1408 974 1459 ut

123 1495 257 1568 quedam
272 1495 365 1568 portio
385 1498 414 1550 et
427 1495 591 1550 membrum
605 1495 648 1549 rel
670 1494 765 1565 proles
778 1494 813 1550 de
831 1495 893 1567 ipsa
907 1494 973 1548 sub-

92 1594 96 1601 ’
123 1585 227 1639 stantia
242 1584 303 1650 Dei,
320 1583 416 1638 anima
436 1582 553 1649 scilicet,
572 1582 740 1637 misceretur
753 1582 878 1638 adversis
891 1587 973 1654 pote·

125 1674 256 1740 statibus,
277 1678 307 1728 et
320 1688 377 1727 non
401 1689 417 1726 a
439 1673 496 1727 lieo
511 1671 612 1727 creatis
626 1671 752 1738 naturis;
767 1676 853 1744 atque
867 1671 897 1726 in
911 1675 974 1726 tan·

124 1763 230 1817 tumab
240 1762 280 1817 cis
289 1764 522 1832 corrumperetur
531 1760 973 1826 etcommutareturindeterius,

1028 345 1056 396 et
1069 338 1200 395 numeris
1221 341 1250 391 et
1271 336 1361 392 oculis
1381 333 1440 390 suis
1458 333 1619 405 exploratas
1633 332 1766 399 babebat,
1783 330 1877 386 neuti-

1028 445 1116 502 quam
1140 427 1321 483 cohererent
1343 423 1492 482 llanichaei
1509 422 1624 489 fabulae,
1640 421 1700 477 imo
1712 436 1831 493 prorsus
1844 420 1879 476 ab

1027 517 1069 572 eis
1094 517 1302 587 discreparent.
1328 514 1463 570 Nondum
1485 517 1583 566 tamen
1607 510 1673 566 satis
1692 514 1879 581 compererat,

1028 611 1128 662 utrum
1143 605 1230 661 etiam
1238 603 1395 659 secundum
1406 601 1554 658 ldaniclrui
1567 600 1663 665 verba,
1674 598 1880 654 vicissitudines

1028 695 1190 767 longiorum
1216 699 1245 749 et
1263 693 1427 748 breviorum
1447 691 1560 747 dienrm
1583 694 1668 760 atque
1691 689 1831 756 noctium,
1854 692 1882 741 et

1028 784 1119 856 ipsius
1142 784 1233 839 noctis
1257 787 1285 838 et
1297 782 1365 849 diei,
1385 787 1413 836 et
1426 780 1552 852 deliquia
1568 779 1720 839 luminum,
1736 782 1766 833 et
1778 777 1881 849 siquid

1029 874 1170 947 ejusmodi
1195 872 1227 928 in
1242 872 1306 928 aliis
1320 870 1400 925 libris
1413 870 1532 940 legerat,
1547 872 1643 940 posset
1657 867 1760 938 exponi
1787 865 1881 936 (lite,

1027 981 1055 1019 u.
1081 964 1120 1034 o).
1137 964 1318 1034 Quapropter
1332 959 1487 1016 adrentum
1504 957 1608 1026 Fausti,
1624 956 1674 1028 qui
1695 955 1881 1010 honestarum

1028 1052 1160 1107 omnium
1174 1049 1392 1122 disciplinarum
1408 1047 1600 1118 peritissimus
1613 1050 1642 1100 et
1656 1044 1787 1116 apprime
1802 1043 1883 1099 disci·

1027 1141 1116 1213 plinis
1132 1139 1298 1195 liberalibus
1322 1137 1452 1192 eruditus
1473 1135 1642 1200 habebatur,
1662 1133 1776 1189 ardenti
1789 1131 1883 1188 studio

1028 1229 1216 1302 exspectabat
1239 1227 1334 1299 (totu,
1347 1243 1408 1297 cup.
1424 1228 1452 1294 o,
1467 1240 1496 1279 n.
1516 1224 1569 1294 ro).
1586 1222 1688 1280 Ceteri
1702 1221 1781 1277 enim
1794 1221 1883 1277 blani-

1028 1319 1102 1375 chsei
1125 1316 1269 1373 solvendis
1283 1316 1346 1388 ejus
1360 1311 1568 1386 questionibus
1583 1312 1717 1383 impares,
1738 1310 1816 1366 hunc
1829 1310 1884 1382 ipsi

1031 1408 1145 1465 assidue
1159 1405 1376 1478 promittebant,
1392 1403 1474 1474 cujus
1488 1402 1611 1457 adventu
1626 1401 1786 1472 collatoque
1801 1400 1885 1455 collo-

1033 1497 1113 1568 quio,
1128 1511 1186 1550 non
1198 1495 1292 1550 solum
1307 1508 1406 1549 omnes
1420 1507 1518 1548 rerum
1533 1490 1791 1546 astronomicarum
1804 1489 1884 1557 uodi,

1032 1587 1081 1642 sed
1107 1586 1194 1641 etiem
1218 1585 1403 1656 quicumque,
1427 1582 1470 1635 vel
1494 1581 1556 1636 istis
1574 1581 1659 1652 longe
1681 1579 1882 1645 intricatiorcs,

1028 1675 1122 1749 ipsius
1144 1675 1240 1729 animo
1259 1677 1376 1744 possent
1396 1685 1557 1741 occurrere,
1579 1666 1747 1741 planissime
1766 1666 1882 1739 expedi·

1029 1769 1137 1821 rentur.

123 1856 156 1906 ut
170 1867 187 1906 a
202 1850 379 1907 beatitudine
395 1851 424 1904 in
444 1848 592 1905 miseriam
606 1853 774 1917 verteretur,
790 1853 819 1904 et
832 1848 976 1917 indigeret
1062 1856 1089 1910 4.
1119 1854 1239 1908 Faustus
1261 1849 1314 1906 iste
1345 1853 1431 1920 gente
1453 1848 1543 1916 Afer,
1567 1846 1680 1909 civitate
1706 1845 1884 1902 bliteritenus

121 1939 230 1995 auxilio
255 1955 312 2011 quo
334 1938 397 1993 erui
412 1939 589 2011 purgarique
613 1940 709 2009 posset
729 1937 859 2010 (consess.
877 1939 924 1993 tid.
944 1941 972 2003 7,
1028 1942 1303 2014 (enarrationem,
1327 1938 1376 1994 tib.
1399 1941 1425 2006 t,
1450 1953 1511 2008 cap.
1538 1937 1573 2005 t),
1599 1935 1719 1990 obscuro
1740 1939 1770 1988 et
1791 1949 1882 2004 egeno

122 2045 184 2099 cop.
204 2030 233 2098 2,
247 2044 276 2082 ιι.
300 2027 336 2093 3).
364 2026 495 2082 movebat
516 2043 584 2081 eum
608 2030 759 2098 preterea,
775 2027 849 2098 quod
864 2026 973 2082 nullam
1026 2037 1109 2106 patre
1120 2035 1204 2086 nattis
1217 2028 1312 2099 (leid,
1324 2028 1372 2082 lib.
1382 2030 1409 2093 5,
1420 2042 1481 2096 cup.
1493 2025 1531 2097 5),
1542 2024 1765 2080 Manichaeorum
1777 2026 1883 2077 sectam

121 2117 311 2173 substantiam
329 2116 439 2171 melum
456 2131 517 2171 esse
533 2132 549 2170 a
563 2115 700 2187 quopiam
717 2115 859 2173 audierat.
876 2116 974 2187 Neque
1028 2120 1187 2191 amplexus,
1209 2117 1286 2172 inter
1307 2133 1355 2172 eos
1369 2115 1496 2187 episcopi
1517 2129 1623 2169 nomeu
1643 2111 1770 2167 obtinuit
1794 2112 1880 2183 (Cous.

121 2220 190 2258 vero
204 2203 282 2258 hunc
296 2203 464 2275 scrupulum
478 2203 540 2274 ejus
554 2203 651 2258 animo
674 2203 863 2258 amoliebetur
883 2201 974 2258 liaui-
1029 2209 1077 2263 tio.
1100 2213 1128 2277 5,
1146 2223 1206 2279 cop.
1228 2209 1255 2274 3,
1277 2223 1305 2262 n.
1326 2206 1361 2277 3).
1385 2205 1515 2261 lactabat
1539 2220 1568 2258 se
1591 2202 1731 2259 dimisisse
1759 2205 1883 2273 patrem,

121 2293 269 2348 chaeornm
288 2291 337 2346 ille
352 2293 570 2362 antesignanus,
586 2293 637 2364 qni
657 2292 772 2364 egregie
787 2291 974 2363 qnaenlinnnm
1029 2302 1163 2363 matrem,
1180 2311 1311 2362 uxorem,
1331 2294 1447 2362 liberos,
1472 2298 1502 2348 ct
1515 2298 1618 2348 cetera
1632 2290 1740 2357 omnia,
1757 2306 1823 2362 quse
1837 2291 1881 2345 lex

123 2380 227 2453 puerili
249 2396 282 2434 ea
297 2379 476 2434 cavillatione
491 2379 644 2435 dissolvere
658 2396 688 2434 se
706 2380 845 2452 putebat:
863 2379 972 2447 Vellem,
1029 2384 1191 2457 evangeliea
1211 2384 1296 2456 jubet
1308 2383 1487 2454 relinquere,
1512 2397 1617 2438 aurum
1630 2385 1659 2435 et
1673 2385 1826 2452 argentum
1840 2394 1879 2433 rs·

121 2469 271 2541 inquiebat
285 2469 344 2537 ille,
365 2471 532 2538 scorpionem
552 2472 581 2523 iu
596 2484 678 2524 manu
691 2470 807 2524 bominis
818 2484 927 2540 ponere,
942 2484 974 2523 cc
1025 2475 1137 2547 jecisse,
1160 2490 1199 2528 aes
1218 2473 1248 2526 in
1274 2471 1354 2526 zonis
1369 2487 1426 2526 non
1439 2470 1562 2538 babere;
1579 2487 1608 2524 se
1623 2468 1794 2541 quotidiano
1808 2484 1877 2523 con·

120 2559 224 2629 uidere,
239 2563 332 2614 utrum
343 2573 397 2613 non
407 2557 578 2614 subtraberet
590 2574 700 2613 monum
715 2574 722 2611 :
737 2558 848 2628 quodsi
860 2559 972 2625 suomet,
1027 2568 1140 2637 tentum
1163 2562 1237 2629 cibo,
1260 2562 1295 2617 de
1319 2561 1443 2616 crastino
1458 2576 1517 2615 uun
1529 2574 1641 2626 curare,
1656 2573 1710 2613 nec
1724 2573 1786 2612 esse
1801 2556 1880 2611 solli·

121 2663 176 2702 non
189 2648 289 2709 uerbis,
304 2648 352 2703 sed
365 2664 395 2702 re
413 2649 476 2717 ipsu
487 2649 698 2714 convinceretur,
711 2648 833 2717 ntiquom
846 2647 974 2702 substan·
1027 2653 1118 2709 citum
1143 2651 1220 2707 unde
1239 2655 1369 2706 ventrem
1384 2650 1530 2721 impleret,
1544 2653 1595 2704 eut
1608 2664 1711 2720 corpus
1726 2646 1854 2718 operiret
1871 2662 1878 2700 :

126 2739 194 2791 tium
207 2738 310 2792 mulum
324 2752 396 2802 essee
406 2737 516 2806 quando
531 2735 639 2805 quidem
648 2736 718 2791 illud
732 2737 898 2792 unimetesse
912 2735 975 2791 sub

122 2828 255 2881 stantiam
262 2842 317 2880 non
326 2830 446 2894 rugaret.
457 2825 644 2896 despondebat
652 2841 724 2895 erpo,
735 2825 775 2880 ait
785 2825 972 2896 Augustinus,

116 2916 266 2984 pueriliter
276 2914 381 2985 pueris.
393 2914 461 2980 Quis
471 2915 542 2968 enim
555 2915 708 2969 meliuscule
717 2914 836 2970 imbutus
849 2918 875 2969 et
884 2915 974 2969 erudi·

120 3008 174 3070 tus,
190 3019 243 3058 non
255 3003 349 3058 uideat
360 3018 412 3073 per
426 3005 669 3058 inconvenientium
683 3005 832 3073 corporalis
844 3008 974 3073 tempero·

40 3140 45 3147 .
122 3095 205 3147 tionis
220 3093 275 3147 lraec
297 3091 403 3159 ledes,
418 3106 450 3145 ac
463 3105 561 3146 rursus
571 3107 622 3161 per
635 3093 846 3147 conuenientium
859 3107 913 3146 non
927 3092 972 3146 tu·

122 3181 196 3245 dere,
221 3196 292 3250 saepe
305 3182 388 3234 etium
400 3180 538 3235 commodo
551 3195 605 3235 non
616 3196 706 3251 pomo
718 3184 850 3248 conferre.
864 3182 933 3236 Num
948 3182 974 3235 si

122 3268 196 3325 illud
208 3284 339 3323 uenenum
350 3283 401 3339 per
414 3283 442 3323 se
455 3270 545 3339 ipsum
559 3270 661 3324 molum
674 3273 751 3332 esset,
767 3269 887 3324 eumdem
899 3285 972 3325 scor-

125 3359 231 3427 pionem
244 3359 333 3424 meuis
345 3359 478 3428 primque
490 3360 634 3427 perimeret
649 3357 695 3428 (lte
708 3357 829 3413 uentus
842 3359 972 3424 bunut,

125 3462 154 3501 n.
173 3446 226 3518 tt).
242 3448 362 3519 Jamque
376 3462 410 3501 eo
419 3450 537 3502 ventum
548 3452 619 3515 erat,
633 3451 666 3502 ut
674 3445 778 3518 placita
790 3447 974 3519 philosopho·

121 3551 197 3603 rum,
213 3535 295 3608 queis
304 3535 433 3591 animum
445 3535 599 3608 diligenter
609 3536 780 3604 excoluerat,
797 3535 972 3609 longissimis

121 3624 343 3681 llenicbaeomm
369 3624 474 3680 fabulis
489 3640 549 3680 nou
564 3629 743 3698 compararet
756 3626 861 3694 solum,
877 3626 925 3681 sed
944 3630 974 3681 et

120 3713 278 3770 anteferret
297 3712 430 3785 (Consors.
455 3714 504 3769 tib.
520 3718 548 3782 5,
562 3731 623 3786 cup.
648 3719 675 3778 3,
690 3730 718 3770 n.
736 3714 773 3786 3).
788 3713 908 3770 Videbat
920 3714 973 3770 sci·

121 3803 187 3859 licet
210 3803 298 3858 homo
330 3803 480 3875 perspicax
506 3807 637 3858 motuum
666 3803 825 3859 coelcstium
853 3820 971 3872 causas,

120 3890 370 3962 aequinoctiorum,
383 3891 584 3960 solstitiorum,
595 3891 759 3948 defectuum
770 3892 894 3964 denique
906 3892 973 3949 solis

122 3995 155 4035 ac
169 3981 255 4046 lunae,
276 3980 367 4035 multo
382 3980 486 4036 melius
500 3996 518 4035 a
531 3980 711 4052 philosophis
726 3980 871 4052 explicari,
886 3997 973 4053 quam

125 4067 325 4136 altauicbuo;
346 4069 461 4125 tametsi
476 4069 500 4124 is
517 4069 547 4124 in
562 4085 626 4124 eam
639 4085 700 4125 rem
717 4069 910 4141 copiosissime
924 4070 974 4125 de·

121 4158 235 4214 lirasset
249 4158 344 4230 (ibid,
359 4175 389 4214 n.
406 4158 444 4229 6).
460 4157 595 4224 Quamvis
605 4158 682 4213 enim
696 4174 730 4213 ea
744 4174 841 4213 rerum
855 4163 973 4214 natura-

118 4247 193 4303 lium
217 4249 347 4320 cognitio
361 4263 419 4303 non
434 4248 631 4319 pertineat'ad
646 4263 720 4303 verse
733 4247 847 4320 pietatis
860 4248 973 4303 institu-

122 4337 232 4393 tionem
244 4354 251 4392 :
262 4337 341 4408 quod
350 4341 448 4392 umen
456 4335 627 4391 tlanicbaeus
639 4336 975 4408 baciupartefallebatur

122 4425 181 4481 sire
206 4425 331 4493 fallebat,
352 4424 440 4481 tidem
464 4423 722 4496 auctoritatemque
736 4441 852 4481 ornnem
866 4426 896 4480 in
907 4425 975 4481 reli-

123 4513 189 4586 quis
203 4513 231 4569 ei
253 4513 419 4585 abrogabat
436 4515 500 4570 Non
513 4512 600 4569 dubis
613 4514 721 4586 quippe
736 4513 837 4569 exinde
852 4514 974 4586 suspicio

123 4601 319 4669 oboriebatur,
342 4618 408 4658 eum
431 4602 523 4657 multo
546 4602 638 4674 magis
651 4602 682 4657 in
696 4601 783 4657 rebus
797 4620 814 4658 a
827 4619 911 4659 sensu
926 4620 972 4658 re-

123 4689 296 4747 motioribus
315 4691 523 4762 pertractandis
538 4691 685 4760 aberrare;
699 4707 794 4764 neque
808 4708 894 4764 porro
908 4709 975 4749 eum

122 4794 191 4834 vera
205 4778 371 4852 sinceraque
386 4780 707 4852 supientieinstmrtum
718 4796 789 4850 esse,
802 4781 851 4852 qui
866 4797 974 4854 eaquae

123 4883 181 4925 non
197 4868 393 4936 intellexisset,
406 4874 515 4926 temere
530 4870 655 4926 doceret.
671 4869 783 4935 Quanto
798 4886 866 4926 vero
879 4871 974 4926 minus

121 4957 202 5014 credi
215 4961 338 5030 poterat,
348 4974 415 5014 eum
424 4958 533 5030 Spiritu
544 4959 641 5016 divirm
653 4958 974 5033 etilar1‚autquodipse

125 5046 259 5104 omnium
274 5047 401 5104 maxime
424 5047 583 5104 existimari
597 5049 741 5120 cupiebat,
757 5048 895 5120 Spiritum
908 5065 975 5105 san-

123 5142 203 5193 ctum
224 5135 395 5192 ancmntate
413 5136 543 5207 plenaria
557 5137 746 5209 personaliter
759 5137 790 5192 in
805 5155 838 5194 eo
851 5138 975 5193 residere

124 5225 223 5295 (leid,
242 5240 304 5297 cup.
321 5227 348 5291 5,
363 5241 392 5280 n.
417 5224 454 5296 8),
470 5225 563 5298 quiin
577 5226 663 5282 rebus
677 5226 780 5299 cuique
794 5226 976 5283 mediocriter

124 5314 239 5371 emdito
263 5313 370 5386 perviis
384 5315 455 5371 adeo
469 5315 593 5386 turpiter
605 5315 824 5386 allucinebatur,
838 5321 871 5372 ut
884 5332 974 5372 cecu-

126 5402 181 5457 tire
202 5404 301 5474 potius
323 5420 411 5477 quam
433 5404 555 5477 caligare
569 5404 733 5460 rideretur?
746 5406 865 5462 Interim
878 5407 905 5461 ei
916 5422 975 5460 cre·

121 5489 191 5546 dere
208 5492 367 5564 jubebatur
386 5493 574 5567 Augustinus,
595 5491 650 5549 etsi
664 5493 706 5548 eis
720 5493 891 5566 rationibus,
905 5511 977 5566 quas

1028 2741 1152 2813 denique
1173 2757 1203 2796 se
1226 2755 1383 2812 pauperem
1402 2754 1475 2806 esse,
1501 2737 1612 2803 miteru,
1627 2735 1792 2808 pacificum,
1807 2750 1880 2807 puro

1028 2831 1124 2898 corde,
1141 2828 1491 2902 lugentem,esuricntem,
1504 2824 1881 2897 sitientem,persecutiones

1028 2925 1056 2976 et
1070 2919 1136 2975 odia
1149 2918 1338 2973 sustinentem
1351 2922 1470 2989 propter
1477 2915 1632 2988 justitiam,
1646 2913 1831 2986 predicabat.
1846 2915 1881 2968 et

1027 3009 1123 3064 notior
1144 3012 1206 3079 eret
1228 3005 1322 3062 Fausti
1348 3005 1494 3076 mollities,
1517 3004 1553 3059 iis
1573 3004 1699 3060 maxime
1712 3003 1765 3075 qui
1781 3005 1879 3059 ltomee

1027 3097 1206 3154 familiariter
1220 3112 1254 3150 eo
1268 3094 1312 3149 usi
1323 3098 1428 3159 essent,
1442 3109 1529 3165 quam
1543 3097 1577 3148 ut
1589 3094 1675 3164 longa
1685 3091 1879 3147 confutatione

1027 3190 1137 3259 egeret.
1153 3183 1491 3256 Redarguebsntsciticet
1503 3182 1627 3238 hominis
1637 3180 1880 3237 inverecumdism

1028 3275 1158 3332 delicate
1172 3273 1229 3328 tlte
1237 3273 1345 3345 plumae
1358 3273 1464 3345 quibus
1485 3270 1688 3337 indormiebat,
1703 3269 1831 3342 caprinae
1845 3270 1881 3324 lo-

1028 3357 1882 3436 dicesquibusoperiebatur,deliciarumdeniqueaftlueutie

1027 3453 1132 3520 omnis,
1148 3468 1206 3524 qua
1220 3467 1280 3506 non
1294 3450 1380 3506 modo
1395 3450 1591 3506 blattariorunr
1605 3449 1779 3504 severiorem
1795 3445 1880 3503 disci·

1027 3543 1147 3614 plinam,
1163 3540 1213 3596 sed
1228 3539 1314 3595 etiem
1325 3539 1443 3595 domum
1456 3538 1598 3609 patrissui
1609 3534 1881 3609 hominispauperis

1028 3629 1182 3687 ltilevitani
1205 3628 1332 3684 fastidire
1355 3628 1517 3684 videbatur.
1542 3628 1623 3682 Nunc
1636 3625 1714 3699 quod
1729 3626 1835 3682 attinet
1848 3622 1881 3679 ad

1027 3736 1091 3776 eam
1106 3723 1219 3791 partem
1229 3733 1311 3773 venes
1322 3715 1592 3784 commendationis,
1606 3730 1664 3787 qua
1679 3729 1708 3768 se
1720 3712 1758 3768 ob
1771 3712 1881 3784 praesti·

1027 3812 1090 3864 tum
1104 3807 1217 3863 veritati
1232 3806 1434 3879 patrocinium,
1449 3804 1663 3877 persecutiones
1678 3806 1707 3858 et
1720 3802 1788 3858 odie
1802 3801 1881 3857 susb-

1028 3896 1123 3952 nuisse
1148 3883 1341 3968 gloriabatur;
1357 3894 1532 3951 dissimulari
1554 3893 1672 3966 quidem
1694 3907 1754 3947 nou
1775 3895 1879 3963 potest,

1028 3985 1091 4057 pios
1115 3984 1226 4057 aliquot
1241 3985 1318 4040 viros
1332 3985 1472 4039 baereseoe
1487 3981 1628 4038 actionem
1649 3980 1691 4036 nti
1713 3980 1879 4046 intendisse,

1029 4090 1120 4146 eoque
1136 4073 1253 4129 nomine
1268 4073 1299 4128 in
1310 4073 1358 4145 jus
1367 4078 1509 4140 vocatum,
1523 4071 1744 4141 convictumque
1755 4074 1806 4125 aut
1819 4084 1881 4123 cun·

1030 4165 1149 4228 fessum,
1167 4161 1319 4218 mitissima
1332 4179 1386 4234 pro
1402 4161 1512 4216 meritis
1525 4177 1621 4232 pruna,
1635 4159 1677 4214 cis
1690 4158 1761 4230 ipsis
1771 4158 1824 4231 qui
1836 4173 1881 4211 ro·

1031 4255 1168 4306 caverent
1188 4248 1341 4306 Catholicis
1351 4247 1609 4315 intercedentibus,
1625 4245 1655 4302 in
1669 4245 1825 4318 quamdam
1837 4242 1880 4299 in-

1032 4341 1124 4395 sulam
1151 4338 1293 4395 sententia
1315 4337 1495 4410 proconsulis
1515 4336 1643 4393 Africani
1655 4350 1720 4391 cum
1736 4331 1881 4389 nonnullis

1031 4429 1090 4485 suis
1120 4428 1286 4501 gregalibus
1308 4427 1491 4498 deportatum
1510 4441 1581 4491 esse,
1608 4425 1686 4480 unde
1708 4439 1767 4479 non
1789 4421 1880 4478 multe

1029 4523 1104 4591 post,
1112 4522 1145 4574 ut
1155 4523 1216 4573 erat
1224 4516 1305 4572 solita
1313 4532 1366 4588 per
1378 4516 1407 4571 id
1417 4520 1533 4586 tempus
1543 4531 1611 4586 erga
1626 4514 1776 4569 damnatos
1790 4509 1882 4566 indul·

1030 4608 1129 4680 gentis
1152 4606 1330 4678 principum,
1350 4608 1499 4659 revocatus
1522 4603 1576 4658 fuit
1602 4603 1714 4672 (Contra
1741 4603 1880 4665 Faustum,

1030 4698 1077 4753 tib.
1095 4700 1123 4762 5,
1138 4711 1218 4767 capp.
1238 4700 1265 4763 t,
1290 4698 1316 4761 5,
1334 4694 1363 4760 7,
1385 4693 1422 4765 8).
1450 4694 1483 4748 Et
1504 4692 1564 4747 burc
1586 4691 1705 4764 quidem
1728 4688 1881 4760 contigisse

1030 4785 1165 4840 videntur
1179 4785 1216 4840 ad
1231 4798 1339 4838 annum
1354 4781 1587 4837 trecentesimum
1603 4778 1810 4851 octogesimum
1819 4792 1882 4831 sex·

1031 4879 1103 4941 tum,
1116 4889 1182 4928 curn
1198 4873 1301 4944 ingens
1315 4871 1536 4927 Manichaeorum
1547 4867 1806 4924 multitudocorem
1814 4866 1883 4921 les·

1032 4964 1113 5019 siano
1135 4962 1307 5035 proconsule
1321 4976 1436 5016 causam
1453 4959 1547 5014 dicere
1566 4958 1644 5030 jussa
1659 4960 1712 5024 est,
1727 4960 1825 5028 atque,
1839 4953 1883 5009 uti

1031 5051 1123 5107 rideri
1134 5054 1240 5122 potest,
1257 5050 1292 5104 ab
1306 5065 1340 5103 eo
1355 5048 1498 5102 damnate.

1066 5145 1093 5196 5.
1114 5141 1151 5195 Ut
1166 5139 1287 5194 Faustus
1306 5138 1342 5193 ob
1354 5152 1448 5191 mores
1462 5151 1530 5191 suos
1544 5150 1604 5206 pree
1618 5134 1729 5190 cectcris
1743 5149 1801 5188 uon
1810 5131 1882 5187 emi·

1028 5229 1129 5296 nebat3
1155 5227 1196 5283 sic
1216 5227 1280 5282 aliis
1294 5225 1456 5283 tlauichaeis
1470 5224 1600 5280 doctrina
1618 5229 1647 5278 et
1659 5221 1821 5278 eruditione
1834 5237 1883 5277 su·

1031 5316 1130 5388 perior
1143 5331 1202 5371 non
1216 5319 1287 5370 erat.
1312 5316 1383 5371 Nem
1398 5312 1529 5368 omnium
1542 5310 1704 5367 liberalium
1716 5308 1884 5382 disciplina·

1030 5420 1108 5469 rum,
1134 5408 1327 5477 preterquam
1350 5402 1555 5475 grammab'cee,
1579 5399 1657 5455 mdis
1681 5404 1769 5471 etque
1782 5414 1885 5470 expers

1030 5499 1107 5563 erat;
1125 5510 1246 5566 eamque
1260 5493 1364 5565 ipsam,
1380 5492 1411 5547 in
1426 5508 1484 5565 qua
1497 5490 1632 5546 excellere
1647 5488 1808 5556 videbatur,
1824 5503 1884 5544 non
