3884 6112
63 112 94 164 si
810 113 917 170 utera
944 114 1086 173 earnes.
1685 92 1693 102 '
1792 119 1828 173 ss

64 238 107 288 ret
118 230 621 303 iiielebribus,iaercitdiusinescrtsu
631 233 768 290 insudare
778 236 880 291 lethali.
890 239 926 292 iit
979 235 1071 292 bonas
1090 237 1196 294 babere
1215 238 1379 310 discipulos,
1397 242 1430 296 ut
1448 239 1534 311 salgo
1551 238 1721 312 appetantur
1734 237 1826 294 boni:

64 337 128 376 crim
138 320 925 394 despaaretur,baptizatusestnesciens,menoncurante,
979 328 1462 384 cumconsaetamscholasticorum
1472 326 1829 400 Carthaginensiumlicen·

64 416 92 464 ct
101 415 283 481 presumente
293 410 324 465 id
332 411 546 482 retinerepotius
555 413 675 466 animam
686 413 755 482 ejus,
767 413 840 483 quod
855 430 925 469 amc
979 415 1049 470 tiam
1059 416 1133 472 terre
1144 433 1203 472 non
1213 422 1310 489 posset
1323 416 1419 488 (ibid,
1435 418 1482 472 tib.
1499 421 1525 483 5,
1541 433 1602 488 cap.
1618 419 1644 484 8,
1655 433 1682 471 n.
1697 415 1750 486 ti).
1763 415 1829 471 lllos

66 503 223 571 accepm,
237 513 289 554 ⁷107}
309 499 385 570 quod
402 500 587 555 intimitatis
605 498 819 571 corporefiebssi-
836 502 926 570 bonne
980 507 1047 562 artis
1062 507 1211 562 rhetoricae
1231 507 1310 563 dolos
1331 507 1392 562 siue
1413 506 1478 562 dolo
1500 505 1626 572 docebat,
1647 520 1705 561 non
1724 504 1829 576 quibas

62 589 926 656 amematemeacnamrecreansestetsataassaatassmttm-
979 597 1160 652 innocentem
1172 597 1201 651 in
1212 596 1312 667 capitis
1320 595 1661 662 discrimenadducerent,
1669 594 1829 667 sedqnibus

62 693 116 748 que
125 677 925 748 utprimumcumeoioquipotui(potuioutemmoeutilte
979 684 1134 757 aliqnando
1154 693 1305 740 nocentem
1321 702 1336 740 e
1352 684 1529 756 judiciorum
1545 682 1655 754 laqueis
1673 682 1829 739 eximerent

60 765 926 837 potair,quandonoadiscedeoometaimispeadeoamaseaia·
980 775 1071 844 (ibid,
1088 775 1136 829 tib.
1150 776 1177 841 4,
1193 790 1253 844 cap.
1272 777 1299 840 2,
1317 791 1345 828 n.
1365 774 1402 842 i).
1424 773 1469 828 Sic
1488 772 1557 828 dum
1576 771 1606 827 in
1621 770 1730 826 lubrico
1742 771 1828 826 vacil-

65 856 174 925 sicem),
182 855 450 926 tentauiapudiilum
457 855 582 921 irridere,
588 860 721 924 tanquam
727 853 925 912 ettiloirrisuro
980 864 1051 917 taret
1065 863 1252 934 Augustinus,
1267 861 1358 934 ipsius
1370 862 1452 930 tides,
1463 877 1549 933 quam
1560 861 1590 915 in
1602 861 1652 915 illo
1663 854 1828 931 magisterio

63 959 170 999 mecum
179 945 363 1014 baptismum,
375 959 452 1014 quern
462 948 871 1015 acceperatmenteotquesensn
882 945 925 999 ab
979 952 1140 1019 exhibebat,
1154 951 1232 1006 velut
1247 951 1278 1006 in
1293 949 1461 1006 densissimo
1477 950 1557 1005 lamo
1576 949 1748 1004 scintillabat
1773 950 1828 1005 Na·

62 1034 656 1105 smtassimuasedtamenjamseaccepisse
669 1034 815 1090 didicerat.
830 1036 925 1090 Atille
979 1044 1040 1092 ctus
1062 1055 1148 1110 porro
1173 1044 1215 1092 est
1236 1037 1406 1108 Carthagine
1428 1036 1537 1091 nobiles
1561 1035 1705 1091 auditores
1728 1038 1829 1092 Roma·

64 1124 104 1178 itu
119 1138 163 1177 me
176 1124 321 1178 extorruit
338 1127 370 1178 ut
387 1124 538 1191 inimicum,
554 1124 748 1193 admonuitque
761 1123 885 1179 mirabili
898 1131 925 1182 et
978 1127 1059 1182 niani
1074 1126 1234 1183 Maecenatis
1249 1125 1294 1180 sni
1308 1125 1383 1180 tilios
1398 1125 1427 1178 in
1441 1124 1550 1196 primis,
1564 1124 1721 1180 licentium
1734 1124 1829 1181 rideli-

63 1213 211 1282 repentina
221 1211 356 1280 libertate,
370 1214 401 1266 ut
415 1213 440 1266 si
451 1213 554 1266 omnus
566 1226 621 1266 esse
630 1212 734 1281 rellan,
746 1213 815 1267 tatia
823 1213 876 1267 sibi
886 1214 925 1268 di·
977 1221 1032 1284 cet,
1048 1221 1134 1288 atque
1154 1216 1216 1287 ejus
1231 1215 1348 1270 tratrem
1368 1219 1448 1282 nata,
1466 1214 1509 1268 uti
1527 1213 1650 1283 videtur,
1670 1213 1827 1282 minorem;

64 1316 124 1356 cere
137 1300 299 1357 desinerem.
319 1303 377 1368 iiqo
395 1305 484 1355 autem
502 1302 671 1371 stupefactus
687 1305 770 1370 atque
787 1302 920 1368 turbatus,
978 1304 1120 1376 siqnidem
1133 1304 1156 1357 is
1171 1321 1243 1376 puer
1255 1303 1481 1374 nuncupaturab
1492 1302 1724 1374 Augustinocum
1734 1303 1829 1359 Licen-

63 1390 165 1445 distuii
174 1404 267 1444 ornnes
277 1392 365 1444 motus
374 1403 454 1451 meos,
465 1393 496 1443 ut
506 1389 698 1444 convalesceret
703 1391 794 1460 prius,
804 1395 924 1459 essetque
978 1395 1029 1464 tio,
1040 1398 1140 1466 utpote
1151 1394 1237 1464 paulo
1249 1396 1332 1448 atate
1344 1392 1535 1464 provectiore,
1547 1392 1709 1463 disputante
1721 1390 1831 1463 (Contra

62 1478 177 1533 imi
194 1477 302 1532 ”Mitti
314 1477 491 1543 valetudini&
507 1492 567 1531 eum
581 1491 633 1547 quo
648 1492 840 1548 “itttimitm
851 1478 923 1548 quod
976 1483 1118 1550 Academ,
1136 1483 1184 1537 lib.
1200 1484 1228 1550 2,
1242 1498 1288 1536 nn.
1308 1484 1351 1549 lb,
1367 1481 1420 1552 lit).
1438 1480 1572 1552 Eulogius
1583 1496 1698 1552 quoque
1708 1479 1830 1552 insignis

61 1568 167 1622 retient.
187 1567 241 1623 Sed
255 1567 301 1622 iile
315 1566 443 1636 abreptus
458 1565 600 1621 demerito
612 1581 686 1632 mere,
701 1570 733 1620 nt
748 1567 824 1637 opud
836 1571 860 1620 te
871 1583 923 1622 ser
977 1567 1635 1642 rhetorCarthaginensisadhancaddiscendam
1641 1572 1829 1641 artemquam

61 1661 176 1712 carew
195 1655 374 1711 consolationi
391 1670 464 1720 mea,
483 1657 545 1724 post
557 1668 662 1727 ponem
682 1655 739 1710 dies
755 1671 796 1709 me
815 1655 923 1711 absorte
978 1662 1007 1716 in
1024 1661 1073 1717 illa
1087 1660 1201 1716 civitate
1220 1659 1294 1714 circa
1311 1674 1419 1712 annum
1439 1657 1672 1713 trecentesimum
1689 1657 1830 1729 octogesi-

60 1746 198 1816 repetitur
210 1743 344 1811 febribus,
360 1747 386 1798 et
398 1742 569 1811 defungitur.
585 1740 642 1810 Quo
652 1742 923 1799 dotoreoontcnebra·
978 1766 1060 1805 mam
1076 1753 1188 1804 sextum
1203 1746 1399 1820 profitebatur,
1414 1746 1574 1817 Augustino
1589 1745 1726 1816 magistro
1746 1761 1828 1802 usam

62 1840 120 1889 illm
133 1837 175 1889 0⁸2
196 1847 243 1888 W
259 1847 358 1899 mium,
376 1835 403 1886 ti
423 1829 561 1902 quidquid
574 1831 749 1902 mititiam,
766 1848 837 1888 miri
851 1838 921 1888 erar.
976 1841 1063 1895 luisse
1076 1836 1236 1910 reperimus
1251 1837 1297 1906 (De
1311 1837 1383 1892 Curd
1393 1850 1443 1905 pro
1458 1836 1570 1890 mortuis
1585 1834 1712 1903 gerendi,
1729 1850 1756 1889 n.
1775 1837 1825 1901 13).

62 1925 96 1977 Ei
109 1926 172 1977 mi
187 1921 259 1976 miii
269 1923 368 1991 patria
379 1921 554 1991 supplicium,
570 1924 596 1975 ti
609 1924 725 1990 patema
740 1919 835 1975 domus
848 1922 922 1975 mira
978 1928 1108 2000 Denique
1123 1925 1253 1998 Alypius,
1269 1924 1319 1997 qui
1335 1923 1427 1979 eidem
1442 1922 1555 1978 docenti
1569 1924 1697 1993 Tagastae
1710 1938 1827 1993 operam

62 2011 231 2078 filimi
261 2013 288 2064 ii
321 2009 459 2079 quidquid
485 2025 546 2063 ivm
574 2009 622 2064 5¹²⁰
649 2011 920 2077 ⁶⁰mm¹i⁷²i⁶⁰vir⁰ms
977 2010 1827 2085 dederat,Carthaginequoqneillumaudireperseverarit:

62 2101 120 2155 tint
140 2099 192 2154 iilo
216 2101 246 2154 in
270 2100 422 2154 ductitium
442 2100 586 2152 immanem
612 2103 740 2154 vertimi-
766 2098 844 2154 Solus
871 2101 921 2166 lit·
977 2103 1092 2161 tametsi
1109 2102 1186 2158 enim
1201 2101 1371 2175 verecundia
1387 2099 1544 2172 patrissui,
1558 2099 1602 2154 cui
1617 2115 1682 2154 cnm
1693 2098 1827 2171 Augusti·

63 2194 106 2243 tus
119 2192 184 2242 erat
197 2187 287 2242 dulcis
303 2187 374 2241 mibi
386 2190 412 2241 et
425 2189 590 2241 successerat
603 2187 689 2240 amico
704 2201 760 2240 meo
773 2187 803 2239 in
817 2185 921 2240 deliciis
978 2209 1015 2246 no
1028 2191 1102 2246 torte
1118 2193 1179 2244 erat
1193 2189 1324 2260 quadam
1340 2188 1477 2254 simultas,
1493 2187 1673 2260 aliquantum
1683 2186 1745 2258 eius
1758 2185 1830 2241 exci-

63 2277 151 2331 animi
171 2276 227 2330 mei
249 2275 387 2344 (00111838.
409 2274 457 2328 lib·
482 2274 510 2342 4,
532 2289 561 2328 n·
584 2272 657 2340 7-9).
680 2272 814 2329 Pluribus
829 2272 922 2328 adhuc
976 2280 1092 2352 piendis
1114 2277 1347 2350 praelectionibus
1369 2277 1550 2344 abstinuerit3
1576 2274 1777 2331 nihilosecius
1799 2274 1828 2329 in

62 2365 284 2422 acerbissimum
299 2363 438 2430 dolorem,
453 2379 510 2436 quo
524 2367 586 2418 turn
600 2363 749 2434 perculsus
758 2366 811 2431 est,
821 2379 920 2435 prose·
977 2370 1038 2441 ejas
1050 2367 1224 2424 auditorium
1239 2366 1380 2432 veniebat,
1393 2370 1421 2421 et
1436 2382 1469 2420 eo
1481 2365 1619 2437 tantisper
1633 2363 1731 2420 audito
1740 2363 1829 2418 disce·

62 2456 173 2529 quitur.
188 2454 275 2510 Illam
290 2451 428 2509 divinitus
441 2451 536 2507 curari
551 2468 635 2523 posse
649 2467 709 2506 non
722 2456 783 2507 erat
793 2452 919 2520 nescius;
977 2458 1199 2528 dehatoeansess.
1212 2458 1258 2512 tib.
1268 2459 1295 2523 6,
1306 2471 1367 2526 cap.
1378 2460 1405 2524 7,
1417 2472 1463 2511 nn.
1479 2456 1587 2525 ibit).
1597 2452 1722 2524 Contigit
1731 2457 1827 2508 autern

62 2546 111 2601 sed
126 2559 225 2616 neque
239 2541 384 2610 voluntas,
400 2556 495 2612 neque
509 2541 629 2597 facultas
649 2539 712 2612 opis
731 2540 920 2613 implorandae
977 2543 1139 2614 aliqnando,
1154 2541 1371 2613 atAugnstinus
1381 2541 1410 2597 in
1419 2541 1587 2612 exponenda
1598 2540 1719 2596 lectione
1729 2538 1829 2594 simili·

63 2634 173 2700 aderat,
189 2630 258 2705 qnia
273 2632 348 2686 Dens
362 2629 458 2685 auimo
472 2629 574 2702 ipsius,
588 2645 654 2685 cum
668 2630 704 2684 de
718 2646 753 2684 eo
768 2629 919 2701 cogitabat,
976 2631 1108 2687 tudinem
1122 2648 1139 2686 a
1158 2630 1233 2687 ludis
1248 2630 1422 2686 circensibus
1436 2620 1550 2686 ductam
1569 2630 1727 2696 adhiberet,
1745 2644 1827 2683 arre-

63 2739 120 2778 non
134 2725 200 2778 erat
210 2719 322 2792 aliquid
335 2719 459 2775 solidum
472 2723 500 2773 et
514 2718 642 2785 firmum,
654 2718 705 2774 sed
718 2732 822 2773 vanum
833 2717 922 2787 phaa-
976 2723 1082 2792 ptaqne
1098 2720 1256 2788 occasione,
1270 2735 1329 2774 non
1341 2719 1484 2786 consulto,
1495 2719 1562 2773 huic
1572 2718 1704 2773 amentiae
1715 2716 1833 2775 deditos.

63 2810 496 2884 tasms(1oid.,tib.t,eap.7,n.
510 2809 562 2877 li).
572 2806 683 2862 Nimius
691 2806 808 2862 tandmn
815 2822 921 2861 moeror
976 2810 1103 2865 mordaci
1114 2813 1269 2865 scommate
1285 2809 1473 2864 subsannaret
1487 2824 1493 2862 :
1511 2806 1629 2879 Alypius
1644 2822 1677 2860 ea
1689 2809 1767 2877 peste
1781 2804 1825 2858 in-

66 2917 131 2957 enm
144 2903 263 2956 matare
278 2897 382 2964 solum,
399 2902 427 2953 et
441 2896 644 2967 Carthaginem
659 2895 753 2951 redire
767 2895 918 2967 compulit.
976 2899 1065 2954 tectus
1079 2898 1109 2953 id
1123 2898 1153 2953 in
1169 2914 1198 2954 se
1212 2898 1318 2968 rapuit,
1334 2902 1363 2952 st
1376 2896 1430 2951 sibi
1441 2895 1502 2963 uni,
1517 2895 1592 2967 quod
1603 2893 1779 2966 Augustinus
1791 2892 1827 2948 de

65 2992 132 3059 iugi
144 2989 181 3045 de
191 2988 299 3060 patria,
313 2985 416 3058 inquit.
433 2987 525 3042 Minus
535 2988 674 3041 enimcum
685 2983 840 3056 querebant
851 2985 922 3040 oculi
975 2988 1118 3044 industria
1131 3003 1190 3042 non
1206 2986 1324 3053 dixerat,
1342 2985 1450 3041 dictum
1469 2984 1599 3041 credidit.
1614 2986 1646 3040 ld
1662 2988 1758 3038 tamen
1772 2983 1826 3038 ho·

66 3081 125 3143 arei,
141 3077 192 3134 ubi
205 3076 299 3132 nidere
313 3091 366 3131 non
380 3074 509 3143 sotebant,
523 3078 636 3143 atquea
652 3075 812 3143 Tagastensi
821 3073 921 3144 oppido
976 3082 1073 3133 nestas
1096 3077 1260 3133 adolescens
1284 3092 1341 3131 non
1365 3075 1400 3131 ad
1422 3076 1448 3130 ei
1468 3075 1702 3141 succensendum,
1724 3072 1774 3128 sed
1789 3073 1825 3129 ad

66 3169 124 3223 reni
140 3166 345 3235 Carthaginem
364 3161 460 3233 (ibid.)
477 3180 484 3218 :
504 3162 554 3218 nbi
578 3167 691 3234 tempus
711 3165 739 3216 et
761 3161 921 3216 amicorum
975 3184 1042 3223 eum
1062 3166 1210 3222 ardentius
1229 3164 1409 3237 diligendum
1429 3166 1547 3237 accepit,
1567 3169 1594 3219 el
1614 3181 1630 3219 a
1651 3163 1725 3218 circo
1745 3162 1843 3218 dein·'

67 3253 241 3310 consuetudo
257 3252 388 3307 dolorem
403 3250 493 3323 ipsius
511 3249 618 3305 sensim
638 3249 807 3321 mitigarunt
826 3249 918 3322 (ibid,
975 3273 1041 3328 ceps
1053 3254 1205 3321 abstinuit3
1221 3254 1381 3310 acdemaru
1396 3258 1506 3327 epatre
1522 3253 1678 3309 reluctante
1693 3253 1827 3323 impetra·

67 3359 121 3414 cap.
139 3345 170 3409 8,
182 3358 211 3397 n.
232 3339 285 3413 ¹3).
977 3347 1025 3414 rit,
1042 3349 1075 3400 ut
1088 3344 1249 3417 Augustino
1264 3344 1402 3415 magistro
1421 3342 1464 3397 ati
1484 3341 1538 3398 sibi
1557 3342 1678 3397 liceret:
1696 3341 1751 3396 hoc
1765 3340 1826 3396 solo

97 3436 125 3489 3.
143 3432 204 3487 Nec
222 3445 290 3486 vero
305 3428 382 3484 solus
396 3428 431 3485 de
450 3428 535 3483 amici
549 3432 642 3483 morie
656 3427 740 3484 dolor
752 3444 818 3483 tum
831 3429 920 3498 Tiga-
975 3434 1084 3501 infelix,
1103 3434 1180 3506 quod
1197 3434 1270 3505 ejus,
1287 3448 1374 3504 quam
1390 3432 1572 3487 ostentabant
1586 3430 1743 3498 hlanichaei,
1758 3447 1826 3485 con-

68 3525 104 3576 sta
118 3519 218 3590 coegit
233 3516 393 3573 excedere:
415 3516 513 3572 scribit
529 3517 606 3572 enim
622 3516 701 3581 alibi,
716 3533 745 3571 se
759 3516 922 3572 illustrioris
975 3523 1103 3581 tinentiae
1123 3522 1215 3595 specis
1234 3522 1361 3584 delusus,
1383 3536 1484 3575 eorum
1508 3536 1537 3574 sc
1558 3518 1757 3590 superstitione
1776 3535 1827 3591 per

67 3607 253 3681 professionis
263 3605 357 3678 gratia
366 3604 569 3678 Carthaginem
579 3620 720 3661 remeasse
732 3606 840 3674 (Contra
849 3607 921 3661 Aea·
976 3613 1006 3669 jd
1020 3618 1132 3685 tempus
1148 3610 1273 3666 involvit,

67 3699 191 3762 umisa,
209 3697 257 3751 tib.
274 3698 302 3765 t,
317 3710 342 3749 n¹
363 3695 406 3764 3);
421 3693 478 3748 sive
492 3692 570 3765 qnod
584 3693 716 3749 oratoriae
736 3693 805 3748 artis
819 3693 861 3748 ibi
875 3694 922 3749 do·
1301 3717 1413 3774 fflppp
1430 3716 1503 3771 Ἣῃο

67 3785 164 3842 eandm
179 3782 279 3840 stadio
298 3783 433 3839 incitatus
451 3782 498 3851 sit,
516 3798 582 3838 cam
601 3787 687 3838 antea
704 3781 923 3855 grammaticam

65 3876 194 3948 'lagastae
209 3871 351 3940 traderet;
367 3871 425 3927 sive
446 3872 524 3944 quod
545 3871 674 3943 ejusdem
698 3871 767 3927 artis
784 3871 923 3943 professio

67 3962 242 4036 Carthagine
252 3962 325 4017 urbe
333 3960 483 4034 primaria,
494 3976 582 4034 quam
592 3962 720 4033 Tagastae
731 3961 851 4016 obscuro
863 3977 924 4016 mu·

979 3832 1004 3883 l.
1020 3826 1192 3895 Augustinus
1206 3840 1290 3896 quam
1304 3825 1380 3892 tonqe
1392 3824 1518 3878 abhorret
1531 3839 1549 3877 a
1563 3824 1664 3890 magia.
1678 3821 1829 3878 taeniot-

1014 3917 1084 3970 cerio
1098 3914 1184 3969 arioto
1198 3913 1362 3983 stupendum
1375 3913 1519 3983 quidpiam
1528 3916 1665 3966 memorat.
1679 3913 1695 3967 3
1707 3911 1829 3966 Astrolo-

1014 4007 1065 4075 pia
1075 4003 1236 4075 judiciarie
1245 4005 1309 4074 plus
1323 4004 1406 4057 nimio
1423 4003 1553 4067 tribuens,
1568 4000 1603 4054 ab
1617 4016 1648 4055 ea
1659 4016 1710 4071 per
1726 3998 1828 4055 Vindi-

1014 4097 1124 4149 cianum
1138 4097 1164 4148 et
1176 4092 1338 4151 Nebridium
1352 4093 1462 4146 auocari
1476 4106 1529 4144 non
1544 4093 1640 4159 potest.
1657 4090 1674 4142 i
1689 4087 1828 4141 Finninus

1014 4200 1073 4239 enm
1087 4184 1135 4238 boc
1147 4198 1237 4238 errore
1254 4183 1373 4236 nesciens
1391 4181 1515 4234 exsolvit.
1535 4182 1550 4232 5
1570 4176 1648 4233 Libri
1664 4176 1698 4231 de
1715 4176 1828 4231 Pulobro

1015 4278 1039 4328 et
1054 4274 1127 4344 Apio
1144 4271 1182 4328 ad
1196 4273 1317 4327 Hiertam
1331 4271 1436 4340 scripti.

66 4051 185 4126 aicipio,
201 4050 278 4106 ioret
287 4049 467 4106 honoratior.
483 4050 551 4106 lniti
564 4067 581 4105 a
595 4067 625 4106 se
636 4049 757 4118 consilii,
768 4055 925 4122 conceptae·

65 4157 121 4214 qne
141 4139 207 4212 spei
224 4155 316 4194 unum
333 4155 366 4194 ac
385 4139 478 4195 solum
499 4138 711 4194 Romaniannm
731 4138 877 4195 conscium
897 4144 925 4193 et

65 4228 244 4302 participem
257 4227 338 4296 iecit3
355 4228 406 4301 qui
421 4227 540 4301 quidem
554 4229 750 4286 Romanianus
764 4246 862 4285 amore
873 4247 924 4301 pa-

66 4318 129 4375 trie
152 4318 258 4373 dactus
281 4317 312 4373 in
334 4333 393 4390 qua
413 4321 482 4373 tnnc
502 4317 620 4374 docebat
637 4317 826 4389 Augustinus,
843 4318 925 4373 illam

66 4405 163 4475 primo
176 4404 215 4460 ab
227 4403 282 4460 hac
295 4405 438 4461 sententia
452 4403 597 4461 dimovere
609 4410 728 4461 conatus
743 4410 799 4474 est;
817 4405 926 4461 sedebi
1018 4403 1041 4455 Ι.
1062 4397 1163 4454 Priscis
1180 4395 1371 4452 litteratomm
1392 4391 1521 4448 moribus
1539 4393 1688 4460 acceptum
1706 4391 1776 4456 crat,
1796 4391 1831 4444 at

67 4494 204 4549 evincere
217 4492 406 4548 adolescentis
420 4492 606 4565 cupiditatem
619 4494 653 4550 ad
670 4511 703 4549 ea
719 4494 927 4566 quaeridcban·
980 4488 1127 4561 proposito
1148 4486 1262 4559 publice
1281 4482 1411 4558 prremio,
1433 4496 1528 4536 coram
1549 4483 1635 4551 atque
1654 4478 1686 4534 in
1708 4477 1829 4545 theatro,

68 4587 116 4638 tur
131 4580 259 4637 meliora
273 4581 429 4649 tendentis,
445 4581 584 4654 nequivit,
599 4600 632 4638 ex
645 4583 863 4639 dehortatorem
875 4584 925 4640 ad·
981 4577 1107 4634 carmine
1125 4577 1315 4642 decertarent,
1330 4573 1481 4628 adinventa
1495 4567 1693 4625 exercitatione
1707 4566 1743 4622 ad
1758 4566 1829 4622 libe-

67 4671 200 4742 jutorem
222 4666 294 4724 mira
315 4669 524 4725 benevolentia
548 4670 747 4726 moderatione
762 4688 926 4735 conversus,
982 4667 1144 4721 ralesartes
1158 4662 1303 4726 fovendas,
1321 4658 1541 4726 tltssd⁸⁵iudi⁸s
1557 4657 1738 4729 tibimiri
1752 4670 1830 4728 ΨΜ·

70 4760 270 4814 commeatum
285 4756 326 4812 illi
340 4757 533 4813 necessarium
548 4759 754 4831 suppeditavit3
770 4761 857 4833 etqui
872 4760 927 4816 ibi·
982 4772 1038 4829 que
1058 4754 1176 4829 ingenia
1193 4755 1314 4809 honesta
1332 4751 1515 4806 emulatione
1535 4748 1663 4805 acuenda
1681 4746 1831 4802 stimulan-

70 4849 137 4902 dem
152 4846 299 4902 cunabula
311 4851 341 4902 et
352 4846 433 4919 quasi
448 4846 550 4903 nidum
564 4847 722 4904 stadiorum
735 4848 796 4920 ejus
808 4850 925 4916 lauerat,
983 4845 1086 4916 daque.
1103 4843 1154 4899 llic
1167 4841 1250 4898 ladas
1264 4841 1399 4896 solemnis
1413 4855 1477 4894 cum
1491 4842 1564 4894 esset
1579 4835 1760 4909 Carthagine,
1776 4836 1833 4889 Aa·

66 4938 129 5008 jam
144 4936 245 4992 solare
259 4935 391 4991 audentis
405 4936 575 4991 sustentavit
585 4937 748 4994 rudimenta
762 4938 860 5009 [lbidl.
879 4940 929 4994 Ve-
982 4933 1113 5007 gastinas
1128 4948 1180 4987 sen
1193 4931 1303 4986 ratione
1319 4930 1380 5002 ejas
1395 4927 1472 5000 qaod
1487 4926 1677 4999 capessiverat
1693 4921 1831 4991 muneris,

72 5026 116 5081 nit
132 5025 233 5096 itaque
254 5023 460 5095 Carthaginem
480 5025 655 5083 rhetoricam
673 5026 732 5082 illic
749 5026 929 5098 professurus
983 5040 1032 5078 sen
1050 5019 1213 5077 ostentandi
1227 5018 1338 5090 ingenii
1350 5022 1400 5074 aut
1412 5016 1585 5072 ventitandae
1598 5015 1667 5070 artis
1680 5029 1775 5080 causa,
1790 5010 1833 5065 la·

72 5113 236 5183 (Poseidion,
252 5114 282 5169 in
300 5114 365 5169 Vita
383 5113 514 5182 August,
539 5129 561 5170 c.
589 5116 626 5184 l);
653 5119 682 5170 et
704 5119 795 5171 artem
817 5116 928 5171 animo·
984 5111 1094 5166 dicrum
1118 5109 1190 5164 illud
1213 5111 1358 5162 certamen
1378 5106 1451 5161 inire
1475 5104 1631 5160 constituit.
1656 5103 1715 5158 iloc
1736 5114 1833 5155 secum

74 5219 137 5259 ram
153 5202 302 5258 victricem
316 5201 407 5257 rictus
422 5201 483 5274 ipse
497 5204 640 5259 commodi
654 5207 682 5259 et
691 5204 808 5259 honoris
817 5204 931 5277 cupidi·
984 5197 1135 5256 meditanti
1144 5195 1260 5269 quidam
1271 5212 1391 5268 aruspex
1402 5195 1529 5262 mandat,
1542 5192 1610 5266 quid
1622 5189 1753 5247 sibidare
1761 5203 1834 5245 mer·
1912 5270 1914 5274 7

74 5298 132 5348 tate
146 5292 293 5349 vendebat
308 5292 440 5361 (Consus.
457 5292 505 5347 tib.
515 5294 542 5361 i,
555 5308 616 5363 cop.
628 5295 691 5360 2,n.
704 5291 740 5365 i).
754 5293 832 5348 tlaad
843 5293 881 5349 ita
892 5297 931 5348 ta·
985 5289 1062 5345 cedis
1076 5289 1170 5355 vellet,
1186 5291 1219 5341 ut
1233 5302 1262 5341 se
1277 5289 1447 5358 procurante
1462 5283 1598 5341 vinceret.
1615 5282 1720 5334 Verum
1734 5281 1833 5351 Augu-

77 5396 143 5436 mcn
158 5385 273 5454 quaestu
288 5384 319 5435 et
333 5380 415 5436 lucro
427 5379 595 5450 ducebatur,
610 5379 680 5453 qaia
695 5396 756 5453 pra
771 5380 932 5440 hocmallet
985 5377 1076 5437 stiuus
1088 5377 1162 5435 laada
1177 5375 1227 5433 illa
1242 5378 1418 5431 sacramenta
1434 5373 1588 5428 detestatas
1601 5374 1630 5425 et
1642 5367 1833 5436 abominatas,
