3884 6112
68 202 132 254 lull
823 155 931 258 nisan
951 199 1054 258 uuus.

64 317 260 390 longitudine,
275 322 305 373 et
317 317 477 386 latitudine,
493 324 522 375 et
535 320 686 376 altitudine
696 338 797 394 capere
810 323 912 394 possit.
972 322 1040 378 dere
1053 338 1192 395 magnum
1206 324 1411 397 compendium
1421 330 1473 393 est,
1485 331 1515 382 et
1528 328 1624 383 nullus
1634 328 1715 384 labor
1726 347 1733 385 :
1743 332 1820 401 quod

167 407 280 462 CAPUT
296 407 340 461 lV.
356 433 391 446 -
402 409 555 476 Lonqituda
569 425 642 464 mma
658 415 683 465 el
695 407 821 482 simplae.
971 410 996 465 si
1011 415 1038 465 te
1053 411 1185 479 delectat,
1200 413 1308 484 pateris
1323 415 1414 469 multa
1427 415 1534 485 legere,
1549 431 1615 486 quae
1630 417 1727 487 magni
1737 422 1765 473 et
1779 417 1821 473 di·

104 498 146 550 ta.
164 496 201 549 A.
218 494 398 550 Inveniemus
416 495 471 550 hac
491 497 609 552 fortasse
630 505 772 570 quantum
798 501 875 569 licet,
893 499 918 554 si
971 498 1030 553 viui
1043 500 1097 554 viri
1110 500 1145 555 de
1160 499 1206 554 his
1221 501 1305 555 rebus
1318 501 1478 556 necessaria
1491 518 1555 573 quae
1570 503 1750 575 videbantur,
1775 522 1820 560 sa-

64 583 147 654 prius
160 581 313 653 diligenter
327 582 512 638 discutiamus
526 586 588 639 hec
601 586 665 653 tria,
687 587 716 641 id
736 593 779 642 est
792 589 917 659 longitu·
971 587 1090 642 lubriter
1102 588 1629 661 imperitioribusquasinutnquodam
1640 591 1729 646 locuti
1739 597 1817 660 sunt,

65 672 176 737 dinem,
202 671 397 739 latitudinem,
420 677 449 726 et
471 672 665 729 altitudinem.
694 677 793 746 ltaque
808 676 917 731 enitere
971 675 1104 746 credique
1119 675 1173 730 sibi
1184 676 1336 753 voluerunt
1348 677 1436 744 abiis,
1452 694 1576 749 quarum
1590 679 1694 734 animis
1707 682 1750 735 vel
1760 685 1818 735 tar·

63 758 191 831 cogitare
205 759 500 831 longitudinemque.
506 760 598 815 adhuc
611 762 720 817 nullam
732 763 916 819 latitudinem
970 762 1098 817 dioribus
1112 764 1155 818 vel
1167 763 1405 834 implicatioribus
1418 764 1555 820 aliasalus
1570 783 1698 822 essenon
1711 773 1818 839 posset.

63 848 262 918 assumpserit.
278 847 316 902 Ε.
331 847 406 901 Nihil
418 864 535 918 possum
558 850 615 904 tale
637 850 762 921 cogitare
778 851 916 906 :sienim
970 851 1051 905 Tales
1067 852 1144 906 enim
1159 852 1302 922 homines,
1319 868 1444 922 quorum
1467 853 1593 923 profecto
1609 855 1733 910 maxima
1746 856 1817 911 mul·

64 936 149 991 filum
163 951 276 989 aranee
287 935 318 988 in
332 935 428 990 animo
444 936 628 1004 constituero,
651 954 709 1009 qno
722 938 796 994 nihil
814 939 916 994 exilius
970 938 1062 993 titudo
1074 942 1126 1004 cst,
1144 939 1167 992 si
1191 939 1300 994 ratione
1327 940 1417 994 velint
1439 956 1539 1002 verum
1566 943 1818 1011 comprehendere,

64 1025 193 1079 solemus
207 1023 313 1090 videre,
326 1024 449 1078 occurrit
466 1023 538 1078 mihi
551 1025 637 1080 etiam
658 1025 691 1080 in
711 1042 746 1080 eo
768 1030 865 1081 tamen
888 1031 917 1082 et
971 1025 1207 1082 similitudinibus
1222 1027 1368 1082 rationum
1387 1027 1521 1083 facillima
1535 1028 1728 1100 decipiuntur,
1746 1034 1775 1085 et
1788 1030 1819 1084 iu

1751 207 1879 263 104‘

64 1113 218 1184 longitudo
232 1128 286 1182 per
300 1128 338 1176 se,
356 1116 385 1167 et
400 1112 531 1180 latitudo,
555 1118 582 1168 et
600 1113 720 1169 altitudo
737 1129 743 1169 :
759 1131 824 1186 quas
845 1132 915 1187 qua-

64 1202 234 1271 lescumque
250 1199 315 1264 sint,
332 1215 392 1254 esse
419 1204 516 1255 tamen
540 1216 647 1272 negare
661 1218 721 1257 non
735 1219 863 1274 possum.
878 1204 914 1258 A.

65 1291 130 1343 Non
154 1303 362 1359 usquaqueque
388 1288 511 1343 absurda
543 1296 585 1344 est
616 1290 763 1360 responsio
790 1296 839 1345 tua
867 1291 916 1344 sed

61 1382 141 1432 certa
156 1392 221 1431 eum
232 1376 502 1431 triaistainaraneae
516 1376 564 1431 iilo
579 1393 639 1432 esse
652 1377 800 1448 intelligis,
810 1377 916 1432 discer-

63 1463 111 1517 nis
123 1463 195 1525 haec,
213 1467 241 1516 et
260 1461 330 1532 qnid
345 1462 420 1516 inter
443 1480 472 1517 se
488 1463 621 1519 different
639 1464 735 1518 nosti?
749 1467 786 1520 Ε.
809 1463 915 1529 Quidni

60 1551 134 1623 quid
149 1550 282 1605 dilierant
302 1552 437 1605 nossem?
451 1552 495 1605 An
519 1549 602 1605 aliter
623 1551 704 1622 potui
723 1551 819 1605 videre
841 1552 914 1606 nihil

59 1639 169 1694 horum
184 1639 280 1693 deesse
294 1637 360 1693 huic
374 1637 446 1692 stoa
459 1639 496 1692 A.
512 1638 574 1702 Quo
590 1637 679 1708 igitar
690 1637 838 1693 intellectu
852 1638 914 1693 haec

59 1727 229 1793 discrevisti,
244 1726 298 1780 hoc
313 1728 394 1795 potes
405 1724 501 1794 etiam,
517 1725 653 1795 sejunctis
668 1725 734 1793 illis,
750 1726 914 1780 solamlon·

61 1815 224 1887 gitudinem
236 1814 372 1885 cogitare,
388 1813 412 1868 si
426 1829 479 1868 nec
493 1813 610 1885 aliquod
620 1829 724 1884 eorpus
738 1813 833 1868 volvas
848 1813 914 1868 ani-

37 1943 42 1951 ·
60 1914 112 1959 mo
128 1920 134 1958 :
149 1900 717 1973 namquodcumqueluerit,hisomnibus
730 1902 911 1957 noncurebit.

60 1994 267 2062 Incorporeum
277 1995 319 2044 est
335 1989 412 2044 enim
423 1989 501 2060 qnod
517 1996 544 2045 te
559 2005 636 2044 nunc
647 1988 807 2061 intelligere
816 1989 911 2062 cupio:

61 2096 132 2136 nam
146 2080 207 2134 sola
219 2078 371 2150 longitudo
380 2093 441 2138 non
451 2077 507 2132 nisi
520 2077 645 2148 intelligi
656 2077 753 2132 animo
764 2082 867 2151 potest,
882 2078 913 2134 in

60 2180 182 2236 corpore
197 2163 321 2219 inveniri
336 2179 396 2219 uon
409 2166 554 2234 potestd.
569 2164 826 2237 lamiutelligo.A.
839 2167 912 2236 Ergo

62 2252 149 2307 istam
163 2251 373 2323 longitudinem
389 2251 419 2313 si
442 2253 525 2322 quasi
546 2267 641 2306 secare
666 2251 838 2323 cogitatione
860 2269 913 2323 per

62 2341 181 2412 longum
193 2339 360 2405 velis,vides
373 2340 499 2411 prolecto
513 2355 573 2394 nou
583 2355 682 2411 posse:
698 2356 765 2395 nam
777 2340 802 2394 si
808 2345 911 2412 potest,

60 2426 137 2483 inest
151 2427 239 2482 etiam
249 2427 381 2483 latitudo.
394 2430 427 2483 Ε.
446 2426 625 2482 hlaniiestum
641 2432 693 2484 est.
709 2431 742 2497 A,
765 2431 843 2484 lianc
857 2428 911 2500 igi·

61 2521 110 2570 tur
124 2515 337 2586 longitudinem
351 2530 461 2570 meram
477 2520 505 2571 et
518 2514 688 2587 simplicem,
704 2516 727 2570 si
741 2516 794 2571 tibi
807 2518 910 2589 placet,

59 2604 168 2659 lineam
186 2620 320 2659 vocemus
337 2621 343 2658 :
359 2604 413 2659 hoc
433 2603 510 2658 enim
534 2603 681 2659 nominea
698 2605 790 2659 doctis
812 2605 911 2660 multis

59 2693 199 2765 appellari
213 2694 294 2748 solet.
310 2696 347 2749 Ε.
366 2693 439 2748 Voce
454 2692 593 2765 quidquid
609 2693 652 2748 vis
663 2710 670 2750 ε
683 2709 741 2748 non
756 2693 832 2749 enim
840 2692 912 2747 mihi

58 2781 95 2837 de
111 2781 276 2836 nominibus
285 2781 475 2836 laborandum
488 2785 541 2849 est,
557 2796 622 2836 cum
636 2797 683 2835 res
698 2786 797 2852 aperta
810 2781 856 2836 sit.

100 2873 141 2926 ll.
156 2872 193 2925 A.
208 2870 283 2924 Bene
297 2869 376 2938 iacis,
400 2875 429 2924 et
449 2885 509 2924 non
529 2869 623 2924 salum
646 2870 786 2940 approbo,
809 2885 910 2924 verum

59 2956 146 3012 etiam
160 2971 275 3023 moneo,
290 2962 324 3012 ut
335 2972 449 3027 semper
469 2972 567 3011 rerum
592 2972 691 3012 euram
717 2957 808 3028 magis
822 2973 910 3029 quam

58 3045 215 3100 verboram
225 3049 253 3099 te
267 3045 374 3100 habere
380 3045 510 3101 delectet.
517 3045 573 3101 Sed
585 3045 662 3101 linea
674 3046 729 3101 ista
740 3061 827 3117 quam
837 3046 908 3116 jam,

59 3137 94 3188 ut
107 3131 219 3204 opinor,
237 3133 312 3189 bene
324 3133 472 3205 intelligis,
488 3134 512 3188 si
533 3133 698 3205 porrigetur
711 3132 769 3188 sive
783 3149 818 3188 ex
840 3148 910 3202 une,

58 3220 119 3275 sive
134 3237 167 3275 ex
181 3224 304 3292 utraque
313 3226 403 3292 parte,
416 3237 503 3292 quam
512 3221 544 3276 in
554 3222 672 3292 longum
684 3219 794 3293 porrigi
803 3224 907 3291 potest,

57 3306 154 3363 cernis
163 3309 274 3364 nullum
290 3325 351 3363 esse
365 3309 463 3364 linem
485 3311 530 3363 An
541 3308 641 3363 adhoc
654 3308 909 3380 contemplandum

57 3396 157 3451 minus
167 3395 240 3451 valet
254 3395 439 3451 aciesmentis
451 3397 529 3451 tnae‘i
538 3398 571 3451 Ε.
585 3395 768 3466 contemptor
778 3394 907 3458 omuino,

57 3500 93 3538 ac
107 3484 179 3538 nihil
192 3483 365 3564 laeiliunA.
384 3484 466 3538 Vides
481 3499 549 3554 erga
563 3483 650 3539 etiam
661 3482 771 3538 nullam
787 3482 909 3553 figuram

56 3587 143 3645 posse
156 3572 229 3638 lieri,
245 3572 268 3626 si
278 3572 352 3626 nihil
364 3571 548 3643 egeturaliud
558 3587 645 3643 qnam
660 3571 749 3626 utilla
759 3570 907 3641 lineapor·

55 3660 179 3730 rigatur.
194 3662 228 3715 Ε.
243 3660 335 3724 Quem
352 3659 428 3714 dicas
442 3659 565 3730 figuram
580 3659 710 3715 nandum
725 3659 863 3728 intelligo.

57 3749 175 3805 CAPUT
190 3749 248 3803 Vll.
264 3778 299 3789 -
312 3748 531 3818 compendiosior
543 3752 569 3804 et
586 3749 758 3804 multitudini
773 3751 858 3804 tutior
871 3749 909 3803 ael

94 3839 217 3892 cantatis
228 3839 427 3907 perceptionem
439 3838 486 3892 uia
497 3852 548 3907 per
561 3839 848 3909 auctoritatemquam
857 3852 908 3908 per

94 3928 235 3980 rationem.

96 4015 133 4068 A.
150 4013 284 4084 Figuram
310 4012 426 4068 interim
455 4029 533 4082 voco,
562 4029 627 4068 cum
655 4014 772 4086 aliquod
785 4013 910 4086 apetium

57 4103 138 4158 linea
152 4101 269 4158 lineisve
283 4102 472 4170 concluditur,
488 4107 626 4174 tanquam
639 4102 663 4156 si
677 4103 817 4157 circulum
830 4102 907 4157 iace·

58 4207 118 4260 res,
135 4196 184 4247 aut
198 4195 323 4262 quatmr
338 4190 427 4245 lineas
444 4191 550 4246 linibus
565 4191 624 4245 suis
637 4190 751 4245 sibimet
759 4190 908 4261 jungeres,

239 4301 906 4590 NJ.

56 4642 101 4694 ita
113 4644 145 4694 ut
159 4639 268 4695 nullius
282 4639 348 4694 linis
362 4639 399 4693 ab
413 4637 530 4693 alterius
545 4638 727 4708 copulatione
744 4637 906 4693 liberasset.

57 4730 93 4783 Ε.
111 4727 183 4792 Quid
199 4728 277 4782 dicas
291 4726 495 4798 figuram,jam
519 4742 565 4781 me
588 4725 683 4781 videre
696 4724 834 4792 arbitror3
860 4723 909 4778 sed

56 4814 170 4870 utinam
186 4819 246 4871 tem
260 4815 388 4870 viderem
404 4829 461 4884 quo
472 4812 527 4868 ista
535 4812 663 4882 tendant,
674 4815 727 4866 'ant
740 4809 811 4882 quid
822 4826 856 4864 ex
864 4809 910 4864 his

59 4902 218 4958 ellecturus
228 4902 279 4968 sis,
293 4906 326 4957 nt
340 4918 393 4973 ego
408 4902 483 4973 quod
505 4901 540 4955 de
554 4900 650 4955 anima
667 4900 794 4970 requiro,
810 4899 907 4955 sciam.

98 4993 142 5045 lt.
160 4992 197 5046 A.
216 4992 273 5045 lloc
287 4990 371 5045 initio
399 4995 428 5044 te
447 4988 596 5056 admonui,
611 4994 641 5043 ct
661 4986 802 5059 postulavi
816 4991 849 5040 ut
863 5003 911 5057 pa-

58 5077 269 5134 tienterlerres
291 5078 471 5149 aliquantum
497 5075 647 5132 circuitum
668 5079 808 5142 nostrum,
833 5074 910 5146 qnod

59 5165 134 5221 item
147 5182 246 5238 quaeso
261 5166 401 5221 ulfacius.
420 5166 482 5220 Non
497 5165 570 5220 levis
582 5180 627 5219 res
641 5163 790 5236 quaeritur,
800 5178 858 5219 non
867 5162 909 5217 ia·

59 5253 123 5310 cilis
136 5254 173 5309 ad
187 5255 416 5325 cognoscendum
434 5268 534 5308 :nosse
546 5252 623 5308 enirn
648 5253 703 5307 hoc
721 5252 808 5323 plane
821 5266 854 5305 ac
867 5254 910 5306 te·

59 5358 130 5398 nere
146 5342 290 5411 volumus,
306 5343 331 5396 si
345 5341 408 5397 lieri
420 5344 524 5411 potest.
540 5339 678 5395 Aliudest
691 5339 846 5394 enimcum
861 5355 910 5392 eu-

61 5429 189 5485 ctoritati
204 5430 358 5498 credimus,
371 5429 451 5484 aliud
465 5443 530 5483 cum
545 5427 659 5483 rationi.
675 5426 844 5483 Auctoritati
854 5441 913 5482 cre·

969 1112 1062 1167 varias
1075 1113 1233 1184 noxiasque
1248 1113 1397 1183 opiniones
1411 1114 1451 1168 ita
1464 1115 1610 1182 labuntur,
1628 1119 1658 1170 ut
1671 1131 1817 1186 emergere

969 1199 1036 1254 iude
1051 1216 1083 1254 ac
1097 1200 1225 1267 liberari,
1237 1205 1287 1254 aut
1300 1217 1459 1272 nunquam,
1476 1207 1525 1256 aut
1534 1202 1684 1273 aegerrime
1699 1209 1815 1273 queant.

970 1287 1018 1340 llis
1032 1303 1100 1358 ergo
1115 1288 1302 1342 utilissimum
1322 1292 1365 1342 est
1389 1289 1635 1344 excellentissimas
1659 1288 1817 1344 auctoritati

969 1374 1093 1441 credere,
1102 1378 1130 1429 et
1139 1375 1306 1430 secumdum
1321 1375 1375 1430 hoc
1389 1391 1474 1446 egere
1484 1375 1583 1430 vitam.
1593 1377 1674 1441 Quod
1688 1377 1712 1431 si
1728 1377 1817 1433 tauns

969 1467 1062 1533 putas,
1078 1477 1137 1516 non
1151 1462 1245 1516 salum
1259 1461 1332 1517 nihil
1347 1461 1458 1531 resisto,
1468 1462 1518 1516 sed
1533 1463 1619 1517 etiam
1634 1465 1758 1518 multum
1769 1480 1818 1534 ap-

968 1551 1069 1622 probo.
1085 1551 1114 1607 Si
1129 1556 1225 1606 autem
1240 1551 1426 1622 cupiditatem
1437 1552 1521 1606 istam
1539 1552 1682 1607 refrenare
1698 1570 1755 1607 non
1765 1569 1817 1621 po·

968 1641 1021 1700 tes,
1036 1653 1092 1708 qua
1107 1636 1158 1691 tibi
1180 1636 1347 1707 persuasisti
1368 1636 1478 1692 ratione
1503 1638 1652 1707 pervenire
1666 1638 1701 1693 nd
1715 1639 1819 1693 verita·

967 1727 1036 1792 tem,
1052 1724 1135 1779 multi
1149 1730 1178 1779 et
1191 1724 1272 1795 longi
1285 1724 1420 1780 circuitus
1443 1724 1496 1779 tibi
1513 1726 1653 1780 tolerandi
1679 1730 1757 1792 eunt,
1784 1731 1817 1781 ut

968 1828 1026 1866 uon
1039 1812 1112 1867 ratio
1127 1817 1155 1867 te
1170 1811 1302 1881 adducat,
1317 1812 1373 1867 nisi
1389 1828 1423 1867 ea
1438 1829 1503 1884 qum
1522 1813 1582 1867 sola
1607 1813 1681 1868 ratio
1696 1813 1817 1868 dicenda

967 1905 1020 1966 est,
1035 1899 1066 1954 id
1080 1905 1123 1954 est
1132 1916 1200 1954 vera
1213 1899 1302 1967 ratio;
1313 1905 1342 1954 et
1356 1900 1517 1955 nonsolnm
1529 1916 1604 1967 vera,
1617 1901 1666 1954 sed
1676 1899 1716 1955 ita
1726 1903 1813 1967 certa,

968 1994 996 2043 et
1010 1988 1045 2043 ab
1061 1988 1141 2043 omni
1156 1986 1343 2042 similitudine
1356 1987 1488 2042 falsitatis
1503 1987 1605 2054 aliena,
1616 1987 1641 2041 si
1649 1991 1746 2042 tamen
1756 1987 1815 2041 ulla

966 2077 1052 2131 modo
1067 2078 1129 2131 haec
1143 2076 1179 2129 ab
1193 2076 1311 2130 homino
1321 2075 1445 2130 inveniri
1454 2078 1556 2146 potest,
1572 2081 1605 2130 ut
1619 2075 1706 2130 nullae
1719 2074 1814 2145 dispu-

966 2165 1087 2221 tationes
1101 2165 1180 2220 falsre
1193 2170 1243 2219 aut
1254 2163 1424 2219 verisimiles
1437 2164 1472 2218 ab
1487 2180 1521 2218 ea
1538 2168 1566 2218 te
1585 2163 1696 2233 possint
1714 2162 1814 2216 tradu-

967 2269 1039 2309 cere.
1053 2256 1086 2310 E.
1109 2253 1186 2308 Nihil
1210 2253 1272 2323 jam
1300 2267 1481 2323 praepropere
1499 2250 1686 2306 desiderabo:
1703 2254 1816 2321 agatae

967 2342 1053 2397 ducat
1063 2341 1137 2396 ratio
1156 2356 1214 2413 qua
1225 2341 1285 2394 vult
1294 2341 1314 2405 ¹,
1325 2339 1482 2395 dummodo
1494 2339 1639 2411 perducat.

967 2430 1080 2486 CAPUT
1094 2429 1167 2485 tlll.
1182 2458 1217 2470 -
1235 2431 1273 2484 De
1293 2427 1396 2499 fipuma
1416 2428 1625 2482 mathematicis.
1648 2427 1716 2492 Qatot
1736 2427 1815 2480 lineis

987 2500 1083 2570 siquae
1097 2503 1157 2570 liat.
1169 2498 1306 2566 Qcmodo
1322 2499 1408 2553 tribus
1419 2499 1497 2553 lineis
1505 2500 1595 2567 Quen
1607 2498 1695 2567 possit
1708 2498 1777 2565 lteri.

1002 2591 1045 2644 tu.
1060 2589 1096 2644 A.
1113 2589 1187 2642 Deus
1201 2586 1256 2640 hae
1268 2586 1361 2651 faciet,
1375 2585 1424 2658 qui
1440 2590 1489 2640 aut
1504 2585 1539 2640 de
1556 2584 1624 2639 solis
1643 2584 1747 2639 talibus
1769 2601 1814 2639 re-

964 2675 1028 2745 bus,
1048 2680 1098 2729 aut
1112 2679 1188 2730 certe
1202 2675 1238 2729 de
1250 2674 1295 2729 his
1311 2674 1436 2728 maxime
1466 2671 1660 2744 deprecandus
1687 2677 1739 2727 est.
1757 2672 1811 2727 Sed

964 2763 1072 2817 adrem
1086 2778 1174 2833 quam
1186 2761 1366 2816 institueram
1391 2761 1552 2815 redeamus.
1568 2760 1639 2814 Nam
1662 2759 1686 2813 si
1700 2763 1728 2813 et
1743 2759 1813 2831 quid

965 2850 1001 2905 sit
1015 2851 1101 2917 linea,
1118 2849 1230 2922 etquid
1246 2849 1283 2904 sit
1297 2849 1390 2920 figura
1414 2849 1473 2917 Jem
1497 2846 1550 2902 tibi
1570 2849 1672 2901 notatu
1696 2850 1747 2914 est,
1767 2845 1813 2900 dic

964 2938 1040 3009 quod
1055 2939 1105 2993 abs
1118 2942 1146 2992 te
1161 2953 1270 3009 quaero,
1282 2937 1312 2991 id
1327 2941 1371 2991 est
1380 2940 1478 2990 utrum
1493 2938 1575 3005 putes
1585 2933 1674 2988 ullam
1688 2932 1812 3004 liguram

963 3025 1028 3080 lieri
1040 3006 1174 3097 passast
1188 3024 1265 3079 linea
1279 3039 1312 3079 ex
1338 3028 1459 3095 utraque
1482 3026 1574 3093 parte,
1590 3027 1640 3077 ant
1664 3037 1698 3076 ex
1724 3020 1813 3075 altera

963 3129 1016 3186 per
1030 3112 1178 3168 infinitum
1192 3112 1337 3167 ducatur?
1351 3114 1382 3167 lt.
1399 3110 1482 3166 Nullo
1498 3110 1582 3165 modo
1606 3109 1637 3163 id
1652 3108 1715 3163 lieri
1729 3123 1812 3179 posse

962 3200 1110 3256 confirmo.
1129 3201 1164 3255 A.
1180 3199 1254 3264 Quid
1269 3199 1358 3271 igitur
1371 3198 1515 3270 agendum
1529 3202 1572 3253 est
1586 3201 1618 3252 nt
1631 3196 1752 3268 figuram
1769 3197 1812 3251 la·

963 3288 1092 3344 ciamus?
1104 3291 1138 3344 E.
1153 3288 1238 3355 Quid,
1253 3287 1309 3342 nisi
1321 3292 1354 3343 nt
1371 3288 1421 3342 illa
1435 3287 1511 3342 linea
1523 3286 1635 3342 infinita
1650 3301 1709 3340 non
1724 3285 1769 3353 sit,
1784 3289 1812 3339 et

962 3377 1082 3432 ducatur
1097 3376 1127 3430 in
1141 3375 1292 3444 circulum,
1305 3379 1376 3430 utex
1385 3375 1563 3448 aliapertese
1577 3373 1812 3444 contingattnon

963 3463 1041 3519 enim
1056 3463 1149 3529 video,
1164 3463 1307 3534 quamodo
1322 3461 1405 3517 aliter
1416 3461 1506 3532 possit
1518 3477 1552 3516 ex
1565 3477 1624 3516 uua
1647 3460 1723 3515 linea
1743 3474 1811 3513 con·

962 3551 1039 3607 cludi
1054 3550 1171 3623 aliquod
1184 3550 1309 3621 spatium
1321 3566 1329 3616 ;
1342 3549 1547 3620 quodnisiliat‚
1563 3548 1720 3602 secundum
1731 3551 1811 3601 tuam

962 3639 1196 3712 descriptionem,
1211 3638 1304 3708 ligura
1318 3653 1375 3691 non
1391 3636 1487 3700 erit,A
1499 3635 1582 3702 Quid,
1599 3635 1622 3689 si
1632 3633 1717 3689 rectis
1726 3633 1810 3689 lineis

962 3729 1085 3800 liguram
1099 3727 1192 3782 iacere
1206 3725 1292 3780 velim
1301 3728 1417 3796 ‘lpotest
1426 3724 1489 3779 lieri
1500 3728 1531 3779 ut
1544 3723 1579 3778 de
1593 3738 1650 3776 una
1662 3721 1739 3776 linea
1749 3721 1810 3790 liat,

963 3833 999 3871 an
1013 3831 1074 3870 uon
1087 3815 1204 3886 potest?
1215 3815 1246 3870 Ε.
1260 3812 1344 3868 Nullo
1358 3812 1454 3867 mado.
1478 3813 1514 3867 A.
1528 3810 1612 3875 Quid,
1629 3808 1758 3865 duabus'l
1770 3811 1806 3864 Ε.

963 3906 1005 3962 Ne
1018 3905 1072 3960 hoc
1086 3902 1212 3975 quidem.
1225 3903 1261 3957 A.
1277 3900 1361 3968 Quid,
1377 3899 1489 3955 tribus?
1500 3902 1533 3955 ll.
1548 3898 1635 3954 Video
1660 3913 1754 3970 posse.
1770 3897 1806 3951 A.

963 3994 1038 4048 liene
1053 3992 1142 4063 igitur
1154 3990 1230 4045 nosti
1245 4006 1278 4043 ac
1290 3995 1456 4055 tenes,cum
1468 3987 1562 4058 ligura
1575 3985 1657 4041 lineis
1671 3983 1756 4040 rectis
1769 3984 1811 4039 la·

962 4081 1064 4136 cienda
1077 4084 1128 4145 est,
1144 4079 1241 4134 minus
1248 4093 1334 4149 quam
1340 4076 1497 4132 tribusnon
1506 4090 1598 4147 posse.
1610 4077 1654 4128 An
1663 4073 1686 4127 si
1694 4073 1753 4127 ulla
1759 4070 1811 4125 tibi

963 4169 1126 4224 adversetur
1135 4165 1255 4228 ratio,de
1265 4166 1354 4221 hacta
1364 4163 1505 4219 sententia
1514 4159 1812 4217 devocabit‘lEA'lane

963 4254 1066 4326 siquis
1081 4253 1153 4309 mihi
1167 4253 1222 4308 hac
1235 4252 1340 4308 tulsum
1355 4267 1415 4307 esse
1431 4248 1640 4312 monstraverit,
1668 4245 1741 4301 nihil
1756 4244 1811 4299 erit

963 4343 1039 4414 quod
1055 4356 1101 4396 me
1116 4340 1186 4396 scire
1198 4356 1281 4411 posse
1296 4340 1450 4395 confidem.
1464 4340 1499 4394 A.
1516 4338 1675 4405 Nuncergo
1686 4333 1757 4388 illud
1767 4347 1812 4386 re·

963 4430 1082 4502 sponde,
1098 4429 1240 4501 quomodo
1247 4427 1341 4483 tribus
1351 4427 1435 4483 lineis
1442 4427 1565 4498 liguram
1572 4422 1733 4479 iacensiil.
1741 4421 1810 4476 Cum

962 4534 992 4574 se
1006 4517 1113 4574 fluibus
1123 4517 1259 4588 jungunt.
1269 4518 1306 4573 A.
1314 4515 1387 4581 Quid
1398 4514 1412 4568 t
1425 4513 1510 4569 ubise
1517 4513 1653 4589 jungunt,
1663 4507 1810 4564 nonnevi·

962 4606 1047 4661 detur
1057 4604 1110 4660 tibi
1126 4603 1344 4676 angulusflerit
1358 4606 1393 4659 Ε.
1411 4604 1454 4657 lta
1467 4603 1519 4655 est.
1532 4600 1571 4655 A.
1591 4598 1666 4662 Quot
1679 4611 1749 4668 erga
1759 4608 1811 4649 an·

963 4693 1038 4767 gulis
1051 4694 1113 4749 haec
1125 4693 1219 4764 figura
1233 4693 1364 4748 constat-‘l
1373 4693 1406 4746 F..
1422 4687 1554 4745 Totidem
1568 4689 1639 4758 quot
1657 4684 1750 4740 lineis.
1773 4683 1809 4737 A.

962 4780 1059 4846 Quid?
1082 4780 1158 4852 ipsas
1176 4779 1267 4834 lineas
1280 4793 1363 4848 pares
1378 4773 1538 4842 constituis,
1563 4788 1601 4827 an
1614 4770 1762 4842 impares?
1775 4770 1810 4824 Ε.

962 4870 1058 4924 Pares.
1072 4869 1106 4922 A.
1115 4866 1212 4932 Quid?
1227 4864 1324 4937 anguli
1339 4862 1519 4919 tantumdem
1535 4874 1635 4916 omnes
1648 4860 1756 4931 patent,
1774 4869 1811 4910 an

963 4960 1005 5013 est
1018 4955 1093 5010 alius
1105 4954 1162 5009 alio
1179 4952 1352 5010 contractior
1364 4950 1408 5007 vel
1423 4949 1549 5022 apertior
1557 4949 1572 5003 ‘t
1580 4950 1614 5004 E.
1627 4946 1719 5002 titiam
1733 4943 1811 5014 ipsos

962 5059 1045 5118 pares
1060 5058 1120 5098 esse
1138 5042 1230 5098 video.
1246 5043 1285 5097 A.
1305 5042 1437 5096 Potestne
1447 5037 1520 5102 fleri,
1536 5040 1568 5091 ut
1582 5035 1613 5091 iu
1627 5033 1729 5106 ligure,
1745 5043 1812 5100 quaa

1160 5145 1620 5403 Ab

998 5437 1005 5469 ¹
1023 5435 1100 5492 ton,
1115 5442 1169 5496 quo
1180 5429 1249 5480 cult.
1263 5427 1291 5478 ld
1306 5425 1365 5477 eliis
1379 5425 1455 5487 cod,
1470 5436 1528 5489 qua
1538 5421 1608 5473 nult.
