3884 6112
86 239 155 295 1083
711 239 760 294 DE
778 237 920 306 trustes,
941 236 969 293 S.
991 236 1185 294 AUGUSTlNl
1776 243 1838 297 sust

85 359 192 427 modus,
207 362 246 428 et,
263 359 356 415 bouus.
380 363 413 415 D.
435 358 603 415 Litterarum
622 375 692 415 sono
707 360 759 415 ista
774 359 856 415 video
874 358 931 414 dis·
985 375 1044 415 uuo
1058 375 1132 431 pene
1146 358 1233 414 verbo
1245 361 1332 415 tantas
1346 358 1506 431 discipliuae
1518 358 1653 416 delinitio
1666 361 1837 418 coutiuetur.

87 448 652 521 creparc,ccctcreautcmpariaessedl.
665 449 933 514 Quidlcumeuun-
987 448 1050 503 Nou
1066 448 1144 503 enim
1158 448 1214 502 tale
1230 447 1339 519 aliquid
1353 447 1400 503 hic
1418 448 1587 504 discendum
1608 453 1661 518 est,
1677 451 1766 523 quale
1781 451 1839 523 qui·

85 537 201 605 tiamus,
215 553 284 608 poue
300 537 429 605 verbum,
450 541 479 590 et
495 552 564 606 pone
581 537 745 592 adverbium
758 557 766 603 ;
779 540 884 608 praeter
902 535 931 591 id
985 536 1055 592 libet
1067 541 1197 591 cantores
1215 536 1427 609 histrionesque
1445 542 1599 594 noverunt.
1615 541 1652 594 Μ.
1671 539 1746 594 lllud
1760 556 1840 610 supe·

87 626 164 698 quod
185 625 354 697 signilicetio
372 625 482 680 diversa
496 629 549 692 est,
567 624 637 680 nihil
652 624 704 680 tibi
719 625 832 681 videtur
845 641 932 679 sonus
986 624 1055 688 rius,
1077 624 1153 696 quod
1171 623 1201 680 in
1217 624 1352 680 omuibus
1370 625 1457 681 ctiam
1475 631 1583 698 praeler
1603 627 1748 683 musicam
1763 628 1840 684 fectis

88 713 214 769 distare?
235 716 268 768 D.
294 713 385 767 Distat
407 713 534 767 omuino.
549 715 587 768 Μ.
604 714 683 769 Unde
702 713 797 781 distat,
819 729 883 767 cum
904 715 933 766 et
985 713 1089 767 modus
1108 711 1263 768 serrandus
1278 718 1332 782 est,
1347 717 1376 768 et
1389 717 1486 769 lamen
1501 715 1532 769 iu
1551 715 1666 770 musica
1686 716 1841 771 modulatio

86 802 189 858 iisdem
203 801 380 873 temporibus
394 806 561 873 utrumque,
584 805 612 856 et
630 801 733 858 iisdem
749 801 851 857 litteris
866 815 931 856 cou-
986 801 1099 869 dieitur,
1115 817 1174 856 nou
1189 805 1217 857 te
1231 806 1360 870 moveat3
1378 801 1434 857 nisi
1447 801 1520 858 forte
1544 803 1665 874 ignoras
1690 803 1841 859 dictionem

86 888 204 945 stct‘lD.
220 890 277 960 Ego
292 889 377 945 distat
388 891 396 928 ¹
409 890 485 962 quod
495 890 525 945 iu
539 889 656 946 dirersis
666 890 735 945 locis
748 890 855 945 habent
866 904 932 944 acu·
985 889 1105 945 oratoris
1118 890 1233 962 proprie
1245 890 1398 945 nominari.
1416 893 1448 945 D.
1466 891 1529 945 Non
1543 891 1649 964 ignoro
1664 907 1672 946 :
1690 892 1741 947 scd
1756 908 1841 964 quor·

88 993 165 1033 men.
180 979 218 1033 Μ.
232 979 318 1050 Crrjus
330 979 445 1034 taudem
461 979 530 1034 artis
543 984 586 1035 est
597 979 652 1035 ista
662 978 852 1050 dignoscere?
865 978 933 1033 nt
986 995 1050 1036 sum
1063 979 1152 1035 istuc?
1166 981 1204 1035 Μ.
1222 978 1295 1045 Quia
1308 984 1337 1034 el
1350 994 1423 1051 puer
1438 984 1504 1035 tuus
1515 981 1682 1053 quamlibet
1695 980 1843 1053 impolitis

87 1067 281 1137 grammaticis
298 1067 360 1122 liaeo
382 1067 482 1123 audire
501 1068 590 1136 soleo,
606 1071 635 1123 et
648 1067 687 1122 ibi
702 1084 736 1122 ea
757 1067 863 1135 didici3
883 1066 932 1121 sed
985 1068 1074 1122 simus
1084 1066 1333 1135 etrusticissimus,
1345 1069 1534 1123 cumreluno
1546 1069 1637 1123 uerbo
1650 1068 1843 1141 interroganti

87 1158 187 1209 uirum
210 1155 264 1211 hoc
288 1156 414 1225 ejusdem
437 1156 505 1211 artis
524 1156 560 1211 sit
573 1157 734 1228 proprium,
757 1172 793 1210 au
818 1155 933 1210 aliunde
985 1156 1037 1212 tibi
1052 1156 1215 1228 respondet,
1232 1155 1329 1211 tataris
1344 1171 1410 1211 eum
1424 1157 1532 1227 aliquid
1547 1157 1667 1212 diceret
1683 1161 1715 1214 D.
1733 1160 1843 1213 Fateor.

87 1248 268 1315 usurpatum,
293 1242 397 1298 nescio.
422 1245 458 1299 Μ.
481 1245 549 1298 Post
573 1243 626 1298 ista
651 1243 828 1298 ridebimus:
857 1258 933 1298 nunc
986 1246 1023 1301 Μ.
1034 1246 1107 1316 Ergo
1118 1248 1146 1299 et
1155 1244 1203 1299 ille
1214 1248 1311 1300 orator
1319 1244 1419 1300 estiD.
1431 1245 1504 1312 Nou,
1516 1246 1555 1301 Μ.
1572 1246 1635 1301 Nou
1643 1245 1739 1317 igitur
1749 1245 1844 1301 dictio·

85 1329 156 1386 illud
167 1347 277 1402 quaero,
289 1335 385 1385 utrum
396 1330 419 1385 si
429 1338 597 1402 tympanum
607 1331 650 1386 rel
666 1332 803 1386 chordam
817 1330 862 1386 bis
871 1347 933 1402 per·
986 1348 1024 1388 ue
1038 1348 1106 1387 usus
1118 1336 1161 1387 est
1174 1348 1239 1388 cum
1254 1332 1363 1404 aliquid
1377 1332 1489 1401 dixerit,
1507 1332 1640 1404 quamvis
1656 1333 1816 1390 dictionem
1830 1353 1845 1389 a

87 1423 213 1475 cutcrem
227 1423 288 1473 tum
301 1419 405 1492 raptim
421 1422 447 1473 ci
465 1419 598 1474 uelociter
613 1435 700 1491 quam
720 1436 784 1475 cum
798 1419 933 1474 enuntia·
987 1420 1106 1477 diceudo
1117 1420 1221 1476 dictam
1232 1437 1293 1475 esse
1301 1420 1452 1477 fateamur.
1467 1425 1499 1477 D.
1514 1421 1648 1476 Concedo
1663 1439 1670 1476 :
1690 1422 1743 1477 sed
1755 1421 1846 1478 ethoc

86 1523 151 1562 mus
173 1507 278 1574 modus,
297 1511 345 1562 aut
377 1508 476 1576 bouus3
504 1523 674 1579 agnosceres
701 1512 730 1562 ct
757 1506 810 1563 tibi
834 1507 932 1563 oedem
986 1522 1043 1579 quo
1058 1505 1200 1579 pertineat
1214 1507 1338 1578 requiro.
1358 1509 1394 1562 Μ.
1410 1506 1452 1562 Ad
1471 1506 1501 1562 id
1515 1506 1627 1563 scilicet
1643 1513 1679 1564 ut
1699 1507 1846 1580 intelligas

87 1600 219 1667 tempora
238 1611 307 1663 esse,
333 1612 369 1650 au
393 1612 462 1650 nou.
478 1598 510 1651 11.
536 1597 737 1668 Agnoscerem.
755 1598 793 1652 Μ.
812 1597 933 1650 vocares
986 1595 1213 1651 modulationem
1236 1612 1318 1666 posse
1341 1595 1376 1650 ad
1400 1595 1489 1650 solam
1515 1596 1660 1652 musicam
1686 1598 1844 1668 pertinere,

88 1701 156 1756 ergo
181 1684 282 1756 pedem
309 1684 514 1756 pyrrhichium.
537 1689 560 1740 D
595 1686 741 1740 vocarem.
765 1686 942 1741 lihamen
986 1683 1116 1756 quamvis
1126 1683 1228 1738 modus
1237 1683 1314 1738 uude
1325 1683 1429 1739 llaxum
1442 1685 1562 1740 verbum
1579 1690 1635 1755 est,
1654 1685 1748 1757 possit
1764 1687 1845 1741 etiam

87 1772 174 1844 hujus
188 1772 267 1843 pedis
288 1788 305 1826 a
324 1788 392 1844 quo,
413 1772 469 1827 nisi
484 1790 500 1827 a
513 1772 711 1845 grammatico,
727 1773 858 1829 didicisti.
871 1773 885 1827 i
899 1776 931 1828 D.
988 1771 1742 1845 inaliisrebuscsse:quemadmodumdictiopropric
1753 1774 1848 1828 tribui·

89 1860 199 1916 Fateor.
216 1862 254 1916 Μ.
270 1861 343 1932 Ergo
365 1859 399 1914 de
416 1859 549 1915 omuibus
563 1861 729 1933 hujusmodi
745 1862 822 1918 souis
838 1877 933 1934 gram·
987 1865 1034 1917 tur
1046 1861 1219 1930 oratoribus,
1235 1860 1365 1932 quamvis
1375 1860 1450 1916 dicat
1461 1861 1571 1933 aliquid
1583 1860 1684 1916 omnis
1696 1862 1750 1934 qui
1761 1862 1847 1934 loqui-

87 1948 209 2004 mutieus
224 1948 364 2021 judicabit
377 1965 384 2017 ;
400 1965 437 2004 an
457 1966 510 2020 per
523 1950 647 2022 teipsum
661 1950 730 2006 istos
746 1952 844 2023 pulsus
860 1950 933 2007 didi·
987 1957 1046 2020 tur,
1058 1953 1112 2006 eta
1125 1949 1260 2006 discendo
1271 1949 1356 2006 dictio
1366 1949 1513 2005 nominata
1525 1950 1572 2005 sit.
1584 1954 1617 2006 D.
1628 1952 1695 2006 tam
1705 1950 1844 2022 intelligo.
1893 2013 1895 2018 ¹

88 2037 161 2101 cisti,
184 2038 232 2094 sed
246 2054 353 2093 nomeu
371 2038 448 2111 quod
465 2038 638 2112 imponeres,
654 2056 669 2094 a
684 2039 869 2112 grammatico
884 2056 934 2094 au·
1024 2043 1049 2096 3.
1061 2042 1100 2099 Μ.
1113 2039 1186 2094 lllud
1200 2055 1268 2111 ergo
1278 2038 1354 2112 quod
1366 2038 1415 2093 abs
1425 2041 1562 2111 tepostea
1572 2039 1752 2107 dictumest,
1762 2039 1846 2094 multa

88 2125 203 2181 dieras?
225 2130 257 2182 D.
282 2127 323 2182 tta
347 2129 397 2182 est.
420 2129 459 2183 Μ.
488 2128 521 2182 Et
542 2144 628 2183 ausus
650 2144 680 2183 cs
696 2144 801 2183 nomen
816 2128 934 2201 quodie
988 2127 1500 2193 esseiucaneudoetsaltandouilie,
1516 2126 1546 2181 in
1561 2127 1673 2199 quibus
1683 2127 1711 2182 si
1723 2128 1847 2183 modula·

89 2215 273 2287 grammatica
285 2214 392 2285 docuit,
405 2214 559 2271 transferre
568 2216 602 2271 ad
615 2231 678 2270 eam
694 2232 765 2283 rem,
779 2232 865 2288 mam
877 2232 935 2271 non
987 2214 1075 2271 tionis
1093 2231 1198 2271 nomen
1218 2214 1384 2287 accipimus,
1405 2230 1478 2287 pene
1497 2214 1594 2270 diviua
1617 2215 1674 2271 ista
1696 2215 1845 2288 disciplina

88 2303 231 2376 pertinere
250 2304 284 2359 ad
300 2303 515 2376 grammaticam
531 2303 699 2360 confiteris?
716 2304 753 2359 D.
775 2305 861 2360 Video
875 2321 935 2360 uon
988 2303 1113 2372 vilescit3
1130 2303 1293 2359 cautissime
1303 2303 1421 2359 omniuo
1436 2304 1486 2359 abs
1497 2305 1525 2359 te
1541 2303 1785 2361 animaduersum
1798 2310 1843 2360 est

89 2392 126 2447 ob
139 2391 216 2448 aliud
236 2391 304 2463 pcdi
320 2407 425 2447 nomon
440 2391 615 2464 impositum,
631 2409 718 2466 quam
736 2398 854 2465 propter
865 2397 936 2448 tem·
989 2393 1087 2465 ltaque
1097 2392 1283 2448 discutiamus
1292 2391 1419 2464 primum
1433 2392 1502 2466 quid
1514 2393 1551 2448 sit
1566 2394 1731 2462 modulari,
1748 2394 1845 2450 deiude

90 2479 406 2552 porumdimensiouem
416 2500 424 2548 ;
436 2496 521 2552 quam
534 2480 889 2554 ubicumquefcognorero,
901 2498 935 2536 eo
989 2480 1059 2554 quid
1073 2480 1109 2535 sit
1121 2479 1195 2535 bene
1212 2479 1370 2534 modulari:
1386 2495 1445 2535 uou
1464 2478 1543 2535 euim
1562 2480 1674 2537 frustra
1690 2486 1736 2537 est
1749 2481 1844 2537 delini·

90 2568 244 2624 trauslerro
264 2569 334 2624 illud
357 2568 526 2624 uocabulum
544 2585 594 2624 cur
608 2585 667 2624 nou
679 2569 795 2626 eudeo‘t
813 2570 866 2626 Sed
883 2569 935 2625 etsi
988 2568 1060 2624 tioni
1076 2568 1217 2624 additum.
1233 2570 1380 2623 Postremo
1395 2567 1480 2624 eliam
1495 2568 1572 2640 quod
1593 2567 1636 2624 ibi
1657 2569 1785 2625 seientia
1798 2587 1843 2642 po·

92 2641 149 2713 alia
169 2657 306 2712 vocabula
324 2660 391 2713 sunt
403 2657 587 2729 imponenda,
603 2674 667 2714 cum
683 2659 810 2730 ejusdem
824 2658 935 2714 dimen-
991 2658 1045 2712 sita
1059 2660 1110 2724 est,
1127 2672 1186 2712 non
1201 2659 1243 2711 est
1252 2657 1512 2713 contemnendum:
1526 2672 1595 2711 nam
1610 2656 1658 2712 his
1673 2658 1781 2725 tribus,
1796 2658 1845 2713 uisi

93 2745 182 2801 sionis
194 2746 257 2800 soni
271 2750 348 2812 srrnt,
364 2746 413 2801 scd
424 2747 460 2801 ad
474 2747 675 2817 grammaticos
691 2750 788 2802 tamen
798 2762 856 2801 non
871 2761 936 2818 per·
990 2745 1084 2815 fallor,
1102 2744 1231 2801 delinitio
1246 2745 1295 2799 illa
1306 2744 1431 2817 perfecta
1445 2749 1500 2800 est.
1518 2749 1551 2802 D.
1567 2747 1612 2800 lta
1626 2746 1689 2802 liat
1704 2750 1744 2803 Μ.
1763 2747 1845 2819 lgitur

92 2834 200 2901 tinent;
213 2834 281 2906 quid
301 2834 373 2889 mihi
383 2838 424 2890 ost
434 2834 469 2890 de
479 2835 644 2891 nominibus
657 2834 798 2905 laborare,
814 2851 878 2890 cum
892 2851 937 2890 res
991 2835 1127 2908 quoniam
1141 2833 1265 2889 fatemur
1278 2833 1625 2890 modulationemamodo
1636 2852 1702 2891 esse
1718 2837 1844 2892 nemiue-

93 2927 193 2994 aperta
208 2922 271 2979 siti
296 2926 334 2979 Μ.
356 2924 412 2979 Νεε
425 2939 477 2994 ego
496 2922 526 2977 id
544 2924 609 2978 solo
624 2940 630 2979 :
647 2925 696 2980 sed
710 2928 805 2979 tamen
820 2940 884 2979 curu
899 2922 939 2977 vi·
991 2927 1064 2992 tam3
1088 2922 1298 2993 numquidnam
1322 2921 1374 2976 tibi
1397 2921 1509 2977 ridetur
1532 2924 1729 2979 metuendum
1753 2941 1787 2980 ue
1801 2931 1844 2979 aut

93 3011 160 3068 deas
172 3011 393 3067 innumerabilia
407 3027 513 3083 genera
526 3028 672 3082 sonorum,
692 3012 839 3085 inquibus
853 3017 937 3068 certae
991 3011 1144 3068 excedatur
1167 3010 1279 3077 modus,
1295 3014 1345 3065 aut
1364 3025 1424 3066 nou
1447 3010 1605 3082 impleatur
1629 3011 1689 3066 uisi
1713 3013 1745 3067 iu
1767 3014 1844 3068 rebus

94 3099 286 3155 dimensiones
305 3099 448 3155 obseruari
464 3103 591 3172 possunt,
610 3117 675 3173 quas
698 3116 803 3172 genere
817 3100 940 3156 latemur
991 3116 1057 3173 quae
1070 3103 1150 3156 motu
1164 3099 1261 3171 aliquo
1274 3098 1367 3154 fiunt?
1382 3103 1431 3154 aut
1446 3099 1471 3154 si
1484 3099 1556 3155 nihil
1570 3107 1738 3171 moveatur,
1752 3119 1843 3173 possu-

94 3187 273 3261 grammatim
296 3186 454 3258 disciplinae
477 3205 535 3244 non
560 3205 620 3244 esse
643 3189 812 3258 tribuenda;
842 3205 938 3246 nouuo
992 3188 1219 3246 muslermidare
1232 3203 1267 3242 ne
1277 3188 1507 3258 praetermodum
1518 3187 1628 3259 aliquid
1638 3188 1713 3245 usta
1722 3193 1757 3246 11.
1768 3190 1843 3246 liutto

94 3291 191 3331 censes
202 3291 263 3330 esse
275 3275 360 3331 aliam
375 3276 502 3350 aliquam
514 3278 704 3350 disciplinam,
720 3295 784 3350 quae
799 3278 938 3350 quidquid
992 3281 1084 3352 pacto.
1100 3279 1138 3332 Μ.
1153 3278 1225 3347 Ergo
1246 3276 1402 3332 modulatio
1418 3291 1476 3330 nou
1488 3276 1651 3349 incongrue
1667 3278 1775 3335 dicitur
1788 3295 1842 3334 mo·

95 3364 126 3420 in
139 3363 304 3436 hujusmodi
315 3364 349 3420 sit
359 3364 476 3421 vocibus
485 3382 672 3423 numerosum
683 3367 937 3440 artificiosumque,
991 3366 1076 3422 rendi
1095 3365 1228 3438 quaedam
1246 3363 1359 3436 peritia,
1377 3365 1421 3419 vel
1440 3366 1516 3420 certe
1533 3366 1639 3437 qualit
1654 3372 1691 3421 ut
1708 3368 1781 3424 bene
1794 3367 1842 3422 ali·

94 3452 261 3508 contineat?
276 3457 307 3508 D.
328 3453 476 3510 Probabile
497 3454 569 3510 mihi
583 3453 705 3510 videtur.
719 3456 757 3510 Μ.
778 3455 858 3519 Quod
878 3455 940 3527 ojus
993 3454 1062 3527 quid
1076 3457 1233 3508 moveatur.
1251 3453 1313 3508 Nou
1329 3452 1408 3508 enim
1421 3469 1574 3525 possumus
1589 3454 1689 3511 dicere
1704 3457 1777 3513 bene
1790 3471 1844 3511 mo

93 3557 153 3598 esse
168 3558 274 3598 nomeu
298 3542 465 3599 existimas?
484 3545 556 3599 Nam
571 3544 672 3616 opinor
685 3560 744 3599 uon
758 3543 810 3599 tibi
833 3559 939 3598 novum
992 3541 1052 3598 veri
1065 3541 1185 3613 aliquid,
1202 3540 1225 3595 si
1239 3541 1358 3596 modum
1373 3557 1430 3595 uon
1445 3545 1548 3596 seruat.
1564 3545 1599 3597 D.
1616 3544 1684 3598 Non
1700 3559 1843 3616 possumus

94 3647 154 3687 esse
173 3631 411 3703 omnipotentiam
438 3633 591 3704 quamdam
611 3632 731 3689 canendi
750 3632 834 3687 hlusis
848 3632 939 3687 solere
993 3630 1127 3703 quidem:
1147 3631 1195 3684 sed
1210 3645 1325 3684 necesse
1339 3629 1394 3685 erit
1405 3646 1503 3684 rursus
1515 3629 1601 3685 istam
1615 3633 1843 3689 modulationem

95 3720 222 3776 concedi.
238 3722 303 3776 llacc
313 3726 365 3791 est,
376 3721 432 3776 nisi
446 3721 537 3788 fallor,
550 3721 599 3776 illa
613 3738 678 3794 quae
692 3721 795 3778 llusicu
809 3720 939 3776 nomina·
992 3719 1023 3774 iu
1037 3718 1170 3775 omuibus
1183 3718 1257 3774 bene
1274 3718 1354 3774 lactis
1373 3716 1542 3789 intelligere.
1564 3719 1642 3774 Nihil
1669 3722 1781 3794 quippe
1796 3720 1844 3776 uisi

93 3812 150 3864 tur.
167 3813 198 3864 D.
216 3810 248 3864 Et
262 3824 314 3881 ego
328 3810 402 3864 hauc
416 3825 477 3866 esse
492 3809 632 3866 existimo.
993 3807 1067 3862 bene
1081 3806 1233 3873 movendo,
1248 3805 1321 3861 hene
1336 3805 1399 3860 tleci
1414 3804 1506 3860 video.
1522 3807 1559 3861 Μ.
1577 3805 1656 3871 uuio
1669 3808 1695 3862 si
1709 3808 1782 3864 forte
1796 3808 1844 3863 ista

131 3897 244 3952 CAPUT
260 3898 294 3953 ll.
309 3927 345 3939 -
359 3899 465 3954 Musica
479 3898 547 3968 quid
559 3901 605 3954 sit.
619 3897 758 3953 Moduleri
770 3896 838 3967 quid
850 3899 899 3953 sit.
992 3895 1090 3951 omnia
1104 3911 1157 3967 per
1170 3880 1309 3950 musicam
1325 3893 1405 3962 fiant,
1421 3893 1552 3966 quamvis
1566 3895 1782 3953 modulationis
1795 3914 1843 3952 uo·

129 3986 156 4039 t.
172 3986 211 4039 Μ.
234 3984 289 4040 Sed
305 3985 366 4057 jam
381 3986 474 4057 placet
487 3985 568 4040 uobis
582 3985 617 4040 cle
632 3984 748 4040 nomine
761 3984 881 4042 minime
895 3987 937 4041 la·
994 4001 1059 4041 meu
1074 3984 1104 4039 iu
1126 3980 1337 4054 cujuscemodi¹
1350 3982 1466 4054 organis
1489 3982 1582 4054 magis
1603 3982 1711 4039 tritum
1735 3987 1782 4054 sit,
1801 4000 1845 4039 uec

94 4073 216 4131 horare:
232 4074 316 4130 modo
330 4073 520 4146 inquiramus,
538 4074 567 4129 si
576 4072 698 4142 videtur,
714 4088 800 4146 quam
816 4073 940 4146 diligen·
994 4073 1159 4129 immerito?
1172 4073 1243 4127 Nam
1257 4071 1343 4127 medo
1360 4070 1450 4126 videri
1463 4069 1517 4127 tibi
1531 4071 1610 4127 aliud
1625 4088 1692 4128 esso
1704 4077 1845 4128 tornatum

95 4162 203 4220 tissima
233 4179 395 4234 possumus,
421 4179 536 4218 omnem
570 4162 656 4235 hujus
683 4179 872 4235 quaecumque
898 4168 942 4218 est
994 4161 1102 4235 aliquid
1116 4161 1256 4233 ligneum,
1266 4160 1309 4214 vel
1324 4163 1502 4231 argenteum,
1513 4160 1556 4214 vel
1572 4161 1693 4232 cujusce
1705 4163 1843 4226 materia,

97 4251 255 4325 disciplinis
269 4251 328 4307 rim
344 4256 431 4325 alque
445 4251 594 4307 rationem.
611 4255 643 4306 D.
659 4250 840 4323 luquiramus
854 4265 938 4305 saue:
994 4251 1071 4306 uliud
1086 4253 1183 4305 autem
1196 4249 1291 4320 ipsum
1305 4252 1416 4303 molum
1435 4248 1562 4316 artificis,
1578 4265 1647 4304 oum
1664 4250 1716 4305 illa
1735 4256 1844 4305 tornan-

95 4357 162 4397 nam
177 4342 231 4396 hoc
245 4345 336 4397 totum
351 4340 491 4414 quidquid
504 4343 555 4409 est,
570 4341 692 4396 multum
703 4356 787 4396 nosse
799 4338 940 4396 desidero.
994 4344 1051 4398 tur.
1065 4342 1097 4395 11.
1111 4337 1259 4394 Assentior
1279 4337 1401 4392 multum
1425 4336 1548 4392 differre.
1565 4338 1604 4393 Μ.
1631 4338 1844 4412 Numquidnam

97 4431 135 4488 Μ.
161 4430 253 4486 Deiini
274 4446 343 4502 ergo
362 4429 511 4485 musicam.
533 4434 565 4487 D.
591 4430 653 4485 Nou
680 4429 779 4483 audeo.
799 4430 838 4483 Μ.
858 4430 942 4483 Ρο1εε
994 4443 1064 4501 ergo
1078 4429 1139 4498 ipse
1154 4430 1249 4482 motus
1263 4430 1380 4498 propter
1394 4441 1423 4482 se
1438 4426 1589 4498 appetitur,
1606 4431 1640 4482 et
1658 4444 1719 4483 nou
1734 4432 1846 4500 propter

97 4518 197 4575 saltem
219 4518 414 4575 definitionem
438 4534 532 4575 meam
553 4516 701 4591 probaret
723 4518 755 4572 D.
776 4516 942 4587 Experibor,
995 4517 1024 4572 id
1040 4517 1116 4589 quod
1132 4516 1194 4571 vult
1215 4530 1275 4570 esse
1296 4514 1505 4571 tornatumil).
1531 4514 1719 4572 ltauilestum
1738 4523 1793 4573 est.
1811 4519 1843 4572 lt.

98 4606 123 4661 si
145 4606 260 4664 dixeris.
276 4610 313 4664 Μ.
336 4607 441 4663 llusica
465 4611 508 4662 est
526 4605 644 4661 scientie
665 4604 738 4659 bene
763 4604 941 4674 modulandi,
996 4601 1606 4672 Quid?simembrauouobaliudmoveret,
1616 4603 1846 4676 uisiutpulcbrc

97 4695 140 4748 Au
154 4693 207 4748 tibi
231 4710 288 4748 non
308 4694 441 4750 videtur?
466 4698 499 4751 D.
524 4693 673 4748 videretur
686 4691 814 4761 tortasse,
832 4693 856 4748 si
870 4693 943 4749 mihi
995 4693 1137 4749 acdecore
1148 4696 1337 4760 moverentur,
1352 4706 1418 4745 eum
1432 4690 1524 4745 iacere
1537 4689 1615 4746 aliud
1627 4692 1687 4747 nisi
1696 4695 1801 4750 saltare
1810 4693 1846 4748 di·

97 4778 221 4851 liqueret
227 4780 297 4852 quid
309 4781 346 4837 sit
355 4780 417 4855 ipsa
429 4780 597 4837 modulatio.
613 4783 650 4837 Μ.
664 4780 878 4853 Numquidnam
889 4782 944 4838 hoc
996 4782 1145 4839 ceremus‘?
1158 4784 1191 4837 11.
1207 4780 1250 4835 lta
1266 4779 1386 4836 ridetur.
1399 4780 1436 4835 Μ.
1455 4778 1575 4844 Quando
1589 4794 1664 4853 ergo
1682 4797 1784 4838 censes
1798 4783 1844 4838 ali·

97 4868 217 4925 verbum
231 4869 307 4940 quod
324 4869 465 4927 modulari
477 4869 591 4937 dicitur,
606 4872 656 4925 aut
665 4885 813 4942 nunquam
827 4870 942 4938 audisti,
997 4885 1151 4944 quamrem
1159 4872 1296 4941 praestare
1306 4873 1335 4925 et
1345 4867 1427 4941 quasi
1436 4867 1598 4925 domineri‘l
1609 4878 1845 4943 oumpmpterse·

97 4956 270 5030 autuspiam
279 4958 372 5014 nisiiu
384 4976 417 5014 eo
430 4958 507 5030 quod
520 4958 554 5014 ad
564 4958 736 5014 cantandum
748 4959 944 5015 saltandumve
997 4959 1098 5032 ipsam,
1111 4974 1147 5013 au
1158 4973 1224 5013 cum
1236 4961 1354 5030 propter
1363 4957 1440 5012 aliud
1456 4956 1619 5029 appetitur?
1635 4961 1668 5015 D.
1684 4959 1757 5025 uuis
1771 4962 1848 5031 negat

96 5047 255 5121 pertineret
269 5047 283 5104 i
301 5050 330 5103 D.
344 5047 386 5102 lta
400 5050 443 5103 est
456 5047 587 5119 quidem:
601 5048 651 5104 scd
664 5048 732 5120 quia
745 5047 828 5104 rideo
841 5047 944 5103 morlu-
996 5064 1062 5104 cum
1076 5052 1195 5121 propter
1207 5046 1349 5118 seipsam?
1362 5049 1399 5103 Μ.
1416 5047 1523 5118 Repete
1538 5061 1617 5102 nuuc
1633 5047 1708 5103 illud
1724 5049 1846 5120 superius

98 5136 183 5193 laria
198 5136 284 5192 modo
298 5152 360 5204 esse
375 5135 493 5206 dictum,
508 5152 573 5192 eum
587 5136 618 5193 iu
633 5136 766 5192 omuibus
777 5137 850 5192 bena
864 5136 946 5191 lactis
998 5137 1073 5210 quod
1087 5137 1122 5193 de
1137 5135 1330 5192 modulatione
1342 5135 1483 5191 diximus:
1498 5149 1568 5190 nam
1582 5132 1626 5191 ita
1636 5151 1705 5193 eam
1719 5152 1848 5209 posuera-

99 5226 202 5283 modus
216 5226 371 5282 serrandus
386 5225 431 5294 sit,
452 5230 481 5281 et
505 5227 594 5282 multa
617 5225 704 5281 etiam
722 5226 753 5281 iu
772 5223 899 5280 cauendo
914 5240 946 5279 ac
997 5243 1071 5293 mus,
1086 5225 1168 5297 quasi
1190 5224 1343 5295 quamdam
1359 5223 1494 5279 morendi
1506 5238 1567 5277 esse
1581 5224 1736 5295 peritiam,
1753 5223 1848 5281 atride

100 5316 229 5372 saltando
244 5315 374 5388 quumvis
388 5315 538 5383 delectent,
553 5315 689 5371 uilissima
702 5313 775 5383 sint;
793 5314 857 5369 volo
879 5314 946 5384 ple·
998 5313 1049 5369 ubi
1059 5313 1150 5385 magis
1161 5311 1266 5368 habere
1277 5311 1679 5370 sedemdebeatlrocuomen:
1689 5313 1723 5368 iu
1735 5331 1769 5370 eo
1779 5317 1849 5370 motu

100 5403 217 5460 nissime
230 5404 357 5478 accipere
368 5404 437 5477 quid
449 5420 567 5476 prorsus
581 5405 617 5461 sit
629 5404 691 5477 ipsa
705 5401 873 5471 modulatio,
888 5416 945 5474 quo
999 5403 1050 5477 qui
1063 5403 1141 5458 velut
1154 5401 1227 5458 liber
1240 5404 1293 5471 est,
1308 5401 1339 5458 id
1354 5404 1396 5458 est
1408 5405 1528 5474 propter
1542 5416 1573 5456 se
1587 5399 1656 5474 ipse
1671 5402 1817 5476 appetitur
1827 5405 1851 5457 et

134 5505 141 5539 ¹
155 5506 270 5566 Distuul,
283 5505 359 5570 juxta
372 5504 417 5557 Cd.
434 5505 495 5554 llss.
513 5503 571 5555 liet
587 5503 645 5553 edd.
660 5503 702 5552 Er.
716 5500 799 5563 bugd.
833 5501 867 5549 sl.
1032 5503 1039 5537 ¹
1052 5500 1094 5551 Sic
1105 5501 1152 5554 hle.
1163 5502 1196 5561 D3
1207 5505 1233 5551 at
1243 5501 1289 5551 bis.
1301 5499 1332 5560 Α,
1342 5497 1543 5564 hujuscemodi.
1553 5499 1623 5552 Did.
1632 5489 1850 5565 ejuscroceus.
