3884 6112
60 246 131 300 1397

141 367 237 417 Verum
250 364 316 415 illud
332 364 444 416 verbum
457 365 538 430 vulgo
553 367 677 433 estquod
691 367 743 418 dici
758 367 832 418 solet.

186 429 308 494 (Terent,
321 429 388 478 And.
405 429 455 479 oct.
473 430 497 487 2,
509 434 612 487 111111,
632 445 655 480 1.
675 431 724 496 15).

59 512 169 576 Quarto
191 509 287 574 modo,
311 509 397 563 verba
421 508 541 565 dicimus
562 509 623 563 hacc
643 527 707 580 quae
732 510 910 565 decurrimus

59 597 128 635 cum
142 580 320 650 temporibus
336 585 364 633 et
382 581 521 650 personis,
544 586 576 633 ut
593 580 695 647 clamo,
718 583 833 643 clamas,
856 583 910 636 cta-

59 658 131 706 mat.
155 652 204 706 llic
217 657 245 705 et
259 667 386 720 personae
399 657 465 705 sunt
480 656 545 712 tres,
561 655 592 704 ut
611 650 702 704 clamo
721 669 785 719 ego,
804 654 909 706 clamas

58 726 104 791 tu,
119 722 223 777 clamat
237 722 302 790 ilte;
317 728 345 776 et
355 728 469 792 tempus
483 727 525 776 111
538 738 673 793 praesens.
692 723 796 777 uetnde
811 725 908 795 plura·

58 793 136 860 liter,
152 794 308 847 clamamus
322 810 384 860 nos,
402 793 530 848 clamatis
547 809 606 856 vos,
620 794 744 847 clamant
757 795 809 848 illi.
825 797 909 849 Tem·

58 881 130 937 pore
143 865 290 988 preterito
307 864 483 935 imperfecto,
506 864 665 920 clamabam
684 880 748 934 131,
767 864 908 920 clamabas

58 940 102 1000 tu,
128 936 269 989 camahat
296 935 363 990 ille:
394 941 421 989 et
443 935 603 1005 pluraliter,
628 935 821 990 clamabamus
844 953 907 1006 nos,

29 1038 35 1047 ·
58 1006 226 1061 clamabatis
251 1021 311 1074 vos,
335 1006 496 1060 clamabant
519 1005 571 1061 illi.
600 1008 739 1077 Tempore
763 1007 907 1076 praeterito

57 1078 194 1202 perlecto,
217 1093 337 1131 numero
358 1077 505 1148 singulari,
526 1077 645 1130 clamavi
666 1093 728 1144 ego,
752 1076 908 1130 clamavisti

71 1165 102 1214 u,

10 1192 12 1199 .
115 1148 246 1203 clamavit
265 1148 322 1202 ille.
344 1149 483 1219 Tempore
506 1147 649 1219 praeterito
671 1149 824 1218 plusquam
845 1164 908 1218 per-

57 1219 142 1284 fecto,
159 1219 208 1273 nbi
222 1217 418 1288 significamus
429 1235 485 1272 non
501 1221 594 1273 solum
609 1234 667 1272 non
680 1218 786 1289 aliquid
797 1219 905 1285 fecisse,

58 1290 107 1345 sed
122 1290 206 1344 etiam
223 1289 342 1353 dudum,
363 1294 391 1343 et
405 1290 526 1344 dicimus
539 1298 667 1359 ,numero
682 1289 830 1360 singulari,
850 1291 907 1344 cla·

56 1376 202 1417 macerem
230 1377 295 1432 ego,
320 1361 492 1415 clamaveras
518 1366 561 1427 tu,
585 1361 756 1415 clamaverat
779 1361 827 1415 1111
849 1377 856 1412 :
880 1363 908 1414 et

10 1453 17 1489 .·
56 1431 218 1504 pluraliter,
234 1432 456 1485 clamaveramus
472 1448 534 1497 1111,
556 1432 751 1486 clamaveratis
767 1447 827 1497 vos,
849 1431 906 1484 cla·

55 1502 267 1557 macerantilli.
285 1504 425 1572 Tempore
440 1503 536 1556 futuro
551 1519 671 1556 numero
686 1503 836 1572 singulari,
853 1503 907 1555 cla·

15 1600 18 1634 ;
54 1573 140 1628 mabo
169 1590 233 1644 ego,
261 1573 395 1627 clamabis
417 1579 457 1636 tu,
480 1574 614 1628 clamabit
638 1573 906 1627 itlezclamabimus

53 1660 118 1708 nos,
135 1644 291 1698 clamabitis
306 1661 368 1709 vos,
388 1644 552 1698 clamabunt
575 1643 626 1697 illi.
644 1646 796 1714 Hucusque
820 1644 904 1698 modo

54 1713 211 1769 indicativo
238 1720 330 1769 totum
356 1715 411 1768 hoc
437 1717 512 1786 quod
528 1715 650 1768 diximus
673 1713 824 1768 indicantis
852 1718 903 1770 est.

52 1786 436 1856 ldeodicituriuvperativus,
448 1786 626 1856 quiasonum
638 1786 723 1839 hebet
734 1785 903 1855 imperandi.

10 1888 12 1923 ;
52 1856 109 1911 Sed
133 1857 184 1910 iste
200 1856 303 1909 modus
326 1872 385 1909 nou
408 1855 494 1910 habet
513 1856 638 1926 primam
657 1856 905 1926 personamque

51 1943 140 1981 nemu
156 1927 210 1980 sibi
224 1926 356 1997 imperat,
373 1926 422 1980 sed
437 1927 472 1980 ad
490 1928 644 1980 secundam
660 1927 789 1997 loquitur
807 1943 905 1998 perso·

51 2014 123 2052 nam
153 2001 181 2051 et
204 1997 329 2051 tertiam.
358 1997 483 2051 Numero
511 1997 660 2068 singulari,
684 1997 720 2050 ad
751 1998 906 2052 secundam

49 2069 157 2132 clama,
171 2072 199 2121 et
214 2067 248 2121 ad
264 2068 378 2122 tertiam
393 2068 495 2122 clamet
510 2084 516 2122 :
533 2075 561 2121 et
573 2068 732 2139 pluraliter,
753 2068 788 2122 ad
804 2085 905 2122 secun·

49 2139 120 2195 dam
134 2139 265 2203 clamate,
281 2139 317 2192 ad
337 2140 452 2193 tertiam
474 2140 608 2195 clament.
632 2140 736 2193 Futuro
764 2144 904 2209 tempore,

49 2209 89 2265 ad
107 2209 262 2264 secundam
278 2209 409 2276 clamato,
429 2211 463 2265 ad
488 2210 600 2264 tertiam
625 2210 757 2264 similiter
770 2212 902 2264 clamato.

49 2280 106 2336 Sed
122 2280 360 2352 quaresimiliter
375 2281 442 2335 facit
457 2281 487 2335 in
508 2282 630 2336 secunda
645 2286 673 2335 ct
693 2281 786 2345 tertia,
805 2286 848 2335 est
859 2298 904 2335 ra-

50 2351 94 2406 tio
110 2367 117 2404 ι
132 2351 179 2405 sed
196 2367 272 2404 nunc
283 2352 527 2422 praetermittenda
541 2358 593 2406 est.
615 2353 647 2406 Et
661 2368 697 2405 ne
713 2352 747 2405 ad
763 2351 906 2406 111111111-

51 2437 162 2489 camus,
179 2422 329 2476 redeamus
358 2423 392 2476 ud
417 2439 478 2477 rem
502 2423 655 2493 pluralem.
682 2423 724 2477 Ad
750 2424 905 2477 secundam

50 2509 206 2565 personam
221 2494 381 2553 clamatote.
399 2493 434 2547 ad
461 2493 575 2547 tertiam
591 2494 725 2547 clamant.
743 2494 788 2548 Sic
808 2503 905 2548 autem

50 2564 212 2633 optativum
240 2563 371 2630 dicimus,
399 2564 468 2635 quia
491 2565 616 2633 optantis
638 2564 723 2618 modo
753 2564 903 2636 loquitur:

50 2634 146 2707 prima
161 2651 283 2705 persona
304 2639 434 2705 tempere
449 2636 592 2706 praesenti,
610 2637 719 2688 utinam
740 2637 903 2702 clamarem,

49 2705 89 2760 ad
109 2706 262 2758 secundam
288 2705 397 2758 utinam
422 2707 571 2774 clamares,
596 2707 629 2761 ad
658 2706 772 2759 tertiam
793 2706 904 2760 utinam

48 2776 206 2830 clamaret:
219 2781 246 2830 11
261 2777 410 2846 pluraliter
420 2777 454 2830 ad
464 2777 588 2846 primam
605 2792 767 2846 personam,
792 2777 904 2831 utinam

49 2845 253 2912 clamaremus,
269 2847 304 2901 ad
319 2847 472 2901 secundam
488 2848 598 2900 utinam
615 2847 786 2914 clamaretis,
797 2846 832 2900 ad
847 2850 904 2900 ter·

48 2916 122 2972 tiam
136 2918 248 2972 utinam
267 2918 432 2972 clamarent.
455 2917 601 2972 Praeterito
624 2923 764 2988 tempore,
786 2917 821 2971 ad
844 2917 904 2987 pri-

49 3004 130 3044 mam
144 2993 307 3058 personam,
330 2989 438 3042 utinam
455 2989 620 3042 clamassem
631 3004 694 3058 ego,
709 2988 741 3041 ad
750 2988 904 3043 secundam

49 3059 163 3113 utinam
187 3061 336 3113 clamasses
360 3064 402 3124 tu,
428 3060 461 3112 ad
492 3060 604 3112 tertiam
629 3059 739 3112 utinam
755 3059 904 3112 clamasset

49 3129 119 3186 ille:
144 3135 172 3184 et
194 3130 353 3200 pluraliter,
371 3129 483 3185 utinam
498 3131 700 3183 clamassemus
714 3145 776 3195 nos,
794 3129 904 3183 utinam

49 3201 228 3255 clamassetis
244 3218 303 3266 vos,
321 3200 432 3255 utinam
452 3202 621 3254 clamassent
636 3200 687 3254 illi.
709 3200 903 3254 1111111111-

50 3288 133 3344 pore,
158 3272 251 3343 prima
274 3287 406 3342 persona,
435 3272 544 3326 utinam
568 3274 687 3326 clamem
704 3286 769 3339 ego,
792 3271 904 3326 utinam

52 3343 159 3397 clames
174 3348 216 3408 tn,
232 3342 342 3396 utinam
359 3343 461 3397 clamet
484 3343 532 3397 ille
548 3359 554 3396 ε
571 3349 599 3397 11
613 3341 773 3414 pluraliter,
792 3343 902 3396 utinam

51 3414 220 3480 clamemus,
235 3413 374 3477 clametis,
389 3415 521 3468 clament.
541 3414 607 3467 ldeo
634 3418 728 3466 atatem
744 3412 903 3482 subjuncti·

49 3501 104 3538 vus
116 3485 299 3555 dicitur,quia
314 3490 378 3553 1311
391 3485 538 3555 aliquare,
554 3489 587 3538 ut
599 3484 717 3554 impleat
732 3484 904 3539 sententiam

51 3572 144 3618 snam,
161 3561 275 3627 utputa
295 3572 360 3609 cum
376 3557 507 3622 clamem,
523 3556 637 3617 clames,
660 3555 781 3618 clamet,
796 3556 905 3625 pendet

50 3626 98 3681 hic
114 3643 224 3692 sensns,
240 3626 409 3696 indigetque
432 3627 528 3697 aliqua
548 3643 587 3691 re,
607 3630 640 3681 ut
663 3625 804 3679 sententia
823 3642 902 3679 com-

52 3693 168 3769 'pleatur
185 3714 191 3751 :
206 3713 237 3751 ac
253 3697 275 3751 si
290 3696 396 3764 dicam,
412 3714 477 3751 cum
490 3698 620 3762 clamem,
636 3712 723 3768 quare
742 3711 788 3750 me
809 3701 903 3752 tacere

51 3768 147 3824 dicis?
161 3769 227 3822 ldeo
242 3784 310 3839 ergo
326 3769 522 3850 conjunctivus
537 3769 641 3822 modus
656 3768 748 3822 dictus
764 3771 816 3836 est,
835 3768 904 3838 utria

50 3838 79 3893 ei
94 3839 278 3910 conjungitur
300 3839 419 3909 aliquid,
435 3844 467 3893 ut
489 3839 630 3893 sententia
653 3838 803 3893 locutionis
818 3840 904 3908 plena

50 3909 99 3964 sit.
116 3911 188 3981 Ergo
203 3910 378 3965 declinemus
393 3911 469 3965 bunc
484 3912 600 3967 modum
616 3917 647 3965 ut
662 3910 834 3980 superiores.
854 3911 904 3966 ue-

50 3978 176 4034 clinutur
199 3985 295 4035 autem
324 3998 374 4050 per
399 3997 535 4050 personas
561 3989 639 4037 tres:
662 3981 755 4051 prima
779 3997 904 4051 persona

51 4051 206 4122 praesentis
227 4052 366 4120 temporis
388 4068 453 4106 cum
482 4054 612 4117 clamem,
635 4051 758 4105 secunda
782 4068 904 4121 persona

51 4137 117 4177 cum
133 4123 247 4184 clames.
266 4123 352 4176 tertia
374 4139 439 4176 cum
454 4122 577 4177 clamet:
595 4126 622 4175 et
638 4121 787 4191 pluraliter
809 4124 904 4193 prima

50 4208 174 4264 persona
187 4210 251 4248 cum
266 4195 433 4256 clamemus,
449 4194 573 4247 secunda
587 4208 651 4246 111111
666 4191 803 4257 clametis,
818 4193 904 4247 tertia

50 4279 116 4318 cum
133 4265 267 4318 clament.
294 4263 442 4318 Praeterito
463 4269 593 4333 tempore
616 4261 793 4332 imperfecto,
810 4263 908 4333 prima

50 4349 176 4406 persona
191 4351 255 4389 cum
270 4337 432 4396 clamarem,
446 4335 570 4388 secunda
582 4349 646 4387 111111
658 4335 804 4398 clamares,
820 4334 903 4388 tertia

50 4421 117 4459 cum
133 4407 267 4459 clamaret
284 4421 290 4459 :
308 4411 335 4459 et
348 4405 497 4476 pluraliter
513 4405 607 4474 prima
622 4420 743 4475 persona
766 4419 831 4457 111111
847 4404 903 4458 cla·

52 4491 209 4540 meremus,
226 4476 350 4529 secunda
364 4491 427 4529 curn
444 4475 613 4540 clamaretis,
629 4475 713 4529 tertia
726 4490 790 4528 cum
801 4475 904 4529 clama·

51 4552 126 4600 rent.
157 4547 297 4615 Tempore
324 4545 468 4617 praeterito
495 4546 629 4617 perfecto,
658 4544 752 4616 prima
782 4561 904 4615 persona

52 4631 117 4669 cnm
134 4615 326 4681 clamaverim,
351 4633 415 4670 cum
431 4617 608 4685 clamaveris,
628 4633 693 4670 cum
717 4616 902 4673 clamaverit:

51 4690 81 4739 et
94 4685 244 4755 pluraliter
262 4687 355 4757 prima
368 4703 491 4757 persona
505 4704 570 4742 curn
592 4687 818 4751 clamaverimus,
839 4705 902 4744 cum

52 4755 255 4820 clamaveritis,
277 4773 341 4810 cum
367 4757 560 4813 clamaverint.
588 4761 728 4828 Tempore
751 4759 904 4829 plusquam

51 4827 191 4898 perlecto,
207 4827 300 4898 prima
316 4844 436 4899 persona
451 4845 515 4884 carm
538 4831 743 4894 clamavissem,
764 4845 829 4883 cum
846 4831 903 4884 111-

50 4898 196 4964 mavisses,
215 4914 279 4952 cum
295 4899 490 4954 clamavisset:
512 4906 540 4954 et
560 4901 709 4972 pluraliter
728 4900 822 4970 prima
839 4916 903 4972 per·

52 4986 123 5023 sona
151 4985 215 5023 cum
244 4970 486 5039 clamavissemus,
509 4988 574 5026 curu
603 4970 814 5038 clamavissetis,
838 4987 903 5025 cum

49 5040 257 5095 clamavissent.
282 5043 422 5112 Tempore
447 5042 554 5108 futuro,
577 5042 669 5114 prima
695 5058 815 5112 persona
838 5058 903 5095 cum

50 5112 221 5172 clamavero,
238 5129 302 5167 curn
320 5114 495 5180 clamaveris,
512 5130 576 5167 cum
600 5111 764 5166 clamaverit
777 5128 784 5165 ι
796 5115 824 5166 11
837 5113 903 5183 plu-

48 5182 150 5236 raliter
163 5183 257 5250 prima
272 5200 392 5254 persona
412 5200 476 5239 111111
500 5184 729 5251 clamaverimus,
757 5198 822 5237 cum
845 5184 902 5237 cla·

49 5252 205 5313 moveritis,
234 5271 298 5308 cum
324 5256 516 5309 clamaverint.
541 5255 701 5310 lnlinitivus
731 5253 835 5307 dicitur
857 5253 903 5307 hic

50 5324 164 5386 modus,
182 5324 248 5394 quia
266 5326 428 5395 superiores
441 5326 582 5380 deliniunt
608 5341 753 5395 personas,
779 5325 902 5396 primam

50 5395 205 5449 secundam
221 5401 249 5449 et
264 5397 375 5450 tertiam
389 5414 396 5462 3
412 5397 457 5451 hic
472 5402 568 5451 autem
584 5397 686 5451 modus
699 5397 759 5449 sine
774 5396 904 5466 personis

48 5470 103 5527 est,
121 5467 241 5521 ethabet
251 5469 343 5521 solum
357 5473 472 5540 teinpus
484 5469 820 5538 praelinitum‚praesens,
831 5483 904 5538 prae·

48 5536 168 5591 teritum
184 5543 212 5592 et
226 5538 355 5594 inimum
372 5556 379 5593 :
397 5548 427 5593 ut
447 5544 517 5609 puta
539 5540 674 5608 clamare,
697 5554 822 5662 pgaesens
838 5542 902 5593 est:

48 5607 213 5674 clamasses,
229 5610 408 5680 praeteritum
421 5611 592 5665 :clamatum
613 5609 665 5678 ire,
680 5608 710 5663 fu
725 5625 818 5664 urum.
836 5610 903 5665 Ecce

49 5677 131 5733 vides
145 5678 295 5752 designare
309 5686 424 5737 tantum
439 5685 579 5755 tempora,
595 5697 653 5736 non
671 5696 819 5751 personas.
842 5681 905 5736 Cla·

31 5749 236 5819 1111111111,
252 5755 280 5806 11
300 5753 448 5825 clamasse,
471 5760 500 5809 et
520 5753 675 5808 clamatum
703 5751 756 5821 ire,
779 5751 905 5807 nescitur

843 241 1036 302 arraubtx.

1750 252 1818 311 13118

965 383 1097 451 persona,
1113 369 1166 424 uisi
1181 369 1252 425 velis
1263 370 1386 452 jungere
1404 374 1432 425 et
1455 370 1560 434 dicere,
1585 371 1709 429 clamare
1732 373 1818 432 debet

965 442 1013 494 alte
1030 457 1037 495 :
1053 446 1122 494 tunc
1136 440 1218 513 quasi
1232 440 1265 495 fit
1279 441 1403 496 [lurtum.
1419 440 1449 498 Si
1461 446 1556 497 autem
1578 459 1638 498 non
1659 444 1817 518 subjungas

964 511 1013 565 ille
1028 513 1071 566 vel
1084 512 1145 582 ipse
1158 513 1201 567 vel
1225 512 1289 580 iste,
1304 511 1337 566 111
1351 516 1383 566 ut
1395 512 1498 567 dicitur
1516 513 1673 568 infinitivus
1688 517 1790 571 modus
1807 533 1815 572 t

964 589 1066 637 namet
1080 599 1201 637 numero
1210 583 1348 653 singulari
1358 584 1401 637 vel
1414 584 1517 654 plurali
1533 584 1662 639 infinitus
1674 589 1724 641 est.
1742 588 1814 644 Cum

963 653 1040 707 enim
1056 653 1129 722 dico,
1146 655 1278 719 clamare,
1300 654 1446 720 clamasse,
1468 671 1519 709 nec
1531 656 1645 710 finitum
1661 662 1703 712 est
1716 661 1815 713 utrum

964 725 998 778 de
1014 741 1071 779 uno
1091 741 1127 778 an
1142 725 1177 780 de
1191 725 1303 779 duobus
1317 725 1418 780 dicam.
1437 726 1486 781 lsti
1501 742 1569 798 ergo
1582 731 1649 782 sunt
1665 728 1745 785 modi
1763 744 1816 802 per

963 812 1036 867 quos
1049 796 1146 849 omnia
1160 797 1245 850 verba
1258 802 1416 851 cursantur.

1079 885 1192 940 caetu
1204 885 1272 940 XIV.
1288 916 1321 924 -
1336 889 1374 941 De
1391 887 1483 954 primu
1502 886 1698 955 cortjuputione.

996 974 1059 1027 lam
1073 973 1109 1027 ad
1124 973 1246 1027 formam
1259 973 1345 1028 unius
1365 973 1444 1028 verbi
1468 973 1544 1044 quod
1572 973 1724 1042 currimus,
1747 990 1813 1046 per·

962 1060 1110 1098 curramus
1124 1050 1227 1099 caetera
1241 1044 1326 1098 verba
1343 1060 1350 1098 :
1369 1044 1500 1098 similiter
1516 1046 1607 1099 clamo
1632 1045 1737 1100 clamas
1759 1047 1814 1102 cla·

961 1120 1031 1180 mat,
1043 1131 1108 1169 amo
1123 1131 1202 1169 amas
1217 1120 1302 1179 amat,
1322 1120 1404 1169 canto
1418 1121 1514 1170 cantas
1530 1119 1634 1182 cantat,
1653 1118 1734 1187 pulso
1749 1118 1812 1187 pul·

961 1203 1005 1239 sas
1021 1188 1124 1257 pulsat,
1148 1187 1230 1241 freno
1254 1187 1349 1241 trenas
1367 1186 1470 1252 frenat,
1494 1202 1574 1241 armo
1598 1203 1692 1242 armas
1707 1192 1810 1256 armat,

961 1256 1101 1328 impugno
1116 1257 1268 1328 impugnas
1290 1257 1453 1327 impugnat,
1476 1263 1558 1328 capto
1583 1263 1679 1328 captas
1705 1263 1812 1330 captat,

960 1344 1030 1397 paro
1055 1344 1137 1398 paras
1160 1334 1252 1398 parat,
1284 1344 1384 1398 separo
1415 1344 1530 1398 separas
1556 1334 1678 1400 separat,
1709 1346 1810 1386 accuso

961 1414 1074 1452 accusas
1089 1404 1210 1462 accusat,
1221 1399 1326 1452 mando
1337 1399 1455 1452 mandas
1466 1399 1591 1464 mandat,
1608 1417 1694 1469 gravo
1711 1417 1811 1472 gravas

961 1474 1068 1539 gravat,
1081 1470 1144 1524 levo
1160 1471 1234 1524 lavas
1251 1471 1333 1533 lavat,
1348 1485 1454 1540 genero
1470 1485 1589 1538 generas
1602 1476 1729 1540 generat,
1745 1487 1810 1526 creo

961 1547 1137 1603 1111111111,
1154 1540 1211 1611 ligo
1227 1540 1390 1610 1131111311,
1408 1541 1493 1609 alligo
1507 1540 1607 1611 alligas
1622 1541 1729 1611 1111311,
1745 1559 1810 1596 san-

960 1611 1406 1678 111111111111111111111111111111,
1424 1611 1479 1665 cito
1504 1611 1574 1665 citas
1598 1612 1675 1678 citat,
1690 1613 1811 1667 vulnero

959 1682 1092 1735 vulneras
1106 1684 1245 1749 vulnerat,
1267 1698 1380 1737 macero
1401 1697 1527 1736 maceras
1552 1686 1688 1749 macerat,
1718 1683 1811 1738 lacero

960 1752 1066 1806 laceras
1080 1752 1195 1819 lacerat,
1211 1769 1260 1807 111
1277 1769 1340 1807 aras
1360 1758 1432 1817 1111,
1449 1754 1525 1807 11111
1550 1754 1640 1809 111111
1654 1753 1752 1817 calcat,
1772 1754 1812 1809 la·

960 1824 1008 1876 nio
1026 1823 1116 1877 lanias
1133 1824 1232 1891 laniat,
1248 1841 1376 1879 memoro
1392 1840 1534 1878 memoras
1549 1829 1700 1891 memorat,
1716 1825 1810 1879 111111

959 1895 1191 1959 11111111111111,
1208 1895 1347 1965 investigo
1375 1895 1529 1966 investigas
1552 1895 1713 1965 investigat,
1736 1897 1811 1951 vallo

958 1966 1047 2018 vallas
1061 1965 1158 2028 vallat,
1174 1965 1258 2019 domo
1282 1967 1382 2021 domas
1411 1967 1518 2033 domat,
1547 1966 1730 2021 circumvallo
1758 1967 1811 2021 cir·

960 2036 1113 2090 cumvallas
1127 2035 1332 2105 circumvallat,
1359 2054 1443 2092 curvo
1458 2053 1557 2091 curvas
1576 2041 1684 2105 curvat,
1700 2037 1810 2093 medico

959 2107 1083 2160 modicas
1099 2107 1229 2173 medicat,
1241 2109 1370 2163 consulto
1384 2110 1525 2163 consultas
1543 2109 1695 2174 consultat,
1707 2108 1809 2163 intimo

959 2177 1075 2231 intimas
1090 2177 1214 2244 intimat,
1229 2178 1342 2234 insinuo
1357 2179 1484 2234 insinuas
1499 2178 1637 2241 insinuat,
1657 2179 1809 2252 frequento

959 2248 1123 2320 frequentas
1137 2249 1310 2320 frequentat,
1327 2251 1438 2305 celebro
1464 2251 1591 2305 celebras
1604 2250 1736 2317 celebrat,
1751 2249 1809 2305 mi-

959 2319 1048 2373 nistro
1064 2319 1209 2375 ministras
1224 2321 1377 2388 ministrat,
1389 2322 1476 2391 palpo
1490 2321 1590 2392 palpas
1605 2321 1714 2391 palpat,
1739 2337 1810 2376 senc

959 2407 1042 2445 sonas
1061 2395 1153 2459 sonat,
1170 2391 1246 2446 sucin
1271 2392 1360 2446 socias
1383 2393 1482 2459 sociat,
1502 2397 1582 2446 muto
1597 2397 1691 2446 mutas
1705 2396 1809 2458 mutat,

958 2462 1072 2532 postulo
1097 2463 1223 2532 postulas
1246 2463 1382 2534 postulat,
1412 2479 1514 2534 quasso
1542 2478 1658 2534 quassas
1683 2466 1808 2534 quassat,

959 2535 1083 2587 eviscero
1111 2533 1249 2586 evisceras
1277 2534 1424 2600 eviscerat,
1451 2535 1539 2588 denso
1569 2534 1671 2587 densas
1698 2534 1810 2600 densat,

959 2618 1194 2657 enervoenervas
1215 2609 1341 2668 enervat,
1366 2605 1484 2659 verbero
1509 2604 1641 2657 verberas
1668 2602 1810 2673 verberat,

958 2680 1052 2728 macto
1065 2678 1171 2727 mactas
1188 2677 1302 2738 mactat,
1323 2675 1392 2745 iugo
1406 2675 1488 2743 fugas
1501 2674 1593 2742 fugat,
1621 2672 1740 2727 elimino
1755 2673 1810 2729 eli·

958 2745 1050 2799 minas
1065 2744 1205 2809 eliminat,
1216 2745 1285 2798 caelo
1301 2745 1383 2798 caelas
1393 2747 1485 2809 catat,
1502 2745 1584 2814 signo
1595 2743 1691 2813 signas
1703 2743 1808 2814 signat,

958 2814 1064 2868 ventilo
1080 2815 1201 2867 ventilas
1215 2815 1344 2877 ventilat,
1365 2814 1502 2868 contristo
1525 2813 1676 2868 contristas
1700 2812 1810 2868 contri-

959 2889 1022 2946 stat,
1040 2899 1140 2938 sereno
1156 2900 1269 2938 serenus
1293 2889 1459 2948 serenabat
1482 2884 1561 2938 11111.
1586 2883 1650 2938 11111
1675 2883 1810 2940 omnibus

958 2955 1092 3025 adjicitur
1110 2954 1239 3022 rlitteru,
1251 2959 1279 3009 et
1293 2956 1367 3009 liunt
1389 2954 1511 3025 passiva,
1527 2959 1560 3009 ut
1584 2956 1692 3008 clamor
1703 2955 1809 3009 clama·

958 3027 998 3080 ris
1013 3027 1164 3093 clamatur,
1180 3042 1262 3079 amor
1283 3025 1387 3079 amaris
1414 3031 1538 3088 amatur,
1564 3025 1662 3096 pulsor
1687 3024 1809 3095 pulsaris

958 3098 1097 3165 pulsatur,
1113 3112 1192 3150 secor
1207 3097 1310 3150 secaris
1325 3102 1445 3163 secatur,
1463 3112 1546 3150 curor
1559 3095 1668 3150 curaris
1682 3100 1807 3151 curatur.

958 3168 1003 3223 Sic
1019 3169 1117 3222 omnia
1131 3166 1307 3239 percurreris
1327 3183 1377 3249 per
1391 3168 1456 3221 illos
1470 3167 1571 3221 modos
1590 3184 1662 3239 quos
1676 3167 1808 3238 superius

957 3239 1089 3300 diximus,
1112 3238 1308 3305 indicativum,
1325 3239 1536 3309 imperativum,
1553 3238 1723 3308 optativum,
1740 3254 1809 3293 con·

954 3309 1126 3381 iuncinum,
1143 3308 1326 3364 infinitivum.
1350 3310 1423 3364 Sanc
1448 3325 1481 3364 ex
1498 3310 1552 3363 boc
1567 3325 1636 3363 sonu
1651 3325 1708 3379 quo
1723 3309 1809 3364 verba

959 3382 1049 3436 activa
1063 3381 1270 3448 ordinavimus,
1285 3380 1313 3435 id
1329 3384 1371 3434 est
1394 3397 1451 3450 qvvo
1470 3396 1520 3433 uos
1538 3395 1623 3449 agere
1646 3379 1756 3449 aliquid
1769 3379 1808 3433 si·

958 3451 1166 3522 gnibcavimus,
1182 3455 1250 3505 sunt
1273 3451 1380 3505 similes
1394 3450 1467 3512 soni,
1492 3450 1541 3506 sed
1567 3449 1602 3504 ad
1618 3451 1704 3503 verba
1718 3449 1807 3520 perti·

957 3527 1028 3577 nent
1042 3521 1193 3576 neutralia.
1208 3521 1259 3577 Sed
1277 3538 1311 3576 ne
1331 3527 1358 3576 te
1380 3524 1559 3575 commoveat
1571 3536 1659 3592 quare
1675 3519 1810 3575 dicuntur

958 3593 1108 3659 neutralia,
1123 3593 1184 3646 hoec
1204 3591 1277 3646 ratio
1301 3598 1353 3657 111,
1379 3593 1447 3664 quia
1468 3607 1563 3662 neque
1587 3595 1678 3661 agunt
1699 3589 1809 3660 aliquid

957 3680 1050 3735 neque
1066 3663 1225 3734 patiuntur,
1248 3667 1279 3716 ut
1296 3667 1338 3716 est
1352 3666 1406 3727 sto,
1419 3663 1513 3743 jacen,
1528 3662 1612 3728 cubo,
1630 3661 1726 3715 sedeo.
1743 3662 1808 3716 llaec

957 3735 986 3789 in
1002 3735 1210 3798 nullaactione,
1222 3734 1252 3787 in
1262 3735 1340 3788 nulla
1352 3748 1483 3801 passione
1495 3737 1570 3787 sunt.
1592 3731 1656 3786 Alia
1663 3731 1808 3786 neutralia

957 3806 1046 3860 abusu
1063 3805 1148 3871 dicta,
1177 3821 1242 3875 quae
1256 3805 1364 3859 habent
1387 3803 1540 3869 actionem,
1569 3802 1620 3858 sed
1643 3801 1807 3873 passionem

957 3878 1066 3931 nullam
1084 3893 1090 3930 :
1107 3880 1139 3930 ut
1152 3881 1242 3939 certo,
1258 3876 1344 3930 habet
1367 3875 1520 3941 actionem,
1539 3874 1589 3930 sed
1614 3889 1673 3928 non
1688 3872 1808 3929 dicimus

958 3952 1059 4012 certor,
1076 3951 1108 4001 nt
1121 3963 1212 4008 curro,
1229 3948 1268 4001 Ex
1291 3964 1348 4019 quo
1361 3962 1430 4001 sono
1450 3947 1542 4000 multa
1570 3949 1647 4006 sunt,
1662 3961 1727 4016 quae
1741 3959 1808 3998 cum

957 4018 1015 4073 ino
1032 4022 1146 4085 exeunt,
1167 4034 1201 4072 or
1214 4034 1273 4072 non
1289 4017 1453 4080 admittunt,
1470 4022 1501 4071 ut
1519 4017 1580 4071 11111
1598 4016 1694 4080 verba,
1710 4031 1807 4086 pugno

957 4105 1068 4159 pugnas
1080 4094 1201 4159 pugnat,
1213 4089 1288 4143 bello
1298 4089 1386 4143 bellas
1399 4089 1496 4152 bellat,
1507 4103 1588 4141 cuano
1598 4101 1693 4140 coenas
1702 4089 1805 4149 coenat,

958 4167 1024 4214 natu
1040 4164 1221 4225 natasnatat,
1252 4159 1366 4214 ambulo
1395 4159 1524 4214 ambulas
1548 4156 1686 4221 ambulat,
1704 4155 1806 4225 navigo

958 4231 1074 4299 navigas
1089 4229 1356 4299 navigat‚cummeo
1379 4245 1522 4284 commeas
1541 4229 1693 4292 commeat,
1717 4230 1807 4280 aestuo

958 4305 1062 4355 aestvvas
1075 4305 1187 4361 aestuat,
1202 4315 1292 4370 regno
1306 4317 1408 4371 regnas
1423 4303 1535 4371 regnat,
1551 4299 1614 4369 gelo
1629 4295 1707 4376 gelas
1718 4295 1805 4367 31111,

957 4372 1020 4426 dico
1033 4371 1110 4425 dicas
1123 4369 1208 4436 dicat,
1225 4371 1323 4426 exsulo
1337 4373 1448 4426 exsulas
1469 4369 1588 4436 exsulat,
1613 4366 1739 4421 sacratico
1760 4382 1806 4420 sa·

957 4442 1065 4497 criticas
1081 4441 1229 4508 sacrificat,
1245 4442 1383 4497 cachinno
1397 4441 1551 4497 cachinnus
1566 4437 1726 4493 cachinnat.
1743 4438 1808 4492 11111

959 4513 1055 4568 omnia
1065 4512 1167 4584 primae
1181 4512 1390 4584 coujugationis
1405 4517 1481 4576 sunt,
1494 4526 1559 4591 quca
1573 4509 1728 4563 secundam
1743 4523 1807 4589 per-

959 4600 1059 4639 sonam
1074 4584 1177 4639 horum
1187 4584 1317 4638 omnium
1332 4582 1485 4636 verborum
1498 4597 1528 4635 vn
1543 4597 1573 4634 11
1588 4579 1724 4650 syllabam
1739 4581 1807 4633 mit·

959 4659 1033 4724 tunt,
1049 4660 1081 4710 ut
1095 4671 1160 4709 amo
1175 4671 1263 4719 amas,
1284 4658 1367 4709 canto
1382 4657 1488 4717 cantas,
1505 4652 1587 4723 pulso
1603 4650 1710 4721 pulsas,
1725 4649 1808 4704 freno

957 4727 1062 4791 frenas,
1078 4741 1159 4780 armo
1170 4741 1273 4791 armas,
1283 4724 1422 4795 impugno
1437 4723 1601 4792 impugnas,
1623 4722 1695 4775 11111
1709 4720 1806 4784 saltas,

958 4813 1044 4851 curvo
1065 4813 1175 4859 curvas,
1191 4811 1290 4876 pugno
1313 4810 1434 4866 pugnas.
1464 4795 1538 4863 Ergo
1554 4791 1657 4848 audisti
1683 4791 1808 4862 primam

957 4867 1279 4938 conjugationem,scare
1299 4866 1385 4920 debes
1396 4864 1549 4920 secundam
1560 4862 1638 4918 verbi
1653 4876 1807 4933 personam

957 4954 1010 5009 pev
1024 4955 1054 4991 as
1069 4938 1205 5007 syllabam
1221 4937 1307 4992 exire.
1325 4938 1396 4990 Nam
1411 4935 1477 4989 inde
1504 4934 1609 4990 dicitur
1631 4931 1806 5003 conjugatio,

958 5008 1034 5080 quod
1048 5008 1103 5062 sibi
1118 5007 1153 5061 ad
1169 5023 1260 5061 unum
1275 5023 1379 5061 sonum
1392 5005 1482 5061 multa
1495 5005 1639 5076 conjugat.
1657 5005 1721 5058 llaec
1736 5018 1808 5082 con·

953 5078 1120 5148 jugationes
1133 5077 1222 5133 Graeci
1238 5076 1348 5139 11111111
1363 5076 1468 5132 dicunt.
1487 5076 1533 5133 Sic
1547 5081 1577 5131 et
1590 5074 1697 5130 similia
1710 5088 1808 5129 omnia

957 5149 1009 5204 hac
1023 5148 1139 5203 inventa
1153 5147 1307 5219 percurris.

1068 5237 1181 5292 CAPUT
1194 5238 1248 5292 xv.
1263 5266 1297 5277 -
1312 5239 1349 5291 De
1364 5235 1482 5291 secundo
1499 5235 1698 5304 conjunctiora.

993 5324 1121 5379 Secunda
1133 5328 1229 5380 autem
1244 5325 1407 5397 conjugatio
1419 5329 1462 5380 est
1475 5323 1577 5396 quaein
1588 5321 1713 5376 secunda
1726 5319 1808 5374 simi-

957 5395 1025 5451 liter
1039 5413 1160 5467 persona
1186 5397 1336 5467 quaeritur,
1362 5397 1464 5451 etexit
1489 5410 1540 5467 per
1563 5411 1603 5459 es,
1618 5397 1703 5447 teneo
1718 5395 1808 5456 tenos,

958 5467 1073 5538 prabco
1087 5468 1209 5538 praebes,
1230 5485 1334 5522 moneo
1357 5484 1468 5532 mones,
1491 5467 1573 5521 doleo
1598 5464 1685 5526 doles,
1711 5467 1811 5532 tergeo

958 5543 1062 5608 terges,
1080 5555 1162 5594 arceo
1177 5554 1265 5605 arces,
1282 5554 1352 5612 egeo
1380 5555 1456 5609 eges,
1472 5542 1566 5592 terreo
1579 5539 1682 5604 terres,
1698 5533 1812 5588 mulceo

958 5610 1076 5677 mulces,
1092 5609 1198 5682 impleo
1208 5611 1321 5682 imples,
1337 5611 1467 5681 compleo
1489 5607 1627 5678 comples,
1652 5605 1750 5675 repleo
1766 5619 1813 5657 re·

958 5682 1031 5753 ples,
1047 5683 1166 5753 suppleo
1181 5685 1307 5755 supptes,
1316 5682 1435 5737 mordeo
1445 5679 1571 5748 mordes,
1585 5677 1715 5750 spondeo
1730 5688 1812 5746 spon·

960 5753 1020 5821 des,
1033 5755 1061 5807 et
1083 5753 1161 5808 talia.
1188 5755 1221 5809 111
1247 5751 1378 5824 adjicitur
1396 5751 1528 5822 rlitteru,
1556 5753 1586 5805 et
1611 5743 1814 5818 fiuutpasslvn
