3884 6112
133 208 181 261 aar
732 192 1276 254 coaaasslortuus.auuusr1m
1400 210 1404 215 ·
1732 190 1735 194 ’
1850 190 1888 244 tit

128 345 205 397 rum,
221 331 255 383 nt
268 324 397 383 fluminis
416 322 543 394 impetus
561 317 719 375 laetificaret
739 316 885 373 civitatem
904 322 984 373 tuam

130 398 213 490 (Prot.
235 433 294 485 xcv,
318 413 355 485 5).
378 412 422 467 llli
446 411 524 466 enim
539 408 664 480 suspirat
682 407 781 478 sponsi
798 406 915 473 amicus,
931 407 985 460 ha·

129 507 271 577 bonejam
287 503 406 575 spiritus
425 498 569 572 primitias
585 512 672 569 penas
689 511 766 563 eum,
782 495 831 551 sed
848 496 940 550 adhuc
954 494 985 548 in

130 594 283 666 semetipso
308 591 512 665 ingemiscens,
541 586 727 658 adoptionem
751 588 915 657 exspectans
938 600 983 637 rc·

132 683 330 754 demptionem
344 677 473 749 corporis
488 675 532 731 sui
549 676 633 744 (Rom.
648 691 707 739 ιιιι,
720 674 780 743 iil:
796 672 838 728 illi
851 672 983 741 suspirat,

134 770 297 826 membrum
311 771 354 821 est
372 764 449 819 enim
470 778 596 833 sponsae,
619 765 648 816 et
662 760 705 815 illi
722 760 805 824 zelat,
822 760 930 814 amicus
943 762 986 812 cst

131 858 207 914 enim
223 854 335 926 spousi3
352 853 394 907 illi
404 852 478 906 zelat
490 849 613 905 nonsibi
642 850 728 919 (toan.
747 865 788 916 ιιι,
805 848 859 919 19),
871 847 939 920 quia
954 847 983 901 iu

131 961 199 1001 voce
221 947 428 999 cataractarum
450 944 577 1007 tuarum,
598 938 703 993 nonin
718 953 786 992 voce
809 953 860 991 sua
875 936 986 991 invocat

133 1035 252 1089 alteram
277 1031 410 1102 abyssum
434 1029 515 1100 (Psoi.
539 1044 594 1095 ιιι,
613 1030 653 1097 8),
673 1026 719 1081 cui
734 1027 829 1081 zelans
843 1025 935 1094 timet,
949 1039 985 1079 ne

135 1123 209 1177 sicut
222 1135 342 1191 serpens
357 1119 443 1173 Evam
459 1115 571 1186 decepit
587 1114 693 1170 astutia
712 1129 773 1181 sua,
789 1114 828 1168 sic
843 1117 870 1168 ct
885 1128 986 1168 eorum

135 1226 235 1266 sensus
253 1211 476 1278 corrumpantur
490 1222 507 1259 a
520 1203 659 1269 castitate,
682 1219 746 1274 quse
770 1206 814 1257 est
836 1201 866 1256 in
880 1217 985 1274 sponso

134 1304 233 1355 nostro
253 1297 341 1352 Unico
360 1300 411 1350 tuo
433 1294 468 1365 (11
485 1294 544 1350 Cor.
561 1310 591 1360 ιι,
608 1293 647 1361 3).
671 1290 741 1356 Quia
759 1294 802 1345 est
818 1290 866 1344 illa
884 1287 987 1360 speciei

133 1387 201 1442 lux?
217 1386 289 1442 Cum
306 1383 465 1439 ridebimus
489 1397 555 1436 eum
581 1379 663 1434 sicufi
685 1383 727 1433 est
742 1379 830 1447 (ioca.
847 1394 887 1443 ιιι,
903 1380 944 1446 ι),
960 1383 988 1432 et

136 1474 303 1531 transierint
323 1471 456 1543 lacrymae
478 1486 543 1542 quae
563 1468 635 1523 mibi
652 1467 735 1522 lactea
754 1470 821 1521 sunt
839 1464 922 1536 panis
941 1464 987 1520 die

137 1580 170 1619 ac
183 1568 277 1630 nocte,
301 1562 371 1616 dum
394 1560 498 1616 dicitur
519 1558 592 1614 mihi
613 1556 752 1629 quotidie,
774 1555 827 1612 Ubi
848 1559 890 1610 est
913 1556 989 1610 Deus

138 1651 225 1711 tuusl
240 1652 325 1720 (Prot.
342 1666 397 1718 ιιι,
412 1651 452 1718 4.)
696 1688 700 1697 .

461 1735 575 1791 CAPUT
599 1735 667 1791 xlv,

366 1824 433 1881 Fide
447 1828 472 1878 et
482 1838 529 1893 spe
543 1821 756 1877 corroboramur.

172 1921 216 1974 15.
232 1918 265 1972 Ut
278 1931 331 1988 ego
348 1914 427 1969 dico:
444 1913 521 1966 Deus
538 1926 631 1980 meus,
650 1909 699 1964 ubi
714 1910 762 1964 esi
777 1909 845 1963 Ecce
859 1907 910 1963 ubi
924 1911 984 1965 es¹.

138 2004 257 2076 ilespiro
271 2003 302 2058 in
317 2008 344 2057 te
361 1999 523 2072 paululum,
544 2013 610 2051 cum
631 1996 744 2052 ellundo
762 2011 848 2067 super
866 2011 913 2050 me
927 1996 989 2050 ani-

139 2109 217 2148 mam
226 2106 322 2146 meam
336 2089 367 2145 in
376 2104 444 2143 voce
460 2085 659 2142 exsultationis
673 2089 702 2139 et
714 2083 911 2151 consessionis,
927 2082 990 2138 soni

137 2179 320 2239 testivitatem
336 2175 504 2232 celebrantis
520 2175 602 2237 (Psoi.
618 2189 671 2238 ιιι,
693 2173 731 2240 5).
751 2172 785 2226 Et
800 2172 890 2226 adbuc
902 2171 990 2226 tristis

142 2272 195 2333 est,
210 2266 279 2337 quia
300 2263 440 2319 relabitur
455 2262 528 2316 etiit
551 2261 683 2333 abyssus;
707 2259 752 2313 sel
774 2259 881 2330 potius,
905 2258 991 2314 sentit

141 2354 235 2409 adhuc
252 2368 281 2406 se
299 2365 360 2405 esse
379 2349 521 2420 abyssum.
544 2346 618 2401 Dicit
637 2346 663 2400 ei
675 2345 746 2400 fides
761 2361 825 2400 mea
842 2362 928 2417 quam
944 2361 990 2400 ac·

140 2440 260 2498 cendisti
280 2438 311 2494 in
330 2443 411 2493 nocte
426 2440 491 2490 ante
513 2435 600 2506 pedes
624 2450 721 2488 meos:
742 2435 831 2501 Quare
849 2437 937 2490 tristis
951 2450 989 2505 cs,

142 2532 236 2585 enimc
258 2542 327 2594 mec,
338 2530 363 2581 et
382 2539 466 2595 quare
485 2523 628 2579 conturbos
652 2525 714 2577 me?
738 2524 824 2592 Spera
835 2525 864 2577 in
878 2526 990 2579 Domino

142 2618 228 2689 (Psoi.
245 2631 310 2682 ιιιι,
335 2618 361 2680 5,
378 2615 422 2682 6),
440 2613 557 2667 lucerna
576 2610 697 2682 pedibus
719 2610 775 2665 tuis
795 2611 914 2666 verbum
930 2613 991 2682 ejus

142 2706 225 2779 (Psat.
241 2719 333 2771 cxvru,
351 2705 422 2773 105).
438 2701 525 2772 Spera
540 2705 569 2754 et
582 2713 743 2769 persevera,
759 2698 849 2754 donec
866 2705 992 2756 transeat

142 2810 199 2849 nox
219 2796 311 2847 mater
334 2790 511 2862 iniquorum,
535 2787 627 2842 donec
647 2791 774 2841 trauseat
796 2787 839 2842 ira
865 2788 989 2855 Domini,

142 2882 223 2953 cujus
236 2878 288 2935 filfi
303 2882 331 2933 et
347 2894 400 2933 nos
414 2876 521 2932 luimus
541 2874 694 2946 aliquando
714 2875 850 2943 tenebrae,
868 2892 990 2948 quarum

142 2967 256 3024 residua
267 2964 407 3020 trahimus
417 2965 448 3019 in
461 2979 580 3033 corporo
590 2966 708 3033 propter
717 2968 865 3033 peccatum
876 2968 991 3019 mortuo

145 3059 230 3121 (Rom.
252 3071 311 3119 rur,
334 3054 387 3121 10),
407 3052 497 3107 donec
518 3051 625 3122 aspiret
647 3048 719 3120 dies,
741 3055 769 3105 et
790 3056 992 3107 removeantur

142 3144 254 3199 umbrae
269 3141 357 3212 (Cant.
374 3158 404 3207 ιι,
429 3141 481 3208 li).
497 3139 585 3211 Spera
598 3138 630 3193 in
654 3138 794 3194 Domino:
814 3155 898 3194 mane
918 3146 991 3195 asta-

142 3231 214 3298 bo¹,
233 3234 261 3285 et
280 3226 513 3298 contemplabor,
533 3241 646 3296 semper
664 3226 819 3282 confitebor
839 3228 891 3283 illi.
912 3229 992 3285 Mane

143 3319 250 3384 astabo,
263 3316 405 3372 stridebo
417 3316 500 3386 (Psoi.
512 3330 539 3383 v,
554 3315 580 3386 5)
595 3316 716 3369 salutare
731 3315 826 3370 vultus
836 3317 894 3370 mei
908 3319 990 3387 (Psct.

144 3424 209 3477 ιιι,
225 3406 263 3477 5),
281 3405 371 3459 Deum
393 3419 490 3458 meum
507 3402 557 3474 qui
570 3401 725 3457 vivificabit
739 3408 769 3457 et
785 3404 917 3460 mortalia
930 3422 992 3460 cor·

144 3511 215 3568 pora
237 3498 344 3562 nostra,
371 3496 489 3564 propter
513 3491 652 3563 Spiritum
674 3491 724 3563 qui
744 3491 852 3548 habitat
867 3493 897 3547 in
911 3495 993 3549 nobis

146 3585 231 3657 (acm.
247 3600 305 3646 vm,
324 3585 387 3652 11);
402 3581 470 3653 quia
485 3596 571 3651 super
584 3579 706 3635 interius
721 3585 851 3636 nostrum
863 3582 995 3637 tenebro-

145 3688 209 3727 sum
224 3676 253 3727 et
270 3670 392 3726 liuidum
410 3669 632 3724 misericorditer
651 3668 893 3740 superferebatur.
914 3669 993 3725 Unde

144 3760 237 3815 iubae
247 3757 480 3828 peregrinatione
496 3758 599 3828 pignus
609 3758 770 3828 accepimus
781 3759 820 3828 (ll
830 3759 889 3816 Gor.
906 3777 926 3827 1,
936 3762 992 3825 22),

145 3853 177 3900 nt
188 3847 249 3916 jam
264 3845 354 3899 simus
367 3845 417 3898 lux
436 3845 543 3913 (pres.
565 3861 592 3913 v,
612 3847 650 3912 8),
669 3844 738 3900 dum
753 3847 844 3902 adbuc
859 3863 909 3918 spe
924 3847 993 3903 salvi

145 3933 212 3988 iacti
228 3947 327 3986 sumus
348 3930 434 4000 (Rom.
449 3947 507 3997 viu,
523 3932 580 4001 ιι),
595 3936 624 3986 et
639 3932 691 3986 filii
710 3933 791 4000 lucis,
814 3938 842 3988 et
857 3935 910 3990 filii
925 3935 992 4003 diei,

146 4035 205 4076 non
219 4019 271 4074 filii
285 4017 375 4072 noctis
389 4032 484 4088 usque
496 4019 677 4073 tenebrarum
690 4019 712 4091 (l
724 4023 814 4077 Thess.
826 4040 852 4091 v,
864 4026 900 4092 5),
916 4023 993 4094 quod

145 4115 243 4164 tamen
258 4107 379 4163 fuimus.
394 4107 473 4162 Inter
484 4122 556 4178 quos
568 4111 596 4161 et
607 4122 659 4161 nos
669 4107 700 4163 in
714 4108 767 4164 isto
782 4111 875 4166 adhuc
886 4111 994 4167 incerto

146 4197 281 4252 humanae
301 4195 420 4263 notitiae,
444 4199 476 4249 tu
491 4196 567 4249 solus
587 4194 700 4263 dividis,
714 4197 764 4269 qui
783 4199 886 4270 probas
910 4201 995 4256 corda

147 4290 254 4353 nostra,
284 4290 312 4340 et
336 4300 419 4339 vocas
441 4285 535 4339 lucem
560 4283 647 4354 diem,
675 4291 703 4341 et
726 4288 858 4343 tenebras
881 4294 995 4345 noctem

148 4376 225 4441 (Gerr.
240 4394 259 4443 ι,
274 4375 310 4446 5).
327 4373 396 4439 Quis
410 4371 488 4428 enim
503 4389 554 4427 uos
567 4372 711 4445 discernit,
725 4375 781 4430 nisi
795 4376 846 4432 tu?
860 4377 929 4450 quid
944 4395 994 4433 aa·

147 4469 206 4518 tem
220 4465 359 4520 habemus
380 4463 458 4535 quod
472 4478 530 4517 non
542 4462 702 4534 accepimus
716 4481 733 4519 a
746 4469 774 4521 te
792 4466 814 4536 (l
829 4468 887 4525 Cor.
905 4484 941 4534 ιν,
953 4467 993 4536 7),

148 4566 181 4606 ex
195 4552 295 4607 eadem
311 4567 402 4607 massa
411 4566 478 4606 vasa
487 4550 518 4605 in
532 4549 680 4617 honorem,
698 4569 730 4608 ex
745 4569 802 4625 qua
816 4558 883 4610 sunt
896 4559 926 4610 et
939 4554 995 4610 alia

148 4637 222 4693 tacta
236 4638 266 4693 in
280 4638 503 4694 contumeliam?
519 4638 606 4708 (Rom.
623 4655 660 4706 ιι,
675 4642 730 4709 tl.)

478 4746 591 4801 CAPUT
609 4747 663 4800 XV.

149 4830 210 4887 Fiat
221 4830 445 4899 firmamentum,
457 4836 506 4886 etc.
517 4872 525 4898 ,
537 4832 602 4889 dere.
621 4836 647 4901 1,
660 4834 687 4888 d.
702 4832 773 4900 Quid
785 4835 993 4904 lineamentum,

400 4919 469 4987 quid
487 4923 636 4990 mperimes
654 4935 740 4990 certa.

186 5009 228 5064 to.
244 5007 302 5061 Αιι
315 5003 388 5076 quis,
405 5005 516 5075 uisite,
534 5009 607 5064 Usus
622 5013 729 5073 noster,
744 5007 835 5064 iecisti
848 5009 930 5066 nobis
943 5014 995 5080 ytr-

148 5098 312 5151 mamertum
328 5094 502 5149 auctoritatis
521 5112 607 5167 super
621 5113 674 5152 nos
687 5096 717 5151 iu
732 5096 877 5170 Scriptura
891 5103 939 5154 tua
951 5100 994 5154 di-

149 5185 234 5240 vina?
253 5181 362 5239 Goelum
382 5181 459 5235 enim
477 5182 629 5253 plicabitur
642 5189 675 5239 ut
691 5184 764 5241 liber
777 5184 852 5258 (lsai.
866 5203 939 5255 xxiv,
955 5188 992 5259 l).

180 5312 189 5346 ¹
202 5308 223 5359 Α
242 5307 278 5357 ud
290 5308 352 5357 ιον.
365 5305 496 5355 omittitur
505 5319 563 5358 ecee
573 5308 618 5358 abi
634 5322 669 5358 er.

170 5373 191 5417 .¹
202 5323 271 5421 Egiti
286 5383 347 5421 cunr
360 5367 498 5418 nonnullis
522 5369 592 5431 lisa,
608 5383 686 5422 mam
699 5372 788 5424 astelw
801 5371 860 5425 troi.
877 5373 910 5423 At
924 5373 996 5423 abest

152 5432 197 5483 titt
213 5433 359 5484 verioribus
374 5430 517 5483 codicibus.

1039 320 1069 372 et
1082 331 1159 372 nunc
1172 314 1245 370 sicut
1254 313 1337 388 pellis
1346 314 1508 370 extenditur
1517 326 1613 384 snper
1624 324 1683 367 noa
1692 309 1784 379 (Paci.
1799 324 1852 375 ιι,
1861 310 1891 379 ι)

1040 403 1218 461 sublimioris
1230 403 1309 458 enim
1320 401 1497 459 auctoritatis
1506 405 1552 457 est
1566 406 1622 457 tua
1635 398 1738 456 divina
1750 396 1890 470 Scriptura,

1039 510 1105 549 cum
1113 494 1174 566 jam
1184 492 1318 548 obierunt
1327 492 1412 547 istam
1420 489 1596 546 mortemilli
1605 488 1765 554 mortales,
1776 502 1831 559 per
1839 503 1892 559 que

1040 598 1104 637 eam
1127 580 1296 653 dispensasti
1321 580 1412 636 nobis.
1436 582 1470 635 lit
1490 582 1523 635 tu
1541 578 1611 646 scis,
1637 577 1781 644 Domine,
1806 579 1841 630 tu
1855 578 1893 631 scs

1041 669 1283 743 quemadmodum
1298 669 1420 741 pellibus
1433 667 1563 723 indueris
1583 664 1740 732 homines,
1762 680 1831 718 cnm
1843 679 1893 734 pec-

1040 763 1102 814 cato
1117 758 1250 812 mortales
1263 757 1366 812 fierent
1381 757 1456 829 (dere.
1474 772 1514 824 ιιι,
1531 756 1589 825 il).
1606 754 1695 810 Unde
1712 753 1793 808 sicut
1808 753 1893 824 pellea

1040 846 1192 902 extendisti
1209 846 1424 901 firmamentum
1441 844 1519 900 Libri
1540 845 1596 911 tui,
1619 841 1790 897 concordes
1811 841 1894 912 utiquc

1041 951 1186 991 sermones
1199 940 1272 1000 tuos,
1291 949 1363 1006 quos
1377 950 1428 1006 per
1447 932 1622 989 mortalium
1642 930 1850 987 ministerium
1861 947 1895 985 su

1040 1022 1216 1096 perposuisti
1230 1022 1323 1079 nobis.
1337 1024 1466 1094 Namque
1480 1022 1544 1094 ipsa
1555 1035 1666 1077 eorum
1682 1023 1797 1085 morte,
1812 1020 1896 1077 solida

1041 1116 1172 1167 mentum
1193 1111 1369 1166 auctoritatis
1391 1110 1422 1165 in
1442 1109 1563 1182 eloquiis
1588 1108 1652 1164 tuis
1670 1123 1731 1178 per
1756 1121 1809 1161 eos
1828 1106 1896 1163 editis

1041 1201 1202 1256 sublimiter
1216 1199 1381 1256 extenditur
1395 1215 1481 1271 super
1500 1197 1603 1254 omnia
1618 1213 1691 1270 quaa
1709 1195 1816 1251 subter
1827 1201 1895 1253 sunt:

1042 1289 1119 1361 quod
1136 1304 1201 1344 cum
1215 1288 1261 1343 hic
1279 1288 1417 1355 viverent,
1433 1304 1492 1343 non
1511 1287 1551 1342 ita
1569 1285 1752 1342 sublimiter
1766 1288 1897 1341 extentus

1043 1382 1113 1434 erat.
1123 1377 1256 1432 Nondum
1267 1376 1452 1449 sicutpellem
1462 1377 1566 1432 coelum
1578 1375 1775 1441 extenderas,
1786 1374 1897 1431 nondun

1043 1467 1144 1522 mortis
1158 1480 1257 1520 eorum
1271 1465 1377 1520 lamam
1393 1480 1603 1537 usquequaque
1615 1464 1811 1519 dilataveras.

1080 1559 1122 1609 11.
1156 1554 1317 1620 Videamus,
1347 1554 1474 1620 Domine,
1499 1554 1587 1608 coelos
1617 1568 1718 1624 opera
1752 1551 1896 1625 digitorum

1044 1647 1174 1709 tuorum;
1197 1641 1342 1697 disserena
1363 1642 1452 1698 oculis
1476 1642 1584 1697 nostris
1608 1640 1757 1697 nubilum
1773 1657 1831 1713 quo
1844 1640 1896 1696 sub

1044 1730 1137 1785 texisti
1147 1746 1205 1784 eos.
1217 1729 1260 1784 lbi
1270 1733 1313 1785 est
1321 1725 1519 1785 testimonium
1531 1734 1632 1795 tuum,
1649 1729 1898 1803 sapientiamque

1044 1824 1121 1874 stans
1144 1819 1270 1890 parvulis
1293 1818 1377 1890 (Psoi.
1402 1835 1479 1887 ιιι,
1497 1819 1536 1890 8).
1561 1819 1693 1886 Perfice,
1721 1820 1803 1874 Deus
1823 1833 1895 1881 meus,

1044 1908 1158 1963 laudem
1177 1912 1258 1963 tuam
1277 1923 1312 1963 ex
1328 1923 1376 1962 ore
1394 1907 1550 1963 infantium
1564 1911 1596 1963 et
1606 1906 1801 1962 lactentium.
1816 1906 1896 1978 licque

1045 1997 1121 2052 enim
1135 1996 1267 2051 novimus
1279 1996 1348 2051 alios
1362 1996 1449 2052 libros
1465 1996 1505 2052 ita
1525 1996 1721 2053 destruentes
1737 1994 1895 2068 superbiam,

1045 2086 1085 2140 ita
1099 2084 1276 2141 destruentes
1290 2084 1438 2141 inimicum
1456 2089 1485 2141 et
1498 2085 1692 2156 defensorem
1709 2087 1800 2156 (Psoi.
1815 2100 1865 2147 ιιι,
1874 2086 1895 2152 l,

1046 2174 1083 2242 3),
1097 2174 1276 2229 resistentem
1295 2174 1521 2229 reconciliationi
1543 2178 1605 2229 tuae
1630 2172 1824 2231 defendendo
1842 2187 1894 2243 prr·

1045 2268 1108 2319 cata
1121 2279 1182 2318 sua.
1199 2263 1263 2318 Non
1278 2263 1353 2329 novi,
1375 2262 1505 2332 Domine,
1525 2278 1587 2317 non
1602 2262 1678 2317 nori
1692 2263 1823 2317 allatam
1836 2265 1894 2314 rasta

1046 2351 1170 2423 eloquia,
1183 2367 1248 2423 quse
1267 2350 1306 2406 sic
1320 2351 1391 2406 mihi
1409 2334 1620 2422 persuaderent
1635 2351 1894 2414 contessionemet

1045 2440 1168 2495 lenirent
1181 2440 1319 2495 cervicem
1331 2455 1424 2494 meam
1432 2439 1503 2510 jugo
1516 2445 1580 2500 tuo.
1598 2443 1628 2494 et
1638 2437 1806 2494 invitarent
1818 2438 1891 2492 colere

1046 2535 1073 2584 te
1088 2528 1185 2599 gratis.
1198 2528 1361 2600 lntelligam
1377 2543 1420 2596 ea,
1429 2530 1513 2583 Pater
1527 2528 1621 2594 bone,-
1634 2526 1676 2583 da
1686 2527 1766 2582 mibi
1777 2523 1892 2583 hermi
1933 2574 1935 2603 ἶ

1046 2618 1193 2688 terposito,
1206 2615 1274 2688 quia
1288 2616 1484 2687 subterpositis
1499 2615 1634 2671 solidasti
1649 2631 1699 2672 ea
1933 2668 1935 2679 ,

1083 2709 1125 2763 18.
1143 2706 1214 2762 Sunt
1233 2705 1295 2761 aliae
1308 2721 1387 2776 aquae
1400 2720 1481 2776 super
1499 2704 1554 2759 hoc
1565 2704 1797 2774 firmamentum,
1816 2704 1891 2771 creda
1932 2740 1935 2789 ἰ

1046 2794 1232 2861 immortales,
1246 2798 1305 2848 eta
1323 2798 1436 2849 terrena
1459 2793 1649 2864 corruptione
1679 2798 1813 2848 secretae.
1836 2792 1892 2848 hu·
1933 2808 1935 2839 ι

1047 2881 1115 2936 dent
1135 2897 1241 2936 nomen
1265 2885 1358 2949 tuum,
1376 2881 1494 2936 laudent
1516 2886 1544 2935 te
1559 2882 1792 2952 snperooelestes
1813 2880 1894 2952 populi

1047 2970 1221 3042 Angelorum
1235 2975 1362 3038 tuorum,
1377 2971 1499 3043 quinon
1514 2985 1590 3041 opus
1607 2969 1729 3026 hahent
1744 2961 1893 3043 suspicare*

1047 3060 1261 3114 firmamentum
1290 3059 1353 3126 hoc,
1380 3066 1408 3113 et
1436 3057 1558 3130 legendo
1580 3074 1769 3130 cognoscere
1794 3058 1894 3114 ιιι-ιιι

1048 3153 1140 3202 tuum.
1153 3146 1340 3203 Videntcuim
1353 3147 1453 3202 faciem
1469 3151 1549 3201 tuam
1562 3162 1688 3218 semper
1704 3148 1821 3219 (aaut.
1831 3163 1893 3212 ιιι,

1052 3239 1103 3305 11)),
1117 3240 1146 3290 et
1159 3235 1201 3291 ibi
1220 3237 1319 3307 legunt
1338 3236 1398 3291 sina
1419 3236 1534 3308 syllabis
1556 3239 1746 3308 temporum,
1762 3236 1894 3311 quidrelit

1048 3328 1155 3379 aterna
1167 3324 1298 3380 voluntas
1309 3328 1367 3380 ιιι.
1380 3326 1498 3396 Legunt,
1510 3323 1627 3395 eligunt
1636 3328 1670 3381 et
1682 3324 1827 3397 diligunt;
1836 3340 1894 3380 sear·

1047 3428 1100 3482 per
1113 3412 1221 3484 legunt,
1242 3417 1270 3467 st
1293 3428 1443 3484 nunquam
1462 3412 1593 3482 praeterit
1617 3413 1702 3484 quod
1727 3415 1838 3486 legunt.
1854 3412 1894 3469 lili·

1048 3498 1141 3571 gendo
1157 3499 1275 3554 enimet
1294 3500 1440 3571 diligendo
1453 3500 1554 3572 legunt
1568 3499 1667 3572 ipsam
1684 3500 1894 3558 incommutabi-

1048 3587 1158 3642 litatem
1177 3587 1287 3642 consilii
1305 3588 1357 3642 ιιι.
1379 3588 1440 3643 Νοι
1458 3586 1602 3643 clauditur
1614 3590 1713 3645 codex
1728 3606 1842 3659 eorum,
1855 3604 1895 3646 nee

1048 3675 1170 3747 plicatur
1185 3674 1257 3730 liber
1270 3691 1386 3743 eorum;
1400 3674 1467 3747 quia
1477 3679 1507 3730 tu
1523 3674 1584 3746 ipse
1600 3676 1661 3732 illis
1671 3678 1730 3734 hoc
1741 3695 1783 3746 es,
1800 3678 1893 3735 etesia

1049 3767 1189 3819 aeternum
1201 3779 1208 3819 ε
1221 3764 1383 3835 quiasuper
1393 3764 1446 3819 hoc
1457 3764 1679 3822 firmamentum
1693 3767 1838 3823 ordinasti
1848 3783 1894 3833 eos,

1050 3853 1124 3924 quod
1136 3850 1149 3886 ²
1162 3851 1283 3907 firmasti
1297 3869 1384 3923 super
1401 3852 1600 3908 infirmitatem
1616 3852 1801 3912 inferiorum
1818 3871 1894 3929 pope

1049 3942 1154 4008 lorum,
1167 3940 1217 3995 ubi
1227 3941 1402 4013 suspicerent
1411 3946 1439 3996 et
1450 3947 1657 4013 cognoscerent
1675 3944 1895 4000 misericordiam

1048 4037 1137 4096 tuam,
1157 4029 1354 4101 temporaliter
1372 4030 1567 4086 enuntiantem
1588 4035 1627 4097 te,
1647 4033 1703 4103 qui
1722 4032 1821 4088 iecisti
1837 4038 1896 4088 tera·

1049 4134 1128 4192 pora.
1145 4123 1177 4177 ln
1192 4119 1262 4174 coelo
1277 4119 1364 4187 enim,
1381 4119 1511 4186 Domine,
1526 4118 1731 4177 misericordia
1747 4126 1811 4192 tna,
1826 4126 1896 4177 atre

1049 4211 1118 4265 ritas
1132 4216 1181 4266 ιιι
1193 4225 1284 4283 usque
1299 4209 1336 4263 ad
1358 4207 1449 4263 nubes
1470 4208 1556 4277 (Psoi.
1579 4224 1662 4275 xxxv,
1687 4212 1729 4282 6).
1748 4212 1898 4267 transeunt

1049 4300 1149 4367 nubes,
1165 4300 1269 4354 coelum
1289 4301 1385 4352 autem
1399 4301 1505 4353 manet.
1520 4298 1685 4354 Transeunt
1703 4300 1898 4371 predicatores

1050 4387 1129 4444 vorbi
1145 4387 1187 4443 tui
1201 4403 1233 4441 er
1249 4387 1302 4441 hac
1317 4385 1376 4441 rita
1394 4385 1424 4441 in
1438 4386 1524 4441 afiam
1541 4386 1649 4454 ritam3
1667 4387 1825 4460 Scriptura
1841 4402 1898 4442 xero

1050 4482 1098 4533 tua
1109 4493 1198 4548 usque
1213 4475 1243 4530 in
1257 4474 1347 4531 finem
1361 4474 1456 4530 saeculi
1470 4490 1557 4546 super
1573 4476 1703 4546 populos
1723 4476 1894 4534 extenditur.

1049 4566 1145 4622 Sedet
1159 4565 1262 4620 coelum
1285 4567 1314 4619 et
1335 4567 1412 4619 terra
1431 4562 1612 4631 transibunt;
1635 4579 1794 4622 sermones
1812 4570 1899 4622 auten

1050 4655 1093 4710 tui
1111 4671 1170 4710 non
1189 4653 1353 4709 transibunt
1383 4654 1490 4724 (Morta.
1517 4668 1591 4722 xxxa,
1619 4654 1686 4723 35):
1712 4654 1900 4727 quoniamst

1049 4743 1132 4816 pellis
1157 4743 1319 4816 plicabitur,
1343 4744 1372 4797 et
1394 4742 1492 4798 lenum
1517 4757 1604 4813 super
1624 4742 1707 4812 quod
1728 4744 1898 4801 extendsbr·

1050 4838 1107 4899 tur,
1118 4848 1184 4887 cram
1192 4830 1319 4886 claritate
1334 4846 1385 4885 sua
1397 4829 1555 4901 praeteriet,
1570 4830 1695 4885 verbum
1708 4836 1814 4888 antem
1825 4842 1898 4889 ιοιι

1051 4924 1146 4975 manet
1163 4918 1194 4974 in
1214 4924 1354 4974 aeternum
1370 4918 1452 4991 (laci.
1469 4934 1515 4987 ιι,
1536 4920 1576 4988 6);
1597 4918 1679 4989 quod
1692 4935 1774 4976 nunc
1789 4921 1820 4977 in
1833 4919 1898 4977 arai-

1050 5013 1147 5081 gmate
1161 5007 1283 5063 nubium
1306 5011 1336 5063 et
1347 5024 1398 5078 per
1408 5007 1555 5080 speculum
1568 5005 1634 5062 coeli
1649 5007 1672 5077 (1
1692 5008 1757 5067 cor.
1772 5026 1835 5078 xus,
1851 5008 1896 5077 lt),

1050 5115 1109 5154 uon
1128 5096 1211 5152 sicuti
1233 5100 1274 5151 est
1299 5101 1418 5168 apparet
1433 5095 1535 5163 nobis,
1552 5094 1622 5168 quia
1642 5100 1673 5151 et
1698 5113 1754 5153 nos
1777 5096 1898 5172 quaan

1082 5189 1088 5223 ¹
1106 5188 1167 5237 ιον.
1181 5184 1440 5248 eumantiquioribus
1450 5183 1897 5252 aditionibus,atesciperc,·etpsclo

1049 5248 1321 5360 qiostsusciperentet
1333 5259 1364 5298 co
1381 5248 1745 5321 noscereatmisertcordtcm
1759 5246 1896 5300 reomau

1060 5308 1668 5433 augurataucturetatis
1676 5312 1895 5425 ‘tillim‘

1050 5434 1117 5486 terre
1131 5386 1276 5498 ιιιιῖιιιῖ,
1292 5408 1658 5498 maximicomlagaturin'
1687 5436 1715 5485 d.
1728 5412 1789 5488 aliis
1802 5438 1829 5487 et
1863 5446 1892 5483 sc
