3884 6112
82 277 115 328 ss
755 284 941 344 censano
961 288 1170 345 cananeus.
1780 36 1929 379 ,λ

79 397 242 454 diutissime
256 399 406 456 remunera
419 408 530 474 pergat.
547 405 665 460 Interim
677 409 727 462 tua
740 407 867 464 bonitale
882 408 992 476 contisi,
1009 410 1106 484 Regiae
1120 412 1217 467 tutelae
1230 411 1405 485 praesidium,
1421 414 1499 485 quod
1509 415 1570 487 jaru
1582 415 1648 471 inde
1661 416 1696 472 ab
1706 416 1789 473 initio
1802 434 1844 475 re-
1905 386 1932 459 ¹⁸*

77 486 128 557 gni
143 487 186 543 tui
202 489 286 544 toties
302 490 410 562 experti
425 507 534 560 sumus,
549 492 740 566 inposterum
757 496 844 552 etiam
860 497 943 553 nobis
958 498 1087 571 impendi
1104 500 1207 556 obnixe
1222 502 1411 572 postulamus,
1428 503 1486 559 Rex
1508 504 1745 575 clementissime,
1761 506 1844 579 quid·

77 575 149 646 quid
163 576 290 647 perinde
303 577 503 652 habuerimus,
516 580 656 655 quidquid
669 583 726 657 ipsi
740 585 891 657 fuerimus,
905 591 988 643 tuum
1003 587 1033 643 id
1049 606 1134 646 omne
1148 590 1318 662 reputaturi.

423 685 517 743 Sacrae
531 688 668 758 btejestati
687 695 744 746 tuae

1241 785 1420 842 Devotissinri
1436 805 1468 843 ae
1482 788 1640 844 fidelissimi

1300 874 1418 930 clientes
1437 880 1465 930 et
1480 876 1595 944 subditi,

146 949 265 1012 Parisiis,
280 964 294 1001 a
308 951 469 1002 blonastcrio
484 952 509 1004 S.
526 954 649 1006 Germani
663 957 781 1016 wratis,

253 1031 304 1081 cal.
316 1032 444 1096 januarii,
460 1047 504 1083 an.
520 1036 588 1086 1679.

1062 1118 1222 1174 blONAClll
1245 1120 1462 1176 BENEDlCTlNl
1484 1121 1610 1178 conell.
1633 1126 1660 1179 S.
1681 1126 1803 1182 natur.

823 1433 859 1484 IN
882 1434 1099 1487 boulssmnal

424 1589 1047 1723 S.'AUGUST1N1
1098 1599 1491 1730 OPERUM

770 1816 1148 1893 Enr'rroNnM

580 2004 914 2092 PRAEFATIO
963 2007 1340 2094 GENERALIS.

111 2386 181 2441 Cum
196 2385 325 2457 primum
340 2382 573 2455 congregationis
588 2387 693 2438 nostroe
708 2383 858 2455 Praepositi
869 2384 972 2440 tratres
986 2388 1098 2438 nostros
1113 2383 1149 2439 ad
1162 2384 1255 2440 studia
1268 2385 1429 2442 litterarum
1444 2389 1589 2461 applicare
1601 2403 1786 2467 censuerunt,
1804 2416 1838 2454 ea

77 2473 260 2545 potissimum
275 2472 369 2529 abeis
390 2472 498 2527 delecta
520 2476 587 2527 sunt
602 2471 705 2541 studia,
729 2488 793 2544 quae
808 2473 873 2545 plns
886 2470 1017 2527 utilitatis
1033 2488 1093 2543 prae
1112 2488 1141 2527 se
1159 2473 1276 2544 terrent,
1292 2491 1378 2547 quam
1402 2479 1618 2550 ostentationis;
1640 2488 1668 2537 et
1682 2500 1747 2556 quae
1763 2486 1830 2541 reli·

75 2562 162 2634 giosae
177 2560 326 2618 solitudini
341 2564 369 2616 ct
382 2559 592 2616 conversationi
606 2560 699 2633 magis
712 2560 906 2616 convenirent.
923 2560 957 2615 In
970 2576 1004 2614 eo
1020 2577 1124 2633 genere
1140 2561 1209 2616 nihil
1224 2563 1320 2633 aptius
1335 2568 1384 2619 aut
1403 2569 1593 2638 opportunius
1613 2570 1654 2625 eis
1667 2572 1761 2629 visum
1777 2580 1831 2643 ost,

76 2667 162 2723 quam
176 2649 338 2722 recognitio
353 2655 381 2705 et
395 2647 481 2705 editio
498 2665 570 2704 nova
584 2655 746 2705 sanctorum
760 2651 887 2718 Patrem,
903 2664 969 2704 cnm
982 2649 1158 2717 Latinorum,
1173 2653 1235 2706 tum
1250 2654 1413 2708 Graecorum
1431 2671 1437 2708 :
1453 2661 1607 2728 propterea
1622 2662 1699 2731 quod
1712 2666 1740 2716 et
1754 2679 1833 2720 exer-

75 2739 171 2796 citatio
186 2739 250 2811 ipsa
264 2755 316 2811 per
330 2755 392 2794 sese
406 2738 528 2795 maxime
543 2739 715 2796 conduceret
729 2740 764 2796 ad
779 2737 934 2795 lectitanda
947 2742 976 2792 et
996 2737 1160 2794 meditanda
1172 2754 1272 2794 eorum
1292 2740 1407 2812 scripta,
1422 2741 1453 2797 in
1468 2743 1572 2815 quibus
1586 2763 1652 2802 vera
1678 2753 1707 2804 et
1721 2749 1832 2808 sincera

75 2827 207 2884 Ecclesia
222 2827 351 2885 doctrina
366 2845 397 2883 ac
411 2827 502 2899 pietas
517 2827 662 2898 consistit3
677 2831 705 2883 et
723 2844 780 2883 non
793 2843 883 2899 pauca
898 2827 982 2885 nobis
996 2829 1163 2900 edjarmonta
1175 2833 1360 2901 suppeterent
1374 2831 1407 2885 ad
1423 2831 1452 2885 id
1466 2834 1562 2902 operis
1577 2837 1790 2909 suscipiendum
1803 2847 1833 2898 et

75 2915 303 2988 exsequendum.
318 2918 411 2987 Atque
427 2919 460 2970 ut
473 2914 645 2987 quibusdam
658 2915 747 2972 veluti
758 2915 894 2988 gradibus
904 2915 939 2971 ad
953 2915 1029 2972 hunc
1043 2917 1181 2987 laborem,
1197 2917 1287 2988 magis
1299 2917 1422 2972 arduum
1437 2924 1512 2974 certe
1527 2938 1559 2975 ac
1574 2923 1731 2994 difficilem,
1744 2944 1832 2999 quam

74 3004 267 3076 splendidum,
283 3003 383 3059 iratres
397 3003 487 3059 nostrl
499 3003 597 3059 idonei
611 3009 640 3060 ct
650 3003 743 3076 parati
756 3004 863 3059 sensim
878 3002 1075 3072 redderentur,
1091 3004 1289 3077 aquibusdam
1303 3006 1389 3061 veluti
1403 3007 1573 3065 rudimentis
1585 3011 1700 3069 initium
1714 3015 1833 3074 ductum

75 3099 127 3159 est,
144 3093 254 3149 scilicet
271 3094 307 3149 ab
322 3092 448 3149 editione
468 3094 639 3149 selectorum
654 3093 862 3167 Opusculorum
877 3097 1040 3149 sanctorum
1055 3095 1188 3162 Potrum3
1204 3093 1271 3150 dein
1283 3094 1319 3150 ab
1334 3094 1452 3168 integris
1468 3097 1580 3169 scriptis
1593 3100 1727 3171 aliorum,
1742 3104 1834 3163 donec

74 3181 192 3238 tandem
206 3182 244 3237 ad
258 3198 345 3256 opera
358 3181 528 3238 sanctissimi
540 3182 663 3238 doctoris
678 3181 829 3255 Augustini
842 3187 959 3239 ventum
973 3188 1015 3237 est
1031 3200 1038 3238 :
1053 3183 1157 3256 quibus
1172 3185 1358 3241 emendandis
1373 3190 1401 3241 et
1414 3191 1650 3259 recognoscendis
1665 3201 1697 3248 ut
1711 3210 1830 3267 oporam

75 3271 320 3344 impenderemus,
335 3271 420 3327 multi
434 3272 564 3327 Ecclesia
578 3272 764 3328 illustrissimi
777 3273 923 3345 presules,
940 3287 1050 3328 necnon
1064 3272 1149 3328 ctiam
1160 3277 1234 3345 toga.
1249 3273 1393 3345 principes
1405 3275 1459 3330 riri
1471 3281 1600 3334 auctores
1611 3280 1693 3337 nobis
1707 3287 1736 3338 et
1750 3284 1830 3340 insti-

74 3367 188 3431 gatores
200 3360 291 3416 luere.
308 3362 328 3417 E
342 3361 443 3433 primis
456 3361 511 3417 luit
523 3361 731 3417 illustrissimus
745 3361 909 3418 Franciscus
924 3362 1050 3417 llarlecus
1063 3361 1237 3419 Parisiorum
1251 3380 1343 3436 nuper
1357 3365 1554 3436 archipresul,
1571 3369 1621 3441 qui
1636 3370 1721 3442 hujus
1735 3374 1829 3445 operis

73 3455 231 3520 patronum
246 3455 274 3505 et
296 3450 440 3507 fautorem
463 3466 575 3522 semper
589 3467 619 3506 se
634 3451 787 3523 prestitit:
805 3468 820 3506 e
839 3451 969 3506 secundis
991 3451 1159 3507 Guillelmus
1183 3453 1337 3508 Lamonius
1351 3453 1471 3509 Senatus
1495 3455 1660 3511 Parisiensis
1684 3462 1832 3531 quondam

72 3540 221 3612 princeps,
235 3539 295 3612 qui,
309 3555 362 3610 pro
375 3555 427 3595 sue
437 3538 467 3594 in
478 3539 587 3595 litteras
600 3541 798 3613 litteratosque
807 3538 1015 3606 benevolentia,
1027 3539 1262 3611 typographicam
1274 3540 1354 3594 nobis
1367 3540 1553 3596 domesticam
1565 3543 1709 3600 officinam
1725 3565 1742 3602 a
1754 3549 1833 3622 llcge

73 3629 231 3701 impetrare
244 3634 273 3685 et
286 3642 440 3700 procurare
454 3627 555 3697 voluit,
565 3632 598 3684 ut
607 3628 667 3683 bac
681 3627 767 3683 editio
781 3628 811 3683 in
825 3627 942 3700 privatis
957 3626 1065 3683 aedibus
1080 3628 1257 3683 commodius
1271 3632 1299 3682 et
1313 3627 1425 3684 lucilius
1438 3636 1647 3701 procuraretur.
1661 3634 1766 3690 Verum
1777 3636 1831 3693 hac

72 3717 248 3785 conditione,
264 3717 446 3790 quantumvis
464 3715 632 3788 inspeciem
647 3721 820 3789 opportuna,
834 3717 870 3772 ob
885 3715 976 3771 varias
991 3732 1099 3779 causas,
1115 3733 1186 3788 quas
1200 3732 1426 3772 commemorare
1444 3717 1515 3773 nihil
1527 3720 1619 3789 jurat,
1643 3721 1762 3779 minime
1780 3725 1832 3781 ad-

72 3807 172 3873 missa,
188 3804 292 3862 institit
304 3805 493 3862 nihilominus
508 3807 616 3861 Praeses
630 3804 849 3873 illustrissimus,
866 3805 993 3860 institere
1008 3809 1035 3860 et
1051 3804 1099 3859 alii
1114 3820 1201 3876 quam
1216 3806 1312 3876 plures
1325 3805 1502 3862 diversorum
1527 3808 1667 3865 ordinum
1681 3814 1829 3884 spectatis-
1884 3875 1887 3882 ,

72 3894 142 3950 simi
155 3894 222 3965 riri,
237 3900 269 3951 ut
282 3899 370 3950 tantm
385 3893 469 3950 molis
484 3910 557 3966 opus
570 3894 669 3950 subire
684 3911 720 3950 ne
735 3894 943 3966 refugeremus.

111 3983 161 4038 llis
180 3982 372 4039 incitamentis
393 3982 530 4038 commoti
550 3983 718 4055 Superiores
742 3982 843 4052 nostri,
858 3982 903 4038 vix
918 3987 1015 4038 tamen
1030 3981 1065 4037 ad
1080 3984 1193 4037 vastum
1215 3981 1297 4037 illum
1321 3982 1448 4038 laborem
1471 3985 1663 4055 subeundum,
1690 3993 1722 4045 ut
1747 3996 1831 4047 erant

71 4073 264 4146 perspicaces,
279 4073 381 4129 adduci
404 4077 542 4145 potuere;
567 4071 632 4138 rati,
649 4070 680 4127 id
693 4069 768 4143 quod
784 4068 879 4124 docuit
893 4073 1020 4140 eventus,
1046 4085 1108 4123 rem
1128 4087 1188 4125 csse
1203 4071 1272 4126 aleae
1297 4088 1329 4126 ac
1351 4072 1527 4129 difficultatis
1548 4077 1672 4146 plenam,
1693 4078 1783 4150 cajus,
1805 4079 1829 4135 si

70 4162 173 4217 minus
187 4178 222 4217 ea
235 4162 407 4229 succederet,
422 4161 536 4216 incanta
551 4165 579 4216 et
591 4158 760 4231 imprudens
776 4155 886 4212 molitio
901 4155 985 4211 nobis
996 4158 1103 4228 probro
1117 4163 1257 4227 verteret;
1271 4161 1295 4215 si
1308 4160 1392 4228 bene,
1407 4160 1513 4217 invidia
1527 4162 1600 4218 forte
1615 4164 1645 4219 in
1660 4181 1711 4220 nos
1723 4166 1829 4222 redun-

72 4250 168 4306 daret.
191 4251 297 4307 Deinde
311 4250 497 4306 temerarium
515 4249 674 4316 videbatur,
695 4247 852 4303 secundum
875 4246 1064 4302 Lovenienses
1090 4248 1248 4321 Theologos
1272 4249 1458 4318 doctissimos,
1475 4252 1510 4306 de
1525 4253 1697 4323 Augustino,
1712 4257 1830 4328 totaque

71 4338 220 4408 republica
230 4340 384 4395 christiana
394 4338 503 4411 optime
513 4338 641 4400 meritos,
651 4353 755 4393 novam
768 4335 858 4391 sancti
873 4336 1000 4390 Doctoris
1010 4336 1135 4408 Operum
1149 4338 1306 4394 editionem
1321 4340 1471 4395 meditari:
1484 4339 1591 4412 quippe
1602 4341 1648 4398 vir
1661 4342 1723 4398 lieri
1733 4360 1830 4415 possa,

71 4430 108 4481 ut
123 4443 139 4481 a
155 4427 235 4482 nobis
248 4443 350 4483 eorum
365 4426 514 4498 diligentia
532 4431 704 4499 aequaretur,
719 4422 828 4480 nedum
843 4427 1036 4494 superaretur.

108 4516 150 4571 Ad
165 4517 226 4572 haec
240 4516 425 4573 recurrebant
442 4515 538 4571 animo
552 4520 662 4571 veteres
675 4513 876 4569 controversiae
890 4528 923 4567 ac
937 4512 1016 4581 riser,
1031 4530 1096 4586 quae
1111 4530 1145 4570 ex
1159 4515 1249 4571 sancti
1264 4516 1392 4571 Doctoris
1407 4515 1520 4586 seriptis
1536 4521 1565 4572 ct
1579 4517 1710 4574 doctrina
1724 4518 1828 4576 identi-

71 4605 141 4660 dem
156 4604 187 4659 in
201 4605 323 4660 Ecclesia
337 4604 465 4660 excitatae
480 4604 608 4674 fuerant;
623 4603 852 4674 serebanturque
868 4600 920 4670 illi,
936 4617 982 4670 nc,
999 4601 1069 4658 dnm
1085 4604 1214 4659 Ecclesiae
1229 4605 1282 4659 hoc
1300 4606 1420 4661 lralrum
1434 4620 1554 4660 suorum
1568 4606 1666 4663 labore
1681 4610 1829 4666 consulere

69 4699 217 4767 optarent,
232 4711 370 4751 novarum
383 4693 602 4750 altercationum
613 4693 724 4749 semina
733 4691 800 4747 inde
812 4691 965 4757 orirentur,
979 4691 1022 4747 uti
1034 4692 1211 4765 experientia
1219 4710 1278 4748 non
1290 4695 1377 4749 cernel
1392 4693 1546 4765 probatum
1559 4700 1619 4751 est:
1633 4713 1737 4769 nempe
1749 4697 1827 4769 quod

70 4785 146 4838 tanti
160 4784 214 4838 riri
228 4784 358 4840 doctrina
371 4786 400 4840 et
414 4784 541 4840 humano
556 4782 674 4854 ingenio
689 4784 774 4853 captu
794 4779 832 4835 sit
849 4779 984 4845 difficilis,
1001 4784 1030 4835 et
1045 4781 1211 4838 mortalium
1225 4783 1373 4855 cupiditati
1397 4800 1429 4838 ac
1449 4785 1590 4856 superbiae
1607 4802 1712 4857 parum
1731 4787 1828 4843 favens

71 4877 103 4927 et
118 4889 183 4928 acce
206 4879 246 4930 ta.

108 4889 216 5017 Verulm
229 4962 280 5017 bas
294 4962 422 5034 aliasque
445 4960 626 5018 difficultates
639 4975 757 5032 prorsus
772 4957 903 5015 discussit
920 4972 952 5011 ac
968 4958 1090 5014 removit
1104 4976 1216 5016 summa
1232 4959 1361 5033 dignatio
1385 4962 1520 5018 Ludovici
1535 4963 1640 5036 Magni,
1657 4964 1708 5036 qui
1723 4981 1827 5020 novam

71 5053 149 5108 hanc
164 5051 321 5107 editionem
336 5051 536 5124 augustissimo
550 5066 601 5106 suo
615 5050 731 5105 nomine
745 5046 893 5112 illustrari,
903 5061 936 5100 ac
950 5046 1108 5116 patrocinio
1124 5048 1202 5119 regio
1216 5048 1324 5104 muniri
1337 5050 1479 5121 permisit.

105 5139 231 5195 Accessit
244 5139 361 5212 insuper
375 5139 584 5212 amplissimum
599 5138 683 5209 Regis
696 5135 878 5209 privilegium
892 5133 923 5188 in
937 5133 1060 5204 gratiam
1072 5151 1151 5190 novae
1166 5135 1311 5207 editionis,
1325 5138 1511 5194 illustrissimi
1526 5139 1653 5195 Francia
1665 5139 1827 5195 cancellaria

71 5228 218 5284 Aiebaelis
232 5227 346 5284 Tellerii
360 5227 537 5294 auctoritate,
553 5224 690 5298 regioque
704 5224 797 5281 edicto
807 5228 957 5289 assertum,
974 5222 1195 5277 reclamantibus
1208 5229 1235 5278 et
1249 5224 1453 5281 obsistentibus
1463 5226 1607 5282 incassum
1623 5227 1768 5281 nonnullis
1786 5227 1827 5282 bi-

69 5317 217 5388 bliopolis,
241 5332 312 5388 qnos
332 5315 434 5371 occulti
453 5314 571 5388 quidam
599 5313 752 5370 adversarii
780 5313 814 5369 ad
841 5309 1030 5367 avertendum
1059 5326 1140 5364 norae
1159 5311 1293 5367 editionis
1312 5314 1493 5385 propositum
1522 5314 1684 5369 clanculum
1711 5314 1827 5389 instiga·

65 5405 151 5461 bant.
171 5405 267 5461 Tantis
284 5404 351 5462 tulli
369 5403 521 5476 presidiis,
535 5403 648 5460 nullum
663 5401 774 5459 obicem
792 5398 1028 5473 insuperabilem,
1045 5400 1155 5455 nullam
1170 5401 1309 5486 invidiam
1324 5402 1408 5459 nobis
1421 5402 1633 5458 formidandam
1649 5402 1710 5458 esse
1726 5404 1826 5461 existi·

70 5509 253 5640 Ἥῗξῒτο
274 5598 310 5639 ne
325 5582 380 5639 boc
402 5580 552 5638 eonsilium
566 5581 652 5639 nimis
665 5579 758 5637 audax
772 5596 805 5636 ac
819 5576 1006 5636 temerarium
1020 5576 1175 5645 videretur,
1190 5577 1342 5651 praeiverat
1356 5578 1520 5651 exemplum
1540 5578 1618 5633 Petri
1639 5578 1740 5636 Morini
1753 5580 1829 5636 Vati·

69 5686 152 5730 mnae
166 5669 369 5746 typographia
382 5668 520 5744 preteeti,
530 5668 708 5745 aliorumque
721 5669 805 5725 alme
822 5666 903 5724 llrbis
915 5664 1091 5722 eruditorum
1102 5665 1240 5736 virorum,
1256 5667 1374 5723 Adriani
1385 5664 1507 5735 abbatis,
1518 5670 1606 5740 atque
1618 5666 1698 5724 Obril
1706 5667 1830 5724 doctoris
