3884 6112
341 39 507 313 s

95 406 302 474 persequeretur
316 401 424 455 harcsis
435 414 491 455 sua
504 415 596 468 causa,
611 415 665 469 qua
683 401 776 468 merab
789 399 899 454 seducta
913 396 946 453 ub

98 494 232 556 Ariouis3
246 489 323 562 quod
335 506 450 545 narrare
464 489 558 561 pergit
569 490 743 560 Augustinus
756 489 785 544 in
799 489 876 543 hunc
889 504 948 542 nio·

99 581 168 635 ditm
183 578 362 634 :remeabat
372 580 422 648 pia
435 578 509 647 plebs
523 580 553 631 ia
566 579 684 643 ecclesia,
695 580 764 632 mori
771 582 872 648 parata
887 592 948 631 crim

98 673 220 739 episcopo
232 684 289 731 suo,
305 683 380 723 seruo
395 672 448 721 tuo.
466 667 508 722 lbi
520 672 607 721 mater
621 682 689 733 rnen,
704 668 805 722 ancilla
820 671 876 733 tua,
892 669 948 720 sot—

99 759 251 814 lioitudinis
266 763 290 812 et
300 758 458 825 uiqitiurum
470 759 574 825 primas
585 761 685 823 tenens,
695 755 863 810 orationibus
874 757 944 811 uiue·

99 847 154 902 bat.
166 848 221 904 Nos
230 845 319 900 adbuc
327 845 455 912 [riqirlia
469 845 554 899 calare
568 846 682 914 spiritus
693 846 742 903 tui.
763 844 950 899 excitabamur

99 941 187 992 tamen
210 937 319 990 ciuitate
343 937 457 988 attonita
479 937 559 1003 atque
585 934 704 987 turbata.
723 935 795 988 Tunc
810 935 904 1002 hqmui
924 939 949 988 et

95 1026 198 1096 psalmi
210 1029 240 1079 ut
254 1027 412 1078 canerentur
426 1022 571 1076 secundum
584 1038 682 1077 marem
698 1023 876 1078 Orientalium
880 1039 948 1093 par·

98 1116 222 1179 tiamne
239 1112 357 1181 populus
378 1112 498 1165 tnoet'ort's
519 1110 597 1165 tactio
620 1110 823 1178 contabesceret,
835 1110 949 1163 institn-

97 1207 155 1257 tum
170 1207 228 1272 est3
244 1206 270 1257 et
283 1216 317 1254 aa
335 1201 382 1254 itta
400 1202 430 1253 ia
450 1200 608 1255 liodieruum
626 1204 768 1267 retentum,
784 1199 876 1253 multis
889 1197 949 1266 jaim

97 1307 128 1346 ac
139 1306 206 1361 pene
220 1289 343 1345 omuibus
357 1288 483 1356 qreqibus
500 1290 564 1354 tuis,
580 1292 606 1342 et
617 1304 666 1358 prr
683 1293 777 1343 catera
799 1287 871 1342 orbis
884 1288 948 1340 imi-

97 1381 219 1435 tantibus
235 1379 329 1447 (loia,
341 1393 401 1448 cap.
412 1382 475 1447 7,n.
490 1379 546 1446 lb.)
563 1377 797 1448 Experimentum
806 1375 947 1441 utilitatis,

11 1482 20 1493 ·
98 1485 163 1540 quae
187 1482 319 1522 exsecra
341 1466 470 1521 Ecclesiae
491 1465 686 1520 modulatione
700 1465 868 1537 percipitur,
883 1479 947 1518 cnm

98 1556 185 1613 etiam
201 1557 399 1611 recordaretur
412 1553 461 1608 Vir
471 1559 594 1621 sanctus,
610 1555 759 1625 lacrymas,
771 1571 843 1626 qrias
854 1554 950 1609 divina

13 1678 17 1687 ι
97 1645 206 1701 cantica
228 1644 259 1699 in
282 1648 456 1716 recuperatae
471 1643 538 1698 fidei
552 1645 611 1697 suae
629 1642 792 1714 primordiis
811 1641 949 1713 exipsius

98 1735 188 1791 oculis
208 1734 372 1800 elicuerant,
389 1749 455 1788 eum
479 1733 513 1788 ad
537 1732 615 1787 istud
636 1733 764 1788 Ecclesiae
786 1733 948 1788 institutum

98 1823 345 1895 comprobandam
358 1837 472 1893 semper
482 1820 593 1876 induxit
607 1820 700 1894 (iiim,
711 1823 760 1877 lib.
774 1823 816 1885 to,
830 1837 890 1892 cop.
903 1824 947 1888 33,

96 1930 125 1969 ιι.
143 1913 200 1984 50).

132 2005 158 2056 o.
179 2002 315 2070 Percepta
329 1997 467 2069 Baptismi
482 1998 574 2070 gratia
586 2014 653 2054 mox
668 1998 845 2070 Augustinus
860 2015 892 2054 ex
905 1998 947 2053 in.

96 2089 175 2146 timis
202 2090 297 2145 cordis
322 2088 465 2154 medullis,
494 2087 635 2160 quidquid
664 2088 725 2159 spei
753 2089 890 2143 collocare
918 2088 949 2144 in

97 2178 201 2235 saeculo
223 2177 372 2250 patuisset,
396 2175 556 2243 abdicarit;
575 2177 637 2248 jam
659 2193 718 2232 non
744 2193 873 2245 uxorem,
889 2193 948 2232 non

96 2269 213 2336 liberos,
236 2283 296 2322 non
320 2265 442 2332 divitias,
457 2281 515 2320 non
530 2265 681 2336 dignitates
706 2270 883 2334 consectans,
899 2267 947 2322 sed

98 2356 149 2412 soli
165 2357 221 2410 lieo
246 2370 311 2409 cum
332 2353 391 2408 suis
411 2353 517 2408 servire
539 2354 725 2420 constituens,
742 2357 774 2408 ut
787 2353 892 2425 pusillo
905 2353 948 2408 iili

98 2442 178 2514 gregi
194 2441 426 2509 adescriberetur‚
437 2442 484 2496 cui
500 2457 621 2513 regnum
636 2458 720 2496 strum
733 2442 884 2512 pollicetur
898 2443 949 2497 lto·

98 2531 205 2600 miuus,
221 2533 248 2585 et
263 2546 349 2602 quem
373 2529 407 2584 ad
427 2529 620 2600 possessiones
639 2530 801 2585 vendendas
823 2546 854 2584 ac
877 2547 948 2602 pan-

97 2619 213 2692 perihns
228 2619 385 2690 erogandas
400 2618 579 2674 adhortatur.
595 2620 694 2690 ltaque
709 2635 795 2691 super
808 2619 875 2674 fidei
887 2620 950 2674 fun·

97 2710 265 2765 dementum
278 2707 350 2762 nihil
370 2707 423 2761 nisi
438 2724 538 2762 aurum
561 2711 589 2762 et
605 2712 757 2779 argentum
772 2712 801 2763 et
821 2725 949 2780 gemmas

97 2802 252 2863 exstruere,
269 2799 384 2868 solaque
397 2796 472 2851 victu
498 2797 684 2860 adtuendam
700 2797 827 2869 corporis
840 2799 950 2868 natatu-³

97 2887 193 2942 dinem
208 2886 366 2942 necessario
381 2890 532 2940 contentus
554 2903 614 2941 esse
638 2885 782 2941 decrevit:
799 2904 864 2942 eum
883 2893 948 2943 ante

96 2976 183 3033 variis
196 2975 399 3048 cupiditatibus
409 2979 437 3030 et
446 2975 686 3030 sollicitudinibus
702 2975 827 3030 irretitus
838 2967 948 3031 tenere·

98 3069 146 3119 tnr
161 3064 321 3134 (Possidius,
333 3066 362 3117 ia
372 3065 437 3118 Vita
447 3066 606 3132 Auqust.,c.
622 3066 662 3135 t).
675 3065 707 3120 In
721 3064 839 3120 dubium
854 3066 949 3120 vocari

97 3168 155 3207 non
178 3156 282 3223 potest,
299 3151 370 3224 quin
393 3152 524 3223 Alypius,
538 3157 645 3223 praeter
667 3153 738 3207 alios
752 3154 903 3225 quosdam,
923 3156 948 3210 ei

98 3241 171 3295 foret
186 3240 314 3311 ejirsdem
324 3239 423 3311 placiti
436 3239 569 3295 societate
580 3241 737 3296 devinctus.
749 3243 871 3297 Evodius
881 3261 948 3298 sana

98 3330 288 3401 Tagastensis,
304 3333 441 3400 operante
458 3329 515 3383 Deo
536 3328 587 3400 qni
609 3329 737 3384 habituro
760 3329 827 3385 facit
844 3331 947 3385 arriani-

97 3419 204 3475 masin
225 3419 320 3486 domo,
336 3433 366 3472 se
382 3417 491 3472 socium
515 3417 572 3472 illis
590 3417 730 3489 adjunxit.
747 3418 773 3473 is
787 3418 867 3490 prior
886 3421 945 3473 Au·

97 3507 212 3579 guatino
223 3508 256 3563 ad
271 3510 361 3563 Deum
375 3523 527 3562 conversus
537 3510 598 3563 erat
610 3511 638 3562 et
646 3506 807 3578 baptizatus
817 3508 945 3578 (Confess.

97 3598 145 3653 lib.
168 3600 195 3662 9,
211 3613 271 3667 cap.
288 3599 314 3665 8,
328 3612 357 3651 u.
381 3595 431 3669 17).
450 3597 555 3651 Omnes
576 3596 605 3653 in
627 3598 684 3651 lieo
698 3597 760 3668 jam
783 3597 946 3663 consociati,

96 3687 181 3742 simul
201 3687 355 3757 degebant:
378 3702 502 3757 qnorum
526 3685 655 3741 omnium
679 3685 808 3741 fdonnica
830 3686 947 3758 perinde

96 3791 195 3831 euram
217 3773 342 3845 gerebat,
364 3789 396 3827 ac
420 3774 443 3827 si
468 3773 648 3845 singulorum
671 3791 774 3845 parens
797 3775 948 3830 exstitisset

95 3865 179 3933 itta,
194 3879 253 3933 cap.
271 3866 298 3930 a,
319 3877 348 3917 n.
364 3861 419 3932 tl).
436 3863 593 3917 Perfectum
614 3863 723 3934 pariter
745 3864 834 3918 uitam
861 3880 946 3935 agere

96 3950 202 4022 singuli
216 3953 373 4005 statuerant
389 3949 441 4004 :de
458 3948 517 4003 loco
534 3951 627 4005 solum
640 3950 766 4005 consiliis
781 3951 885 4007 suisne
901 3970 948 4007 vo·

95 4037 299 4108 tisopportuno
314 4034 585 4093 laborabant.Simul
594 4053 710 4107 mamus,
723 4038 860 4108 ait,simul
871 4040 948 4094 liabi-

95 4126 182 4180 taturi
200 4125 302 4196 placito
325 4129 417 4178 sancta
433 4141 439 4179 :
456 4126 640 4194 querebamus
664 4129 789 4197 quisnam
804 4127 876 4182 lacus
897 4143 945 4182 nos

92 4215 189 4270 utilius
203 4212 312 4268 haberet
325 4215 468 4268 serimus
483 4213 535 4268 tibi
550 4215 646 4284 (lota,
662 4232 723 4286 cap.
739 4219 764 4279 8,
776 4232 804 4270 ιι.
822 4216 872 4286 tr).
884 4218 944 4271 Nan

11 4373 14 4378 Ι
94 4303 171 4359 enim
195 4302 250 4357 aiio
273 4301 417 4374 spectabat
438 4302 573 4374 placitum
590 4304 665 4359 istud
680 4322 779 4361 eorum
804 4312 945 4372 sanctum,

93 4391 149 4446 nisi
163 4395 195 4446 ut
216 4394 311 4462 spreto
327 4391 435 4447 munda
459 4390 544 4447 simul
561 4394 618 4447 Deo
643 4394 783 4450 servirent
798 4410 804 4449 :
821 4396 870 4466 qui
882 4396 944 4467 jam

92 4497 151 4536 non
164 4481 255 4534 sotum
271 4480 417 4536 christiani
429 4480 562 4536 catholici
578 4483 613 4536 ab
635 4487 764 4555 suscepta
786 4483 841 4539 fide
857 4489 886 4539 et
898 4502 944 4540 sa·

89 4585 138 4625 cra
164 4569 390 4640 regeneratione,
415 4571 463 4626 sed
492 4569 578 4625 etiam
615 4576 778 4642 contempta
810 4572 944 4628 felicitate

90 4663 204 4714 terrena
226 4658 299 4713 serui
314 4659 365 4714 Dei
380 4661 473 4715 essent
487 4659 582 4729 (ibid,
601 4660 648 4716 lib.
665 4664 691 4727 9,
707 4677 767 4731 cap.
786 4663 828 4724 to,
842 4677 869 4716 a.
887 4664 942 4731 tt),

91 4763 124 4803 ac
135 4763 201 4802 rere
212 4747 273 4818 jam
288 4746 354 4802 inde
370 4748 511 4816 monachi,
525 4749 560 4805 ad
573 4748 778 4820 perfectionem
792 4750 943 4805 mandatn-

91 4853 157 4892 rnm
171 4834 274 4892 Christi
286 4837 506 4893 contendentes:
516 4839 752 4910 quandoquidem
765 4840 942 4911 Augustinus

89 4925 135 4982 his
149 4924 270 4998 ipsemet
292 4925 457 4980 nominibus
475 4926 551 4983 haud
565 4931 682 4981 veretur
697 4927 842 4998 appellare
862 4927 942 4982 Albi-

89 5031 167 5082 nam,
183 5013 345 5082 Piniannm‚
362 5017 391 5069 et
404 5014 564 5083 Melaniam,
579 5031 644 5070 cnm
659 5015 690 5070 in
704 5015 797 5070 Africa
810 5016 942 5087 peregri·

88 5110 190 5162 nantes
203 5103 344 5177 persimili
358 5104 462 5176 placito
490 5110 585 5160 sancta
609 5123 654 5161 res
676 5121 742 5161 suas
764 5105 941 5177 pauperihus

89 5195 306 5263 distribuerent;
323 5210 391 5249 num
405 5194 460 5266 ipsi
474 5195 592 5262 omnino
606 5200 682 5261 sunt,
698 5212 771 5268 quos
785 5195 940 5267 implendae

84 5284 247 5355 jurationis,
258 5283 370 5339 tametsi
385 5282 420 5338 ab
434 5283 555 5338 Piniano
570 5288 697 5353 extortae,
714 5284 889 5356 obligatione
905 5299 939 5339 eo

88 5373 183 5431 minus
195 5375 303 5431 absolvi
323 5391 405 5448 posse
422 5374 577 5442 contendit,
594 5375 670 5446 quod
690 5375 818 5446 praestita
833 5374 882 5429 iila
894 5374 941 5445 jn·

85 5462 160 5518 ratio
175 5468 249 5521 esset
262 5465 415 5521 Servorum
431 5463 482 5518 nei
496 5479 616 5519 munere
631 5463 788 5519 sanctitatis
802 5462 938 5535 praeemi-

727 277 812 333 Vtut
833 275 860 330 S.
881 274 1075 332 AUGUSTINI
1096 274 1265 330 bristout.

1805 276 1856 329 tii

1003 398 1108 453 Christi
1132 414 1229 453 rerum
1253 398 1338 453 etiarn
1363 413 1480 453 sitarum
1510 398 1710 454 distributione
1737 413 1855 454 curren·

1001 485 1073 541 tium
1089 488 1189 557 (Epist.
1206 490 1304 556 itha.
1321 488 1373 557 11].
1386 487 1495 542 Placuit
1510 487 1607 560 itaque
1620 488 1856 559 Augustinorum

1001 575 1108 630 cirinus
1125 577 1183 630 suis
1198 580 1225 630 et
1240 576 1346 645 amicis,
1366 576 1417 648 qui
1436 594 1465 631 se
1493 577 1542 631 liei
1557 576 1672 632 seruitio
1684 577 1793 648 pariter
1808 578 1857 633 ad-

1002 664 1143 732 dixerant,
1160 665 1188 719 in
1204 665 1327 720 Africam
1343 682 1472 721 remeare
1488 667 1649 735 (Pessimus,
1670 669 1701 721 in
1719 667 1783 721 Vita
1796 667 1857 721 Au·

1001 758 1085 820 pust,
1111 769 1134 808 c.
1155 756 1194 823 3).
1222 755 1293 809 Cum
1317 770 1350 809 eo
1374 760 1436 810 erat
1463 754 1598 825 Navigius
1623 756 1711 809 frater
1726 755 1857 825 (Corseas.

1001 841 1048 896 lib.
1065 845 1091 909 9,
1114 858 1174 912 cap.
1193 846 1237 910 11,
1252 859 1281 898 ιι.
1296 847 1327 897 ll
1346 859 1353 898 ι
1377 847 1484 898 etcum
1500 844 1536 899 ad
1551 843 1628 898 Ostia
1642 842 1778 899 Tiberina
1796 860 1858 914 per-

1001 930 1136 997 venisset,
1165 946 1241 986 anuo
1267 931 1359 986 aeiatis
1388 948 1446 986 suae
1475 931 1624 1002 trigesimo
1649 931 1737 986 tertio
1766 936 1858 987 matre

1002 1020 1117 1075 orbatus
1131 1025 1175 1075 est
1188 1021 1282 1090 (tota,
1294 1036 1325 1075 a.
1343 1024 1400 1092 28),
1412 1026 1497 1092 atque
1510 1021 1580 1076 adeo
1594 1025 1660 1076 ente
1670 1021 1858 1077 idusnovem·

1002 1108 1068 1163 bres
1082 1108 1168 1179 hujus
1182 1108 1251 1163 anni
1266 1108 1460 1164 trecentesimi
1475 1109 1644 1181 octogesimi
1659 1108 1786 1181 septimi.
1803 1109 1859 1166 Sed

1002 1213 1060 1252 non
1074 1198 1166 1252 mullo
1181 1202 1247 1252 ante
1262 1197 1375 1254 videtur
1389 1197 1420 1253 id
1433 1198 1597 1270 contigisse.
1613 1197 1767 1253 Profitetur
1781 1198 1858 1254 enim

1002 1283 1180 1353 Augustinus
1191 1285 1283 1340 miilta
1293 1284 1424 1339 sestudio
1433 1285 1579 1340 brevitatis
1591 1273 1738 1356 praeterire
1747 1284 1858 1356 (ibidis

1002 1372 1078 1428 rande
1091 1373 1231 1444 quamdin
1239 1373 1389 1428 Mediolani
1400 1378 1464 1444 post
1472 1373 1650 1446 Baptismum
1664 1376 1859 1429 commoratus

1003 1460 1049 1529 sit,
1062 1460 1181 1516 definire
1196 1478 1255 1517 non
1269 1477 1432 1533 possumus.

1335 1552 1448 1607 CAPUT
1462 1551 1521 1606 1111.

1005 1641 1014 1693 1
1035 1641 1118 1695 Beata
1140 1640 1266 1694 Mortuica
1284 1640 1444 1710 pareatibus
1463 1639 1620 1694 christianis
1644 1643 1723 1707 nata,
1739 1642 1765 1693 et
1784 1636 1860 1708 apud

1038 1727 1111 1797 ipsas
1124 1727 1222 1798 pudica
1233 1743 1265 1783 ac
1280 1728 1367 1784 sobrie
1378 1730 1492 1784 educata
1506 1733 1554 1783 cst.
1568 1731 1585 1782 2
1601 1728 1689 1794 Quam
1705 1727 1858 1782 turrdabiles

1038 1817 1096 1883 aius
1110 1818 1140 1870 iu
1163 1817 1289 1886 coujuqio
1303 1832 1399 1873 mores.
1416 1819 1432 1873 3
1454 1803 1532 1874 Λιιιιο
1544 1818 1633 1872 atatis
1647 1816 1859 1887 quadraqesimo

1042 1904 1142 1961 orbata
1157 1908 1227 1973 uiro,
1242 1906 1377 1975 reliquam
1390 1907 1476 1961 ubam
1490 1920 1592 1960 arrectam
1613 1907 1641 1959 in
1663 1906 1721 1974 piis
1734 1903 1860 1975 operibus

1038 1993 1173 2048 traducit.
1191 1996 1207 2048 i
1231 1994 1336 2061 Quartta
1349 1995 1453 2065 majore
1474 1994 1657 2050 sollicitudine
1670 1994 1857 2061 Auqustinurn

1035 2084 1188 2151 parturivit
1200 2084 1311 2153 spiritu,
1325 2099 1408 2154 quam
1422 2099 1502 2139 carne
1514 2085 1696 2154 parturierat.
1714 2086 1729 2137 5
1744 2084 1857 2137 luterest

1036 2173 1231 2242 philosophicis
1245 2173 1384 2242 colloquiis
1393 2174 1554 2242 Auqustini,
1568 2173 1617 2227 ubi
1630 2175 1703 2227 inter
1712 2173 1783 2227 alios
1794 2172 1856 2226 erni-

1037 2264 1082 2315 uct
1095 2263 1201 2329 arantis
1217 2266 1243 2316 et
1260 2263 1390 2329 qrauibus
1409 2263 1502 2318 dictis

1040 2352 1064 2403 1.
1080 2348 1151 2404 Cum
1166 2349 1205 2404 im
1220 2350 1320 2406 matris
1332 2351 1442 2407 obitum
1457 2351 1506 2407 Vir
1521 2351 1571 2406 liei
1589 2349 1732 2405 narranda
1745 2348 1853 2417 incidit,

1001 2441 1123 2493 testatur
1137 2455 1177 2506 se,
1193 2439 1239 2495 ani
1252 2440 1377 2495 muttum
1391 2440 1537 2496 festinanti
1552 2440 1642 2495 multa
1655 2439 1855 2511 pretereunda

1003 2531 1079 2597 sunt,
1095 2528 1186 2583 facere
1213 2533 1309 2584 tamen
1335 2545 1392 2584 non
1420 2546 1512 2600 posse,
1529 2529 1599 2601 quin
1622 2528 1731 2601 aliquid
1757 2543 1851 2582 eorum

1003 2622 1126 2688 promat,
1140 2634 1205 2690 quae
1218 2616 1370 2674 occurrunt
1383 2619 1478 2673 anima
1492 2619 1527 2674 de
1539 2617 1716 2674 sanctissima
1730 2617 1850 2682 femina;
1895 2645 1897 2650 ·

1004 2721 1061 2759 non
1080 2723 1137 2778 quta
1159 2707 1227 2763 velit
1246 2708 1365 2780 propria
1384 2709 1445 2781 ejus
1466 2709 1552 2776 bona,
1573 2708 1624 2762 sed
1645 2705 1751 2761 Christi
1777 2706 1806 2760 in
1824 2721 1853 2758 ea

1003 2794 1077 2849 dotia
1090 2796 1256 2866 praedicare.
1274 2798 1339 2851 lime
1353 2797 1431 2852 enirn
1447 2797 1528 2852 iilum
1543 2802 1571 2853 et
1590 2812 1674 2851 carne
1690 2799 1721 2850 nt
1734 2794 1764 2849 in
1784 2795 1850 2849 hanc

1003 2885 1201 2954 temporalem,
1214 2888 1242 2939 et
1256 2885 1341 2940 eorde
1351 2889 1384 2941 nt
1397 2885 1427 2940 in
1442 2890 1579 2941 aeternam
1589 2885 1683 2941 lucem
1692 2898 1851 2939 renascere·

1003 2976 1060 3038 tnr,
1069 2973 1220 3042 parturivit
1235 2975 1338 3042 (Cant,
1346 2975 1396 3029 lib.
1408 2978 1502 3046 itcap.
1513 2977 1574 3045 8,a.
1585 2973 1637 3044 tr).
1649 2974 1714 3029 Fuit
1725 2987 1790 3027 rere
1801 2974 1851 3027 Aa·

1003 3061 1133 3131 gustinus
1148 3064 1337 3135 laerymarum
1353 3064 1413 3135 ejus
1424 3063 1501 3119 [ilius
1514 3064 1609 3134 tibist,
1618 3064 1665 3118 lib.
1678 3067 1704 3131 3,
1716 3078 1799 3132 capp.
1813 3065 1849 3126 11,

1006 3151 1048 3220 tn)
1065 3167 1071 3204 :
1089 3167 1212 3224 cumque
1235 3152 1278 3207 illi
1290 3151 1380 3207 animi
1401 3157 1474 3207 esset
1488 3153 1590 3208 sinceri
1605 3169 1688 3224 mque
1704 3167 1736 3206 ne
1750 3150 1852 3206 heneti·

1002 3238 1114 3294 ciarum
1128 3241 1273 3306 mentoris,
1291 3242 1395 3297 debere
1405 3260 1434 3297 se
1450 3243 1475 3297 ei
1491 3243 1631 3315 quiidquid
1646 3243 1711 3296 vitae
1727 3241 1851 3306 liaberet,

1002 3328 1078 3383 ultro
1093 3329 1236 3384 fatebatur
1248 3331 1294 3399 (Dc
1306 3330 1384 3385 beata
1397 3334 1466 3399 uita,
1477 3348 1505 3386 a.
1522 3333 1557 3400 6).
1570 3333 1640 3386 Nata
1656 3334 1717 3385 erat
1727 3329 1853 3387 hionnira

1003 3432 1077 3471 anno
1092 3417 1195 3473 Christi
1207 3419 1406 3475 trecentesima
1416 3419 1563 3491 trigesima
1575 3419 1711 3481 secttndo,
1726 3419 1757 3472 in
1772 3419 1853 3474 domo

1001 3504 1091 3574 fideli,
1108 3506 1184 3560 bono
1212 3507 1342 3563 Ecclesiae
1363 3509 1505 3576 membro;
1522 3513 1606 3580 atque
1628 3508 1668 3563 ibi
1682 3508 1736 3562 snb
1751 3505 1854 3563 Chrisri

1001 3594 1141 3665 regimine
1153 3595 1281 3652 divinum
1295 3597 1427 3652 timorem
1443 3598 1603 3652 imbiberat.
1614 3598 1686 3652 Cum
1699 3596 1735 3650 de
1747 3595 1853 3650 ratione

1001 3699 1059 3754 qua
1073 3683 1166 3738 fuerat
1181 3685 1309 3753 educata,
1325 3686 1570 3753 confabulabatur,
1582 3702 1640 3740 non
1654 3689 1768 3740 tantum
1780 3699 1853 3739 curae

1001 3771 1100 3827 matris
1123 3773 1225 3833 debore
1247 3791 1276 3830 se
1301 3775 1614 3846 dictitabat„qnantum
1635 3773 1795 3844 diligentiae
1819 3773 1855 3828 fa·

1001 3861 1087 3915 mniae
1102 3860 1250 3931 eujusdam
1266 3861 1429 3933 decrepitae,
1444 3879 1509 3934 quiae
1531 3866 1650 3934 propter
1664 3866 1810 3916 senectam
1828 3864 1855 3913 et

1001 3964 1095 4002 mores
1110 3948 1233 4020 optimos
1249 3949 1283 4004 ab
1307 3949 1423 4005 familiae
1439 3950 1520 4004 istius
1542 3966 1607 4004 vere
1620 3949 1785 4004 christianae
1804 3949 1854 4003 do·

1000 4038 1087 4093 minis
1116 4038 1147 4093 in
1168 4039 1279 4093 honore
1300 4040 1470 4108 habebatur,
1491 4044 1520 4094 et
1547 4040 1582 4095 ab
1608 4039 1710 4094 iisdem
1738 4053 1853 4094 suarum

999 4126 1126 4182 tiliarum
1152 4127 1328 4183 institutioni
1351 4129 1486 4200 praefecta
1505 4133 1575 4184 crat.
1591 4128 1781 4183 Commissum
1801 4126 1853 4181 sibi

999 4231 1098 4269 aarum
1123 4232 1223 4271 ruram
1248 4217 1402 4289 diiigenter
1417 4218 1534 4288 gerebat
1549 4234 1555 4272 :
1573 4221 1601 4272 et
1622 4221 1655 4272 ut
1678 4221 1740 4271 erat
1759 4216 1790 4270 in
1813 4215 1853 4269 eis

999 4304 1172 4372 coercendis,
1195 4322 1261 4360 cum
1284 4322 1356 4377 opus
1377 4311 1460 4373 esset,
1481 4310 1577 4361 saneta
1600 4304 1751 4360 severitate
1768 4305 1853 4375 reite·

998 4408 1089 4459 meus,
1106 4393 1145 4447 ita
1158 4394 1187 4448 in
1204 4395 1338 4450 docendis
1353 4396 1500 4451 moderata
1514 4400 1543 4450 et
1553 4399 1718 4466 temperans
1732 4394 1854 4464 pruden-

998 4483 1046 4538 tia.
1072 4485 1143 4539 Nam
1166 4500 1213 4539 eas
1229 4488 1334 4555 praeter
1356 4485 1418 4540 illas
1438 4487 1534 4552 horas,
1550 4485 1655 4556 quibus
1670 4485 1707 4540 ad
1721 4498 1853 4539 mensam

998 4578 1152 4643 parentum
1168 4573 1394 4628 moderatissime
1414 4574 1576 4640 alebantur,
1593 4573 1680 4628 etiarn
1695 4573 1720 4627 si
1734 4572 1854 4628 exarde-

998 4666 1109 4716 scerent
1135 4660 1193 4729 siti,
1213 4677 1266 4717 nec
1293 4678 1398 4734 aquam
1427 4663 1524 4718 bibere
1552 4662 1673 4729 sinebat,
1688 4675 1854 4733 precavens

998 4750 1236 4805 consuetudinem
1263 4752 1379 4819 malain,
1397 4756 1426 4807 et
1452 4753 1560 4808 addens
1584 4750 1703 4806 verbum
1727 4766 1853 4806 sanum:

997 4839 1075 4894 blado
1090 4854 1191 4908 aquam
1211 4838 1313 4906 bibitis,
1328 4844 1395 4910 quia
1407 4843 1436 4894 in
1450 4845 1582 4911 potestate
1595 4842 1689 4894 aiacem
1703 4855 1757 4900 aaa
1773 4839 1854 4895 habe·

997 4931 1032 4982 tis
1045 4947 1053 4995 ;
1068 4943 1127 4983 cum
1142 4932 1231 4983 autem
1246 4929 1283 4984 ad
1297 4932 1410 4984 maritos
1420 4931 1557 4995 abieritis,
1569 4931 1651 4997 sacta
1661 4929 1778 4984 domina
1792 4944 1855 4999 apo·

996 5017 1133 5070 literarum
1148 5021 1173 5070 et
1187 5017 1368 5085 cellariorum,
1379 5034 1452 5088 aqua
1466 5017 1596 5087 sordebit,
1607 5017 1655 5072 sed
1666 5032 1724 5072 mos
1738 5017 1854 5087 potandi

994 5105 1154 5176 praeambit
1170 5106 1302 5178 (confess.
1317 5107 1365 5163 lib.
1380 5110 1406 5174 9,
1430 5123 1490 5176 cap.
1511 5110 1538 5172 8,
1553 5122 1582 5163 a.
1601 5107 1653 5175 tr).
1668 5106 1854 5178 Sapientissi-

994 5193 1049 5248 mis
1061 5193 1119 5250 iilis
1134 5195 1261 5263 monitis,
1277 5210 1342 5249 cum
1357 5211 1400 5262 ea,
1417 5212 1505 5267 quam
1518 5196 1593 5267 apud
1609 5199 1723 5250 teneros
1739 5196 1852 5267 puelia·

993 5298 1059 5338 rum
1070 5282 1183 5337 animos
1192 5282 1247 5338 sibi
1256 5288 1481 5355 comparaverat,
1496 5282 1676 5353 arietaritate,
1685 5281 1853 5338 inconsulta

994 5371 1134 5428 desideria
1149 5371 1285 5427 teneriori
1300 5373 1377 5428 tntnti
1390 5372 1542 5428 familiaria
1557 5372 1769 5443 compescebat,
1780 5371 1852 5426 iltis·

993 5476 1049 5534 que
1062 5461 1256 5533 praecipiebat,
1273 5476 1330 5533 qua
1350 5460 1462 5517 ratione
1476 5461 1554 5516 sitini
1568 5477 1649 5516 suam
1665 5461 1705 5516 ita
1720 5460 1853 5516 modera-

83 5551 227 5619 nentium,
240 5554 444 5612 lfonachnrum
457 5553 492 5609 ad
507 5552 713 5626 perfectionem
735 5553 938 5609 mandatantm
992 5555 1092 5606 rentur
1106 5567 1140 5605 ex
1154 5550 1356 5622 temperantia
1372 5551 1444 5624 lege,
1457 5552 1563 5624 titiam
1576 5566 1629 5605 nec
1644 5549 1756 5612 libaret,
1773 5548 1852 5622 quad
