3884 6112
780 251 886 307 LIBER
906 251 1103 311 SECUNDUS.

68 387 148 426 amor
171 372 354 442 voluptasque
380 373 543 427 concutitur
566 371 688 443 (soliloq.
707 373 753 429 lib.
772 377 796 440 l,
812 390 840 430 ιι.
866 373 920 446 lt).
977 392 1042 432 cum
1057 376 1145 432 doctis
1159 383 1188 432 et
1208 377 1287 445 beno¹
1301 377 1449 435 cordmin
1587 379 1825 442 desecantes-ret
1906 398 1935 455 ,’

68 462 218 516 tutandum
235 466 332 516 tamen
346 460 480 528 libidinis,
495 477 560 533 quse
576 466 684 516 tantum
701 462 730 516 in
746 478 812 517 erim
828 466 922 534 lyran-
978 466 1099 537 (soliloq.
1120 467 1166 522 llo.
1184 469 1210 537 ι,
1226 483 1255 522 ιι.
1270 467 1325 536 ιὸι.
1342 469 1479 525 Memorat
1500 471 1652 542 scriptores
1673 472 1756 543 duos,
1772 475 1821 546 qui

66 550 163 605 sidem
184 555 360 619 exercuerat,
382 549 493 605 acribus
517 549 650 620 shmulis,
667 551 724 606 Deo
740 550 779 606 ita
799 551 920 622 permit·
976 560 1045 610 trine
1059 556 1094 611 de
1111 555 1324 612 immortalitate
1345 557 1459 625 animae,
1477 559 1548 613 ulter
1559 558 1710 615 Mediolani
1731 561 1824 618 cotula

64 643 155 705 teuta,
184 639 369 710 pungebatur
384 655 391 693 :
407 643 440 694 ut
454 654 511 710 quo
526 638 654 694 emorbo
676 639 798 694 coelestis
817 640 922 696 medici
976 645 1114 708 oratione,
1131 646 1203 700 alter
1223 645 1253 700 in
1269 646 1365 701 Galliis
1388 648 1525 718 carmine,
1548 648 1706 705 tractabant
1730 650 1822 720 (loia,

64 743 134 782 cura
157 726 313 793 erasisset,
329 725 442 798 etquid
466 725 496 781 in
510 742 540 782 se
562 734 724 797 superesset
750 728 919 796 curandum,
975 750 1002 789 n.
1020 735 1072 804 eal.
1099 735 1222 804 Primus,
1243 735 1289 790 cui
1304 752 1388 792 suum
1409 752 1478 808 erga
1492 737 1586 808 ipsum
1606 742 1634 794 et
1653 737 1823 810 sapientiam

64 819 247 887 agnosceret.
261 815 342 880 Quod
357 815 408 869 ubi
422 814 598 886 contigisset,
612 816 720 887 pudore
735 816 921 872 srrtlundeba·
976 823 1102 878 studium
1115 839 1168 895 pro
1183 840 1235 880 sun
1248 825 1402 894 voluntate,
1426 830 1458 880 ιιι
1472 826 1520 892 ait,
1537 827 1649 897 aperire
1669 843 1728 883 non
1750 830 1825 886 valet

63 909 120 972 tur,
138 904 199 959 rim
224 905 416 975 lacrymarum
436 904 523 959 etiam
538 919 603 959 cum
618 904 789 960 valetudinis
808 905 921 977 dispen·
976 910 1069 981 (illd,
1091 916 1117 967 et
1131 915 1250 980 doetsess.
1266 915 1318 969 tib.
1335 917 1361 980 a,
1376 930 1405 969 u.
1430 915 1484 986 lt),
1501 915 1613 971 videtur
1627 932 1687 972 esse
1701 917 1822 974 Ambro-

64 994 110 1049 dio
125 993 339 1065 proiuudebut;
359 992 432 1049 nihil
454 992 661 1064 sibipolliceri,
682 993 752 1049 nihil
769 994 803 1049 de
828 1010 854 1049 se
869 1011 920 1049 uu·
975 999 1125 1066 oiarsonis
1151 1018 1217 1056 vero
1232 1003 1303 1057 alter
1324 1003 1402 1057 illius
1425 1003 1582 1069 familiaris,
1607 1003 1738 1059 omnium
1762 1005 1824 1077 ejus

63 1082 149 1136 debat
163 1098 358 1153 praesumere;
374 1081 404 1137 id
420 1082 514 1138 solum
529 1082 778 1153 solatiihabebat,
800 1083 875 1155 quod
890 1083 920 1138 in
975 1088 1199 1145 sollicitudinum
1223 1091 1362 1157 conscius,
1389 1091 1418 1144 in
1438 1091 1536 1147 Galliis
1561 1092 1686 1164 quietus,
1703 1098 1731 1148 et
1750 1094 1822 1150 adeo

65 1170 113 1225 [tei
128 1170 232 1226 sinum
253 1171 429 1241 confligeret,
447 1187 535 1243 seque
549 1170 625 1226 illius
639 1172 826 1242 providentie,
842 1188 919 1227 eom·
975 1177 1099 1245 dissitus,
1116 1183 1149 1233 ιιι
1163 1179 1207 1233 ιιι
1222 1179 1257 1233 ad
1272 1195 1338 1234 cum
1354 1180 1396 1235 aet
1412 1179 1543 1250 epistolas
1558 1180 1707 1236 mittendae
1729 1181 1821 1238 facul·

66 1259 204 1315 mitteret.
219 1260 269 1315 lile
285 1263 354 1329 ipse,
370 1258 473 1322 aiebat,
501 1276 579 1330 quem
594 1260 686 1316 uidere
700 1260 793 1330 ordeo,
816 1263 920 1317 arcuerit
975 1272 1017 1320 lus
1032 1269 1115 1336 esset,
1131 1266 1270 1339 conjicere
1290 1284 1347 1322 non
1364 1283 1525 1339 possumus,
1542 1267 1597 1322 nisi
1613 1267 1739 1323 dieamus
1762 1284 1823 1324 essa

64 1349 174 1417 qnando
185 1349 920 1420 simsanus5faciotquodplaoct:quandoplaoetsese
973 1355 1139 1422 Zenobiam,
1165 1355 1210 1410 cui
1234 1355 1391 1411 Mediolano
1403 1356 1464 1426 jam
1483 1356 1531 1411 diu
1547 1355 1666 1424 absenti,
1690 1356 1762 1412 duos
1787 1357 1823 1413 da

63 1439 205 1502 asaroton
214 1439 278 1509 jorn
289 1453 331 1492 me
344 1442 428 1493 totum
441 1439 500 1507 ejus
511 1440 656 1494 ιιιιιιιιιιιιι
670 1455 793 1509 carraque
804 1442 919 1495 commit·
974 1443 1078 1500 Ordine
1087 1444 1174 1499 libros
1188 1444 1346 1500 dedicarat.
1361 1445 1392 1500 ln
1408 1444 1509 1500 titteris
1523 1444 1559 1500 ad
1571 1444 1738 1500 Nebridium
1750 1445 1823 1502 datis

63 1533 95 1581 to.
110 1528 203 1584 Semel
218 1514 253 1582 de
267 1528 313 1582 illo
324 1527 439 1593 credidi,
456 1527 529 1597 quod
541 1530 579 1583 sio
593 1544 659 1595 erqo
670 1544 697 1583 se
706 1529 814 1599 affectos
827 1530 919 1585 sutie—
974 1533 1068 1588 statim
1081 1538 1146 1604 post
1158 1532 1325 1605 Soliloquia,
1337 1550 1401 1605 quae
1414 1533 1521 1589 scilicet
1530 1535 1660 1589 nondum
1670 1533 1729 1589 risa
1740 1538 1823 1590 erant

61 1632 122 1670 aare
137 1631 195 1670 ιιοιι
205 1620 298 1671 cesset.
310 1617 486 1686 llqonititde
500 1632 559 1671 meo
569 1619 696 1682 sanitate,
708 1620 764 1672 nisi
775 1619 919 1672 camillam
974 1621 1118 1691 Nebridio,
1137 1621 1212 1677 istud
1234 1639 1305 1695 opus
1320 1622 1429 1678 carnotis
1442 1622 1585 1694 prioribus
1608 1622 1666 1677 suis
1691 1623 1822 1678 lucubra-

60 1705 302 1774 pntclrritudinem
322 1705 425 1772 uideo,
439 1705 622 1776 pronuntiabo
638 1705 730 1783 (idid,
749 1722 778 1760 n.
792 1708 846 1775 ud).
861 1709 918 1774 Epo
973 1711 1099 1767 tionibus
1124 1711 1272 1782 anteponit
1286 1713 1384 1781 (Epist.
1401 1714 1428 1778 3,
1452 1727 1480 1766 ιι.
1505 1711 1539 1782 l).
1566 1711 1644 1766 idern
1667 1712 1769 1769 asserit
1790 1728 1820 1767 se

64 1797 149 1849 solam
161 1795 568 1864 propterseuenosupieutiam,
581 1793 688 1865 inquit;
700 1799 795 1849 catera
806 1810 867 1849 rao
878 1796 919 1850 oet
972 1800 1001 1854 ia
1017 1800 1070 1855 boc
1085 1816 1170 1871 opera
1195 1800 1325 1855 animum
1341 1800 1494 1869 induxisse,
1517 1799 1737 1867 intelligentiam
1760 1817 1821 1856 esse

62 1884 156 1939 adesse
175 1884 249 1938 milri
258 1884 328 1945 uolo,
343 1884 385 1937 uel
399 1882 487 1938 deesse
499 1885 698 1953 timeoque-optor
711 1884 917 1953 ipsensium,
971 1889 1129 1955 cerintum,
1140 1905 1172 1943 aa
1187 1888 1261 1943 mori
1273 1905 1331 1944 non
1345 1905 1428 1960 posse
1438 1888 1548 1961 aliquid
1558 1887 1587 1943 in
1602 1905 1659 1960 quo
1674 1888 1822 1960 quidpiam

63 1975 189 2041 quietem,
207 1974 319 2026 amieos.
334 1971 415 2038 Quem
423 1971 531 2026 modum
541 1976 630 2026 autem
638 1973 918 2041 potesttabereiliius
972 1977 1133 2032 immortale
1148 1977 1203 2044 sit;
1227 1994 1351 2049 cumque
1366 1977 1558 2049 intelligentia
1573 1978 1610 2033 sit
1621 1977 1651 2033 in
1669 1978 1777 2045 animo,
1793 1982 1822 2035 et

63 2059 283 2129 pulchritudinis
300 2074 386 2125 amor,
400 2061 429 2113 in
442 2074 498 2128 quo
509 2074 562 2114 non
576 2060 662 2114 sotum
680 2075 733 2114 ιιοιι
747 2061 854 2114 invideo
869 2076 917 2116 ca·
972 2066 1075 2121 veritas
1090 2066 1271 2136 immortalis,
1289 2067 1355 2123 indo
1374 2068 1455 2140 sequi
1477 2071 1510 2122 ut
1524 2066 1637 2121 unimus
1651 2066 1689 2122 sit
1701 2067 1819 2123 immor·

64 2149 134 2215 tuis,
151 2147 204 2202 sed
225 2149 308 2203 etiarn
322 2147 454 2217 plurimos
474 2163 575 2216 quaro,
591 2148 640 2217 qui
654 2163 756 2203 mecum
777 2152 916 2218 appetant,
972 2155 1036 2209 talis
1051 2154 1142 2226 (laid,
1156 2171 1182 2210 n.
1197 2155 1244 2226 la.)

64 2250 163 2291 ιιιοιιιιι
177 2236 298 2301 inhient,
313 2251 414 2290 mecum
425 2240 541 2303 teneant,
553 2251 707 2306 mecumque
720 2240 915 2307 perfruentem
1314 2245 1427 2300 CAPUT
1446 2246 1476 2301 x,

64 2329 134 2380 mato
145 2326 221 2379 miti
230 2321 478 2392 amicaresfuturi,
490 2329 591 2394 quanto
602 2325 917 2381 eritnobtsomatocom·
974 2335 984 2387 l
1003 2336 1039 2387 lte
1051 2332 1181 2388 ,vobridio
1194 2334 1279 2387 armtao
1293 2334 1453 2401 Augustini.
1469 2336 1485 2389 2
1500 2332 1589 2404 llujas
1604 2331 1641 2388 ad
1655 2332 1816 2392 Nebridium

64 2417 192 2472 ιιιιιιίοιι
207 2413 304 2484 (lota,
319 2415 414 2485 ιιιιι.)
429 2413 609 2484 Quapropter
617 2413 648 2468 iu
662 2413 850 2470 familiaribus
860 2415 918 2470 suis
1331 2423 1459 2492 epistota.

63 2503 215 2577 colloquiis
230 2501 450 2557 contubernales
460 2517 527 2556 suos
537 2502 572 2557 ad
586 2501 759 2558 indefessum
770 2503 918 2575 sapientire
1010 2513 1034 2565 l.
1052 2511 1108 2565 llos
1118 2510 1343 2582 Soliloquioruxn
1355 2511 1442 2565 libros
1457 2510 1578 2582 ipsomet
1590 2510 1766 2581 Augustinus
1775 2511 1822 2567 de·

64 2609 193 2649 aaronem
209 2590 397 2662 studiumque
412 2591 587 2646 cohortatur.
973 2599 1068 2671 signat
1081 2598 1111 2654 in
1139 2599 1197 2654 suis
1212 2599 1450 2666 confessionibus,
1467 2599 1515 2654 ubi
1531 2599 1590 2671 agit
1605 2599 1639 2654 de
1654 2598 1735 2654 libris
1749 2615 1821 2671 quos

95 2686 122 2737 o.
139 2678 300 2752 Augustini
310 2695 437 2734 secessus
450 2679 511 2734 haec
523 2680 614 2735 adlruc
629 2678 916 2752 Solitoquiapepcrit‚
973 2705 1006 2748 es
1021 2688 1170 2760 colloquiis
1182 2705 1248 2744 cum
1260 2689 1322 2760 ipso
1338 2705 1366 2742 so
1381 2689 1442 2743 solo
1457 2703 1552 2742 corani
1567 2689 1625 2743 tteo
1640 2687 1744 2743 habitis
1756 2703 1822 2743 cou-

65 2770 164 2832 oodem
181 2785 257 2842 pene
272 2773 480 2840 tempore,quo
492 2768 653 2840 superiores
668 2769 770 2824 libros:
785 2769 830 2823 his
840 2769 916 2824 onim
972 2777 1062 2832 terrrit
1076 2779 1202 2848 (consess.
1216 2779 1261 2832 tib.
1278 2781 1304 2844 9,
1319 2793 1380 2847 clap.
1394 2779 1421 2840 ι,
1434 2793 1461 2831 ιι.
1471 2778 1498 2847 7)
1516 2794 1522 2831 :
1537 2776 1616 2831 addit
1626 2776 1761 2847 epistolas
1777 2780 1820 2832 te·

66 2859 109 2914 iiio
123 2858 290 2930 subjungii»
315 2873 407 2930 raquo
420 2874 449 2912 ⁸8
464 2857 610 2929 scripsisse
631 2857 738 2913 indicat
752 2859 838 2929 paulo
855 2864 919 2930 post
973 2867 1051 2933 stari,
1067 2866 1135 2937 quid
1151 2882 1216 2921 cum
1242 2866 1359 2921 absente
1379 2865 1511 2920 Nebridio
1526 2864 1630 2920 litteris
1654 2864 1755 2936 egerit.
1776 2864 1821 2919 Ad

67 2947 207 3020 abjectam
222 2947 369 3002 honorum
397 2962 429 3001 uc
451 2945 624 3018 dignitatum
648 2947 832 3018 cupiditatem
857 2947 917 3018 (ite-
972 2955 1114 3026 haecergo
1130 2952 1759 3026 temporapartimreiercndeeepistolae3ab
1782 2967 1817 3007 eo

66 3042 141 3093 troii·
158 3039 211 3093 iii·
235 3039 264 3104 22
280 3051 341 3106 cop.
360 3035 397 3104 4)·
413 3037 517 3090 Vefflffl
536 3035 568 3090 in
582 3035 645 3090 &tiit
671 3035 750 3092 libris
773 3051 918 3091 sermonis
973 3045 1084 3115 scriptae
1099 3044 1133 3097 ad
1144 3042 1321 3109 Nebridium,
1336 3042 1453 3114 quicum
1466 3046 1528 3096 erat
1540 3058 1597 3096 non
1611 3040 1717 3097 minori
1730 3040 1821 3097 ferme

65 3142 126 3182 cum
140 3125 246 3181 amicis
267 3124 326 3179 suis
340 3124 515 3195 conterebat,
529 3124 560 3179 in
577 3124 622 3179 his
634 3128 730 3180 autem
746 3141 843 3180 secum
857 3123 917 3196 ipsc
973 3147 1059 3203 qrram
1075 3146 1139 3184 cum
1165 3129 1266 3201 Alypio
1294 3128 1505 3184 necessitudine
1524 3129 1702 3199 oonjrinctus.
1720 3127 1821 3183 Nebri-

66 3217 203 3289 toquitnr.
221 3214 292 3270 Mino
305 3213 461 3286 soliloquia
476 3212 592 3268 inscribi
607 3213 704 3280 voluit,
716 3230 789 3267 noro
801 3213 917 3285 quidem
973 3220 1036 3276 dius
1051 3219 1189 3290 singulari
1204 3218 1344 3283 bonitate,
1357 3234 1470 3273 summa
1481 3217 1643 3289 prudentia,
1659 3216 1822 3274 etmirabili

66 3309 89 3360 et
103 3305 277 3362 duriuscule
303 3303 429 3370 nominc,
445 3302 494 3357 sed
511 3302 545 3358 ad
559 3318 621 3357 rem
645 3301 848 3373 designandam
870 3318 919 3373 ap-
973 3305 1089 3376 iugenio
1114 3306 1289 3374 adolescens,
1309 3306 1432 3376 putrium
1446 3305 1548 3360 habuit
1565 3304 1686 3360 vicinam
1701 3305 1821 3361 Cartha-

65 3395 168 3466 posito.
200 3394 268 3451 Cum
282 3390 583 3463 enim,inquit,ueque
601 3391 696 3445 metius
712 3392 799 3460 quari
817 3394 918 3445 ceritas
973 3395 1046 3464 gini;
1063 3393 1823 3468 quainurbecumessetfrequentissimus,arctissi-

65 3487 161 3554 possit,
178 3498 264 3552 ᾳιιιιιιι
279 3479 473 3550 iuterroqondo
487 3484 512 3534 et
533 3479 728 3549 respondendo,
742 3484 766 3533 et
779 3481 827 3533 uto
841 3482 917 3547 qttis-
973 3499 1051 3538 mam
1065 3500 1130 3538 crim
1151 3483 1309 3555 Augustino
1325 3483 1476 3538 rhetoricae
1491 3483 1559 3537 artis
1573 3486 1641 3537 tuuc
1654 3481 1713 3537 illic
1727 3481 1821 3554 magi·

65 3568 916 3653 munerentur,quonaonpudeotoouu'noioltspulonteu,
974 3569 1821 3642 saroamtoitiameteonsuetndlnemjunxerat(leid,litu,

65 3675 232 3734 equepau
261 3659 615 3729 saepenominatam
643 3657 706 3711 oeno
728 3656 919 3711 induremur
974 3677 1033 3731 cop.
1053 3665 1120 3724 aa
1139 3664 1169 3728 o;
1187 3662 1452 3729 leo.o;oop.ro,n.
1471 3658 1820 3729 la;llo.r,oop.o‚o.at.

66 3748 269 3806 ιιιιιιιιίειιάιιιιι
295 3746 451 3804 inconditus
472 3748 634 3817 punitorio
659 3746 759 3800 olotuor
779 3745 918 3815 sepiolae,
975 3752 1036 3805 Nou
1063 3754 1159 3804 lamen
1188 3753 1417 3804 astronomorum
1454 3747 1632 3817 commentis,
1667 3747 1822 3824 Augustini

66 3845 217 3896 ornacum
233 3838 397 3893 lacumiano
410 3837 572 3902 naimonem,
586 3835 745 3905 Plerumque
758 3834 919 3889 dissimulo·
974 3840 1115 3910 exemplo,
1130 3854 1191 3893 sese
1206 3837 1299 3909 decipi
1319 3837 1451 3909 permisit
1466 3853 1472 3892 :
1489 3837 1547 3891 imo
1561 3836 1610 3892 illa
1623 3836 1776 3907 explodens
1794 3838 1823 3891 ot

65 3936 102 3998 to,
117 3927 260 3984 utendum
273 3931 299 3980 et
317 3929 429 3995 opertae,
440 3925 624 3996 pacatissime,
643 3927 674 3978 ut
686 3925 794 3992 opinor,
810 3927 834 3978 et
849 3938 919 3978 com·
974 3929 1138 3998 exsibilans,
1152 3927 1429 3998 Augustinumhunc
1439 3925 1623 3981 divinationis
1638 3924 1822 3997 generimiri·

66 4019 222 4074 uodusiaie
232 4016 353 4086 placuit,
368 4029 438 4070 ome
450 4016 510 4085 ipso
522 4015 727 4081 interroqatum,
744 4012 865 4082 enitique
879 4028 920 4067 re·
973 4018 1025 4071 fiae
1039 4016 1166 4071 deditum
1181 4032 1298 4071 avocare
1312 4015 1379 4070 inde
1394 4015 1558 4070 conabatur.
1578 4014 1733 4070 Verisimile
1748 4030 1822 4087 quo·

68 4107 259 4178 spondentem,
285 4107 336 4159 ιιοιι
357 4103 516 4172 adjurante,
542 4115 767 4171 uauuaqumera
796 4100 916 4169 (Solitoq.
974 4121 1029 4177 que
1056 4109 1108 4172 est,
1139 4104 1306 4160 Nebridium
1338 4104 1555 4160 Manichaeorum
1590 4104 1737 4159 erroribus
1764 4118 1821 4158 uon

68 4198 117 4252 til.
139 4199 169 4264 u,
185 4211 215 4250 n.
234 4195 287 4263 ιι).
306 4193 338 4248 Ιιι
364 4191 426 4262 ipso
454 4190 548 4263 operis
562 4188 679 4245 exordio
695 4205 724 4242 se
738 4188 846 4243 nescire
869 4188 917 4256 ait,
973 4194 1060 4249 fuisse
1075 4193 1264 4264 implicatum,
1275 4209 1340 4248 cum
1356 4209 1404 4248 eos
1418 4196 1598 4264 argumento,
1614 4208 1647 4247 ex
1663 4208 1720 4263 quo
1736 4207 1820 4263 expe·
1893 4234 1900 4245 .

66 4287 182 4357 quicum
199 4282 389 4354 colloquatur,
401 4280 609 4335 intrinsecusne
623 4278 669 4346 sit,
681 4277 916 4333 ancxtrinsecus:
974 4281 1033 4338 dire
1049 4298 1078 4335 so
1093 4297 1152 4336 non
1169 4284 1313 4352 poterent,
1333 4297 1392 4336 non
1414 4280 1598 4352 impugnaret
1611 4280 1707 4347 modo,
1721 4294 1822 4334 rerum

67 4392 95 4430 se
107 4390 176 4429 xero
193 4371 230 4427 ad
246 4386 313 4427 eum
327 4369 558 4441 cognoscendum
572 4368 649 4424 bunc
664 4382 826 4421 sermonem
841 4365 919 4420 insti·
973 4371 1060 4426 etiam
1075 4373 1268 4442 expugnaret:
1281 4369 1356 4425 unde
1371 4373 1400 4424 et
1412 4368 1507 4441 ipsum
1518 4367 1720 4439 augustinum,
1736 4371 1764 4423 et
1773 4382 1822 4422 eos

66 4468 157 4531 tuere,
173 4464 326 4534 postquam
340 4459 375 4515 do
396 4457 561 4530 cognitione
579 4455 738 4527 suiipsius,
755 4459 783 4509 ct
803 4455 838 4510 de
852 4454 920 4509 boui
973 4459 1023 4532 qui
1039 4459 1203 4526 audiebant,
1219 4458 1399 4514 concutiebat
1414 4458 1506 4529 (lota,
1523 4457 1569 4512 lib.
1582 4461 1609 4524 7,
1626 4472 1686 4527 cop.
1703 4460 1729 4525 ι,
1740 4473 1769 4512 ιι.
1786 4458 1822 4526 tt

66 4549 228 4624 qnaemndi,
245 4547 371 4619 malique
385 4545 528 4602 devitandi
546 4543 663 4600 scientia
677 4545 781 4599 multos
796 4542 857 4598 dies
878 4559 919 4597 se·
974 4549 1005 4603 ln
1020 4549 1136 4603 illorum
1151 4551 1247 4603 tamam
1262 4547 1463 4603 haereticorum
1486 4561 1584 4600 errore
1599 4544 1767 4616 aliquandiu
1778 4546 1822 4617 Ja-

67 4642 133 4697 dnlo
148 4637 291 4710 cogitavit
315 4635 408 4708 (laid,
430 4635 479 4690 tit.
496 4638 521 4701 l,
542 4650 570 4690 ιι.
589 4634 624 4703 l).
640 4635 671 4689 ιιι
694 4631 753 4687 suis
772 4633 918 4687 Retracto·
974 4638 1041 4701 cuit,
1070 4636 1119 4708 qui
1142 4637 1246 4692 Christi
1261 4652 1376 4691 carnem
1402 4635 1572 4706 phantasma
1599 4633 1752 4690 credebant
1767 4649 1773 4689 :
1789 4649 1823 4690 ex

67 4730 178 4786 tionum
194 4724 279 4782 libris
292 4723 433 4781 rationem
458 4732 556 4778 secum
581 4720 705 4793 colloqui
726 4726 845 4776 testatur
860 4725 919 4779 tlte
974 4743 1032 4799 quo
1047 4726 1165 4782 tandem
1179 4725 1266 4781 etium
1281 4729 1347 4780 ante
1362 4728 1521 4796 susceptum
1535 4723 1621 4779 [idem
1637 4722 1822 4779 christianam

67 4816 209 4875 trocttib.
229 4815 416 4885 l,cop.l,n.
434 4815 468 4878 ι).
486 4808 920 4882 Mocopusbipartitumestziu
975 4814 1091 4870 emersit
1106 4814 1197 4885 (ibid,
1226 4813 1392 4882 tit.9,aap.
1410 4815 1435 4878 3,
1462 4829 1490 4867 n.
1505 4811 1543 4885 6).
1560 4813 1631 4868 Cum
1647 4809 1823 4882 Augustinus

67 4902 296 4976 primoquidem
313 4902 387 4958 libro
408 4900 530 4974 inquirit
543 4898 635 4971 qualis
651 4914 711 4954 csse
734 4898 846 4965 debeat,
870 4898 920 4969 qui
975 4902 1165 4960 Mediolanum
1174 4901 1308 4970 venisset,
1324 4900 1475 4958 Nebridius
1484 4916 1600 4973 quoqne
1608 4900 1707 4956 relicta
1719 4899 1823 4973 putria,

67 4994 239 5066 sapientiam
253 4991 425 5062 investigare
439 4989 517 5056 velit,
532 5003 599 5060 quse
617 5003 675 5042 nou
691 4986 817 5058 corporis
830 4988 920 5042 sensi·
977 4992 1099 5064 ipsaque
1111 4990 1292 5062 Carthagine,
1316 4990 1416 5045 relicto
1435 4989 1555 5062 predio,
1574 4989 1675 5045 relicta
1690 4990 1775 5045 domo
1795 4991 1824 5042 at

67 5083 128 5154 bus,
143 5083 197 5138 sed
211 5084 312 5137 mente
334 5077 505 5152 percipitur;
520 5076 594 5133 etin
619 5079 746 5131 extrema
759 5079 839 5148 parte
855 5075 922 5131 libri
975 5097 1033 5136 non
1061 5083 1193 5134 sectatura
1218 5082 1319 5146 matre,
1344 5079 1536 5135 Mediolanum
1557 5094 1586 5134 se
1604 5076 1736 5144 contulit,
1763 5089 1822 5131 non

68 5188 99 5226 ea
112 5187 181 5245 quae
192 5184 261 5227 rere
281 5172 359 5236 sunt,
374 5165 552 5222 immortalis
566 5180 637 5232 osso,
653 5163 824 5237 quibusdam
838 5179 922 5236 ortlu-
975 5168 1031 5224 alio
1045 5166 1174 5236 consilio,
1188 5182 1275 5238 quam
1288 5171 1393 5224 utana
1407 5183 1473 5223 cum
1486 5165 1646 5239 Augustino
1661 5164 1778 5232 viveret,
1791 5176 1824 5218 ac

68 5264 171 5320 mentis
180 5259 317 5317 ostendit
336 5259 368 5313 ln
379 5259 468 5313 altero
482 5257 625 5314 eutemde
639 5256 852 5312 immortalitate
862 5255 922 5311 ani·
975 5257 1017 5313 illi
1041 5273 1094 5328 pro
1113 5255 1326 5323 ardentissimo,
1351 5273 1408 5329 quo
1423 5257 1571 5328 flagrabat,
1594 5251 1721 5309 veritatis
1736 5255 1763 5306 et
1777 5266 1823 5307 se·

68 5367 119 5409 ma
138 5350 257 5408 disserit
272 5365 280 5405 ε
297 5347 347 5404 sed
369 5348 443 5403 bunc
458 5346 647 5420 questionem
673 5345 708 5401 ad
731 5344 838 5401 exitum
861 5361 921 5400 non
976 5345 1092 5419 pientiae
1109 5344 1394 5417 inquirendaestudio
1410 5346 1599 5401 collaboraret
1615 5340 1711 5412 (leid,
1728 5340 1777 5396 tib.
1795 5343 1823 5410 a,

68 5441 191 5499 adducit.
208 5439 269 5495 Nec
278 5436 356 5494 enim
371 5441 498 5493 extrema
511 5451 614 5491 munus
629 5433 746 5491 accessit
759 5433 826 5489 huic
841 5435 920 5506 operi
975 5448 1035 5504 cop.
1056 5436 1098 5501 lc,
1109 5450 1138 5488 ιι.
1155 5433 1211 5507 tl).
1222 5434 1330 5491 Pariter
1343 5435 1515 5506 suspirabat,
1530 5431 1693 5515 pariterque
1705 5428 1824 5486 tluctua·

68 5530 147 5593 llid..
161 5545 229 5602 top.
245 5531 274 5597 s,
287 5542 317 5583 n.
334 5526 371 5598 ιι,
385 5528 418 5581 ιιι
431 5523 494 5598 ipse
507 5522 660 5597 signittcat,
679 5538 714 5578 eo
737 5520 867 5592 consilio,
888 5525 920 5576 ιιι
976 5522 1027 5578 ιιι
1042 5539 1049 5578 :
1065 5522 1177 5578 beatum
1200 5523 1288 5581 ritum
1301 5539 1414 5580 summa
1439 5520 1619 5577 contentione
1643 5518 1823 5592 exquirebat,

235 5627 387 5694 Parnon.
412 5621 538 5690 xxxll.
1545 5615 1676 5704 (Ginq.)
