3884 6112
655 233 762 292 mean
798 234 948 294 srxrus.
1626 243 1680 299 ηρ

76 354 201 410 vidimus
225 352 319 419 tacite,
337 356 366 408 et
384 354 467 409 aliter
482 369 647 427 nunquam:
673 356 775 411 sedon·
831 357 938 414 clesia¹
955 358 1040 416 unica
1058 375 1161 431 corpus
1185 359 1265 416 Unici
1287 359 1341 430 tul,
1358 359 1390 416 in
1413 376 1470 433 qua
1491 362 1552 418 mhi
1572 378 1680 421 nomen

78 443 215 500 diuturno
225 441 338 498 silentio
350 441 425 514 (quis
439 443 585 498 animiam
596 443 775 500 intentoesse
831 447 935 503 Christi
953 447 1055 504 infanti
1075 453 1118 504 est
1134 449 1269 512 inditum,
1279 465 1338 504 non
1348 453 1462 521 saperet
1477 449 1621 506 infantiles
1629 468 1680 506 aa·

65 533 164 603 lereti)
181 530 408 594 discedebamus,
420 535 450 585 et
463 531 694 602 conjectabamus
709 549 775 588 cum
830 550 895 606 gas,
921 551 1014 607 nequae
1037 537 1093 592 hoc
1116 536 1224 592 babere
1244 538 1275 592 in
1290 537 1418 593 doctrina
1434 553 1486 592 sua
1503 553 1582 607 sana,
1602 539 1678 609 quod

65 638 84 677 o
97 625 239 691 temporo,
255 620 333 691 quod
343 620 511 691 reparanda
527 620 617 675 menti
632 638 692 676 suae
707 638 776 676 nan·
829 627 857 678 te
869 627 1025 678 creatorem
1040 625 1170 679 omnium
1190 624 1221 680 in
1243 625 1367 696 spatium
1387 625 1443 680 loci
1457 626 1587 698 quamvis
1600 642 1681 682 sum·

66 727 89 778 r,
105 709 241 765 feriatum
255 710 291 763 ab
303 709 424 779 strepitu
436 724 586 763 causarum
604 709 774 777 alienarum,
830 728 910 767 mum
927 717 955 767 et
970 712 1108 784 amplum,
1129 717 1226 769 tamen
1240 713 1368 785 undique
1387 713 1572 769 terminatum
1587 730 1680 771 mem·

65 798 140 855 aliud
159 799 284 866 avocari3
301 803 329 852 et
345 813 443 853 cavere
457 798 576 852 fortasse
592 814 627 852 ne
642 798 775 856 auditore
829 800 948 855 brorum
958 801 1152 857 bumanorum
1167 801 1259 874 ligura
1269 801 1461 859 contruderet.

77 891 106 944 et
128 887 250 953 intento,
269 886 293 941 si
313 902 371 959 qua
395 886 543 941 obscurius
566 886 707 957 posuisset
727 887 776 942 ille
864 892 891 943 e.
912 889 1076 945 Gaudebam
1100 890 1186 945 etiam
1210 891 1286 962 quod
1302 894 1397 946 vetera
1418 890 1522 962 scripta
1544 891 1626 964 Legis
1651 899 1681 949 et

65 982 151 1048 geret,
173 975 259 1031 etiam
283 990 426 1046 exponere
441 990 555 1028 necesse
570 979 661 1041 esset;
677 978 726 1028 aut
740 973 775 1028 de
829 977 1037 1048 Prophetarum
1047 978 1108 1049 jam
1124 995 1182 1033 non
1192 977 1242 1034 illo
1258 978 1340 1034 oculo
1357 979 1428 1034 mibi
1441 979 1562 1051 legenda
1575 995 1678 1052 propo·

75 1061 677 1134 dillicilioribusdisceptarequmstionibus,
688 1065 774 1132 atque
829 1070 976 1133 narentur,
990 1081 1047 1138 quo
1059 1071 1142 1121 antea
1161 1067 1330 1122 videbantur
1349 1068 1482 1138 absurda,
1497 1085 1563 1124 cum
1578 1084 1680 1138 argue·

65 1154 84 1209 ri
97 1153 274 1224 temporibus
292 1151 440 1223 impensis,
466 1149 562 1204 minus
588 1165 675 1221 quam
691 1151 776 1205 vellet
828 1152 895 1207 bam
916 1157 1052 1225 tanquam
1076 1154 1117 1208 ita
1143 1154 1297 1209 sentientes
1323 1159 1435 1211 sanctos
1467 1160 1549 1226 tuos;
1579 1171 1680 1212 verum

65 1260 101 1299 rm
122 1242 281 1298 evolveret:
302 1255 468 1312 quanquam
484 1242 513 1293 et
528 1254 614 1293 causa
628 1238 774 1293 servanda
829 1244 996 1296 autemnon
1015 1241 1055 1296 ita
1075 1242 1254 1297 sentiebant:
1270 1246 1299 1297 et
1312 1246 1451 1314 tanquam
1472 1246 1601 1315 regulam
1614 1244 1680 1300 dili·

65 1348 93 1388 ae
117 1331 160 1386 illi
179 1330 314 1386 lacillime
340 1327 564 1396 obtundebatur,
586 1329 699 1397 poterat
713 1341 774 1381 esse
829 1329 998 1401 gentissime
1011 1331 1236 1397 commendaret,
1248 1347 1323 1401 saepo
1336 1331 1367 1385 in
1377 1331 1564 1403 popularibus
1573 1348 1680 1389 sermo-

65 1419 118 1476 cite
132 1419 263 1492 legendi.
281 1417 416 1484 Quolibet
428 1421 525 1472 tamen
541 1414 637 1471 animo
652 1414 681 1471 id
703 1430 774 1484 age·
828 1415 912 1472 uibus
939 1416 998 1472 suis
1021 1417 1165 1473 dicentem
1194 1417 1378 1474 Ambrosium
1409 1420 1492 1475 latus
1517 1421 1679 1491 audiebam,

76 1508 174 1581 abque
187 1508 234 1562 illc
248 1507 292 1562 vir
307 1505 418 1578 agebat.
828 1507 933 1561 Littera
952 1507 1068 1573 oceidit,·
1084 1509 1200 1576 spiritns
1213 1512 1303 1563 antem
1318 1507 1442 1578 vivificat
1452 1509 1485 1579 (ll
1499 1509 1565 1564 Gor.
1578 1525 1620 1574 111,
1634 1508 1678 1581 d):

79 1602 156 1653 certe
176 1596 247 1652 mibi
263 1597 342 1652 nulla
366 1595 488 1650 dabatur
512 1593 594 1666 copia
613 1591 774 1648 sciscitandi
827 1608 893 1647 cum
910 1609 943 1648 ea
957 1609 1023 1665 qum
1043 1593 1079 1649 ad
1093 1593 1219 1648 litteram
1240 1592 1455 1664 perversitatem
1477 1592 1578 1649 docere
1601 1592 1680 1650 vide·

65 1687 151 1743 ‚ebam
170 1686 204 1741 dc
221 1691 278 1741 tam
295 1688 391 1739 sancto
409 1683 524 1738 oraculo
540 1686 590 1737 tuo
609 1685 724 1753 pectore
737 1680 772 1734 il·
828 1681 942 1750 bantur,
959 1685 1070 1738 remoto
1084 1681 1202 1752 mystico
1214 1682 1374 1737 velamento
1391 1681 1576 1753 spiritualiter
1590 1682 1681 1754 aperi·

65 1772 245 1845 cumaliquid
260 1771 384 1827 breviter
398 1767 774 1825 essetandicndum.AEstus
827 1774 881 1838 ret,
905 1786 966 1825 non
993 1769 1089 1827 dicens
1113 1770 1192 1842 quod
1214 1785 1262 1825 me
1290 1769 1456 1837 offenderet,
1487 1769 1618 1841 quamvis
1646 1786 1680 1825 ea

64 1862 272 1919 imeiotiosum
288 1877 354 1916 eum
370 1859 462 1926 valde,
478 1858 524 1913 cui
540 1856 771 1924 refunderentur,
828 1858 945 1926 diceret,
971 1873 1036 1931 qum
1061 1861 1159 1913 utrum
1179 1873 1246 1912 vera
1273 1862 1369 1912 assent
1388 1857 1483 1912 adhue
1504 1856 1678 1928 ignorarem.

65 1955 110 2014 nt,
125 1967 177 2006 nec
187 1965 315 2022 unquam
326 1946 520 2003 inveniebant.
532 1947 640 2000 Etcum
650 1944 770 2017 quidem
829 1946 974 2003 Tenebam
989 1946 1067 2002 anim
1081 1961 1129 2000 cor
1143 1961 1241 2000 meum
1250 1945 1284 2001 ab
1292 1943 1372 2000 omni
1386 1943 1560 2013 assensione,
1573 1945 1679 2001 timens

65 2039 205 2096 »uerbum
218 2037 345 2093 veritatis
358 2041 434 2092 recte
449 2038 616 2090 tractantem
632 2032 711 2088 omni
725 2032 771 2088 die
828 2034 1032 2108 praecipitium
1050 2040 1079 2090 et
1099 2023 1253 2106 suspendio
1278 2033 1370 2106 magis
1388 2033 1520 2089 necabar.
1543 2034 1680 2090 Volebam

87 2128 253 2194 audiebam,
278 2131 307 2182 et
328 2125 420 2197 magis
439 2125 588 2197 magisque
612 2122 686 2178 mihi
704 2137 771 2178 con·
829 2124 907 2181 enim
921 2140 1022 2180 eorum
1036 2140 1101 2195 quae
1117 2138 1176 2179 non
1189 2122 1367 2178 videramita
1379 2125 1546 2177 mecortum
1560 2121 1633 2190 llari,
1647 2125 1681 2178 ut

65 2233 90 2274 rr
113 2233 212 2272 omnes
233 2220 413 2272 versutarum
435 2213 644 2269 calumniarum
669 2211 773 2274 nodos,
829 2218 922 2269 certus
936 2229 1028 2268 essem
1043 2211 1121 2284 quod
1135 2216 1246 2283 septem
1266 2215 1294 2266 et
1306 2209 1363 2266 tria
1380 2210 1478 2265 decern
1498 2209 1564 2266 sint.
1582 2211 1680 2282 Neque

76 2305 241 2377 deceptores
262 2303 353 2358 nostri
375 2302 509 2357 adversus
535 2300 646 2357 divinos
674 2299 772 2354 Libros
828 2302 906 2357 enim
921 2305 981 2357 tam
996 2300 1114 2356 imarus
1134 2315 1223 2368 eram,
1244 2302 1278 2354 ut
1295 2314 1331 2354 ne
1345 2298 1399 2353 boc
1414 2297 1532 2371 quidem
1546 2301 1681 2370 putarem

65 2397 113 2463 nt,
137 2407 219 2464 posse
234 2390 358 2446 dissolvi.
382 2389 434 2445 Ubi
448 2406 514 2445 vcro
536 2388 623 2444 etiam
646 2386 774 2458 comperi
828 2406 911 2463 posse
925 2387 1145 2461 comprabandi;
1167 2388 1217 2444 sed
1239 2387 1312 2443 sicat
1329 2388 1394 2452 boc,
1409 2386 1449 2442 ita
1466 2387 1680 2459 caeteracnpie-

65 2497 128 2537 nem
140 2485 220 2535 tuam
234 2478 383 2534 bominem
398 2495 414 2533 a
427 2482 454 2532 te
468 2478 586 2544 lactum,
602 2493 619 2531 a
634 2475 769 2547 spiritua·
829 2481 905 2547 bam,
921 2479 980 2534 sive
994 2476 1155 2549 corporalia
1177 2492 1243 2549 qua
1260 2491 1356 2532 coram
1378 2475 1508 2532 sensibus
1530 2474 1601 2531 meis
1619 2490 1680 2531 non

64 2566 151 2622 stuis
166 2581 238 2636 quos
253 2565 287 2620 de
302 2568 393 2619 matre
413 2563 556 2619 Catholica
576 2577 629 2634 pet
649 2560 773 2633 gratiam
829 2557 977 2635 adessent3
1005 2566 1063 2622 sive
1089 2565 1260 2638 spiritualia,
1285 2564 1320 2620 de
1348 2564 1453 2636 quibus
1479 2564 1604 2637 cogitare
1622 2561 1690 2619 nisi.

65 2655 108 2723 sti,
142 2671 200 2709 non
225 2653 265 2708 sic
296 2652 420 2724 intelligi
442 2655 475 2706 ul
498 2649 618 2706 humani
647 2647 772 2720 cori¹⁰ri³
828 2655 1199 2730 corporalitarnesoiebam.
1221 2654 1255 2708 Et
1269 2651 1363 2708 sanari
1378 2652 1676 2723 eredendopoteram.

86 2743 272 2799 terminatum
301 2741 450 2796 crederent
474 2743 559 2811 atque
590 2737 772 2809 cogitarent:
828 2751 860 2801 ut
869 2743 1018 2817 purgatior
1027 2742 1101 2798 acies
1111 2741 1294 2797 mentismem
1304 2739 1476 2812 dirigeretur·
1484 2739 1582 2811 aliquo
1592 2739 1679 2795 modo

65 2849 89 2889 m
102 2831 248 2905 quomodo
262 2847 291 2884 se
305 2830 425 2885 haberet
435 2826 591 2899 spiritualis
603 2825 774 2894 substantia,
829 2835 860 2889 jn
880 2833 1028 2888 veritatem
1048 2834 1129 2886 tuam
1156 2844 1269 2900 semper
1287 2831 1463 2895 manentem,
1486 2830 1515 2881 et
1540 2841 1576 2882 ex
1598 2826 1680 2881 nullo

65 2937 91 2975 [ὓ
114 2920 239 2975 tenuiter
262 2923 347 2989 atquc
362 2917 392 2971 in
417 2915 570 2986 fflssissmllle
591 2911 773 2985 ⁵⁰⁵Pi⁰flh³1¹3
829 2921 1019 2979 deiicientem.
1036 2917 1091 2975 Sed
1104 2917 1178 2973 sicut
1199 2914 1312 2972 evenire
1331 2914 1434 2970 assolet
1449 2917 1482 2969 ut
1494 2915 1603 2970 melum
1617 2929 1678 2970 me-

65 3009 168 3065 audens
190 3007 291 3062 erubui
311 3022 370 3061 non
396 3019 442 3059 me
465 3008 508 3059 tot
528 3018 618 3057 annos
641 3001 774 3056 adversus
830 3010 926 3067 dicum
947 3011 1091 3080 expertus,
1114 3006 1201 3061 etiam
1224 3005 1301 3063 bone
1322 3003 1426 3059 timeat
1439 3019 1468 3060 se
1482 3003 1677 3069 committam

65 3114 92 3153 m
106 3097 204 3160 iidem,
221 3096 380 3150 sedcontra
394 3091 553 3149 carnalium
568 3089 773 3162 cogitationum
830 3099 870 3153 ita
885 3101 945 3152 erat
958 3095 1091 3152 valetudo
1115 3093 1219 3149 animae
1241 3107 1324 3161 meae,
1350 3107 1414 3164 quae
1429 3091 1529 3162 utique
1551 3090 1679 3147 umere.

86 3187 212 3243 latrasse.
238 3186 276 3238 Eo
295 3183 402 3255 quippe
424 3180 594 3235 temerarius
620 3182 648 3234 el
669 3177 776 3249 impius
830 3187 922 3242 dando
937 3184 1032 3241 senari
1046 3200 1106 3239 non
1121 3185 1241 3255 poterat,
1257 3184 1332 3236 etna
1346 3180 1418 3236 laisa
1432 3180 1571 3249 crederet,
1586 3181 1680 3236 curari

67 3275 147 3348 quod
170 3291 204 3329 co
218 3289 283 3345 quae
299 3272 437 3328 debebam
461 3267 617 3341 quaerendtt
641 3264 773 3323 di⁵00r0¹
830 3275 994 3342 recusabam
1012 3273 1148 3328 resistens
1166 3270 1300 3326 manibus
1319 3269 1387 3336 tuis,
1407 3268 1458 3342 qui
1472 3268 1681 3325 medicamenta

67 3381 84 3420 ⁰
105 3364 244 3421 dixeram·
262 3364 304 3417 TU
327 3360 415 3427 essim,
435 3357 572 3414 fllllSSifflt
587 3360 615 3410 ⁰l
634 3353 789 3428 Pl⁰¹l¹¹¹⁰a
831 3364 900 3419 lidei
913 3361 1068 3431 coniecisti,
1084 3366 1113 3416 et
1127 3359 1255 3433 sparsisti
1270 3375 1355 3431 saper
1369 3358 1486 3415 morbos
1500 3357 1577 3415 orbis
1590 3361 1680 3414 terra·

65 3467 114 3507 ,me
133 3455 162 3506 et
179 3449 412 3522 praesentissima,
429 3446 475 3502 cui
495 3444 624 3500 membra
638 3459 697 3499 non
711 3444 777 3497 sunt
831 3469 907 3521 rum,
920 3457 949 3508 gt
960 3454 1072 3509 tantam
1081 3449 1138 3505 iilis
1148 3447 1347 3505 auctoritatam
1360 3446 1494 3503 tribuisti.

65 3557 106 3596 rra
130 3542 158 3595 et
173 3538 228 3593 alia
252 3537 374 3603 minora,
389 3535 439 3591 sad
461 3534 569 3606 ubique
592 3535 668 3587 totus
689 3546 730 3595 es,
749 3533 777 3584 ot
1174 3573 1287 3629 CQPUT
1306 3572 1329 3626 v

78 3629 205 3684 locorum
222 3643 265 3693 es;
281 3642 339 3680 non
353 3641 382 3679 es
401 3624 501 3695 utique
525 3622 618 3677 lorma
641 3620 695 3675 ista
714 3633 777 3673 cor·
1331 3611 1338 3627 ⁸

65 3733 144 3772 amen
159 3715 252 3771 iecisti
263 3713 411 3769 hominem
426 3711 461 3767 ad
471 3709 627 3782 imaginem
642 3714 735 3775 tuam,
749 3711 778 3761 et

79 3823 96 3861 a
109 3805 201 3877 capite
214 3819 307 3876 usquc
322 3803 356 3858 ad
367 3801 454 3874 pedes
468 3799 499 3854 in
515 3798 576 3854 loco
588 3802 641 3854 est.

263 3909 375 3964 CAPUT
395 3908 441 3962 IV.

65 4015 118 4057 ram
127 4001 251 4056 Ecclesiae
262 3998 406 4053 Ambrosio
421 3996 592 4050 concionante
603 3991 743 4060 intelligit.

65 4105 83 4145 a
109 4104 178 4160 ergo
207 4086 348 4142 nescirem
376 4082 521 4156 quomodo
555 4081 617 4135 baec
643 4077 778 4134 subsiste-

65 4193 85 4242 :o
101 4180 161 4245 toa,
182 4176 300 4249 pulsans
314 4172 326 4206 ²
341 4186 534 4243 proponerem
554 4167 698 4239 quomodo
718 4180 779 4219 ore·

70 4269 154 4332 esset,
167 4280 226 4320 non
240 4264 379 4318 insultans
391 4273 569 4332 opponerem
578 4255 660 4328 quasi
671 4255 711 4309 ita
720 4269 781 4308 arc·

867 3669 904 3722 Dc
914 3679 1052 3721 sommam
1064 3664 1207 3719 Librorum
1221 3660 1382 3717 auctoritate
1391 3663 1416 3714 et
1425 3659 1573 3714 necessario
1582 3672 1643 3712 aaa.

866 3777 894 3828 7.
914 3772 950 3826 Ex
965 3770 1018 3825 hoo
1032 3772 1129 3823 tamen
1144 3765 1328 3839 quoqucjam
1343 3779 1513 3838 praeponens
1522 3761 1681 3818 doctrinam

833 3858 1011 3924 catholicam,
1029 3855 1184 3911 modestius
1203 3854 1244 3911 ibi
1265 3853 1442 3925 minimeque
1457 3852 1596 3908 fallaciter
1617 3866 1682 3906 sen·

833 3949 937 4005 tiebam
946 3944 1043 4019 juberi
1053 3948 1084 3999 ut
1093 3944 1257 4000 crederetur
1270 3942 1347 4015 quod
1362 3957 1419 3997 non
1434 3938 1684 3998 demonstrabatur

834 4038 902 4111 (sive
926 4038 1001 4092 esset
1023 4033 1104 4107 quid,
1126 4032 1174 4089 sed
1192 4032 1240 4088 cui
1261 4032 1335 4088 iorte
1360 4046 1418 4086 non
1439 4033 1528 4098 esset;
1551 4029 1608 4084 sive
1631 4043 1683 4097 nec

834 4124 905 4198 quid
940 4125 1052 4195 esset),
1080 4137 1168 4195 quam
1202 4120 1261 4176 illic
1292 4117 1445 4176 temeraria
1478 4115 1683 4190 pollicitatione

834 4214 960 4270 scientim
982 4211 1179 4267 credulitatem
1201 4208 1330 4277 irrideri;
1355 4208 1496 4278 etposlea
1519 4209 1578 4259 tam
1592 4203 1685 4259 multa

836 4300 1044 4358 labulosissima
1059 4303 1088 4354 et
1106 4294 1320 4365 absurdissima,
1336 4295 1404 4368 quia
1418 4291 1609 4349 demonstrari
1623 4305 1684 4346 non

65 4442 78 4498 d
91 4441 162 4498 cem
179 4441 332 4496 retinerem
387 4441 595 4493 mmmmm
618 4433 642 4488 is
676 4433 781 4488 udeha,
834 4394 977 4464 poterant,
989 4386 1131 4445 credenda
1141 4384 1286 4458 imperari.
1301 4382 1409 4440 Deinde
1423 4379 1561 4453 paulatim
1571 4383 1614 4446 tu,
1627 4379 1683 4434 Do·

65 4531 180 4587 illusum
195 4534 224 4585 et
238 4455 390 4600 decepsug
414 4450 616 4597 promissioneg
624 4449 779 4588 cegtorum'
837 4480 924 4544 mine,
937 4492 1025 4534 manu
1035 4475 1185 4532 mitissima
1195 4479 1223 4531 et
1234 4469 1498 4531 misericordissima
1508 4471 1685 4541 pertractans

65 4635 140 4674 “om
154 4623 182 4674 et
195 4617 375 4673 animositate
401 4620 462 4670 tam
476 4613 567 4669 multa
577 4612 686 4666 incerta
699 4609 780 4683 quasi
837 4574 865 4626 et
879 4581 1054 4639 componens
1068 4580 1118 4619 cor
1134 4578 1242 4628 mcum,
1253 4555 1443 4617 consideranti
1454 4570 1541 4627 quam
1554 4553 1686 4610 innume-

379 4656 386 4683 ’
837 4656 938 4714 rabilia
960 4653 1105 4710 crederem
1133 4668 1197 4725 quae
1226 4665 1284 4706 non
1311 4646 1481 4716 riderem¹,
1505 4659 1597 4716 neque
1619 4658 1685 4699 cnm

65 4708 155 4763 rrisse.
176 4707 256 4771 Quod
279 4705 357 4761 enim
376 4705 446 4760 falsa
466 4706 571 4771 assent,
589 4704 690 4773 postea
712 4698 783 4754 mibi
1097 4742 1102 4755 ,
1240 4738 1246 4750 ,
1513 4732 1520 4744 ,
1588 4731 1594 4743 ,
1661 4732 1667 4744 ,

837 4747 1005 4820 gererentur
1027 4743 1197 4808 adfuissem3
1224 4740 1298 4792 sicut
1315 4739 1376 4791 tam
1397 4733 1488 4789 multa
1511 4749 1543 4788 rn
1565 4732 1687 4789 historia

838 4833 977 4907 gentium,
994 4835 1054 4887 tam
1074 4829 1165 4885 multa
1180 4827 1215 4884 do
1228 4824 1298 4880 locis
1313 4827 1399 4895 atque
1413 4821 1534 4878 urbibus
1548 4836 1614 4893 quae
1628 4835 1687 4875 noa

838 4923 974 4990 videram,
988 4925 1049 4977 tam
1064 4919 1152 4975 multa
1164 4914 1273 4981 etnicis,
1289 4916 1349 4968 tam
1363 4911 1454 4966 multa
1473 4908 1604 4976 medicis,
1627 4912 1688 4964 tam

838 5012 930 5067 multa
943 5008 1110 5067 bominibus
1124 5004 1187 5060 aliis
1202 5008 1286 5075 atque
1297 5000 1375 5069 aliis;
1389 5016 1454 5073 quae
1466 4998 1522 5056 nisi
1536 4997 1686 5054 crederen-

840 5106 895 5169 tur,
909 5101 1027 5155 omnino
1052 5095 1082 5151 in
1102 5094 1155 5149 bac
1172 5092 1231 5147 vita
1252 5090 1324 5146 nibil
1345 5103 1511 5162 ageremus;
1529 5088 1687 5158 postremo,

840 5206 927 5263 quam
941 5188 1107 5243 inconcusse
1120 5182 1209 5239 mum
1220 5181 1276 5237 lide
1289 5178 1454 5248 retinerem,
1468 5176 1504 5232 de
1518 5173 1623 5247 quibus
1636 5185 1688 5244 pa-

65 4358 130 4410 rset:
154 4358 234 4408 tanto
250 4351 338 4422 igitur
357 4350 449 4405 aerior
465 4363 534 4402 cura
547 4345 666 4400 rodebat
679 4344 781 4399 intima

65 4797 174 4853 Certum
189 4800 285 4849 tamen
302 4798 363 4848 erat
384 4790 462 4862 quod
477 4790 585 4845 incerta
603 4795 709 4854 essent,
725 4790 784 4840 eta

65 4884 146 4941 tando
160 4900 213 4955 pro
228 4882 311 4937 certis
329 4881 428 4936 habita
445 4878 574 4943 luissent,
595 4892 661 4930 cum
677 4873 783 4930 Catho-

65 4988 106 5028 sm
120 4973 201 5027 caecis
211 4969 445 5026 contentionibus
459 4981 634 5031 accusarem,
650 4963 703 5018 etsi
716 4978 785 5017 non·

65 5066 192 5133 opertam
213 5077 280 5115 sera
295 5059 455 5124 decentem,
475 5071 534 5110 non
556 5057 653 5107 tamon
677 5067 711 5106 ea
733 5050 784 5106 do-

65 5166 125 5222 puoe
138 5149 261 5219 graviter
276 5146 452 5203 accusabam.
469 5145 568 5214 ltaque
578 5138 784 5206 confundebar,

65 5239 214 5296 :tebarzet
237 5237 408 5309 gaudebam,
431 5235 504 5289 Deus
528 5246 619 5297 meus,
644 5228 785 5301 quodda-

65 5360 164 5412 atcere.
873 5349 1054 5405 ¹Postvooom,
1062 5340 1189 5401 Ecclesia,
1197 5338 1307 5412 'additur
1316 5338 1344 5389 in
1351 5335 1416 5388 Edd.
1423 5337 1479 5397 tan,
1487 5341 1604 5396 qumrox
1614 5328 1690 5379 abest

65 5423 177 5487 gendum
188 5437 247 5473 cnm
256 5424 315 5471 tiss.
327 5424 353 5470 et
362 5422 461 5469 Somni.
469 5417 542 5478 Aru,
550 5413 782 5480 uouquemadmo-
842 5426 858 5461 a
870 5411 930 5458 tiss.

69 5522 75 5535 .
90 5489 117 5538 et
134 5486 220 5536 caeteri
232 5484 294 5535 editi
310 5483 418 5541 babent,
427 5481 599 5546 pulsansque.
874 5474 885 5508 ἓ
900 5469 1031 5530 Viderunt,
1044 5466 1121 5532 justo
1134 5465 1209 5517 biart.
1224 5465 1257 5516 tl.
