3884 6112
148 284 200 340 747

144 421 211 462 vero
225 420 259 459 ex
272 407 300 460 te
315 417 376 458 esse
390 401 497 470 omnia,
515 402 567 456 hoc
588 402 649 457 solo
662 401 826 456 firmissimo
839 400 993 455 documen·

142 498 183 561 to,
199 494 267 566 quia
283 497 368 548 sunt:
384 497 477 547 certus
490 491 605 562 quidem
620 492 650 545 iu
666 491 726 544 istis
741 506 829 556 eram,
846 489 932 543 nimis
949 493 992 543 ta·

145 600 213 638 men
225 583 356 637 infirmus
367 583 401 637 ad
418 582 570 636 fruendum
587 586 624 635 te.
635 580 800 634 tlarrioham
816 581 898 651 plane
914 578 994 650 quasi

147 672 265 744 peritus,
282 677 309 726 et
324 671 379 726 nisi
393 670 425 724 iu
436 670 544 725 Christo
556 671 699 724 Salvatoro
715 674 809 724 nostro
824 669 900 722 viani
915 673 994 722 tuam

147 777 315 832 qrrarrerem,
339 778 397 814 non
423 759 541 830 peritus,
564 759 612 813 scd
634 759 779 829 periturus
801 774 905 813 essem.
932 759 995 811 tarn

147 849 224 903 enirn
235 864 376 919 coeperam
388 849 459 902 rclle
474 846 563 901 videri
574 847 696 918 sapiens,
709 847 809 917 plenus
819 863 903 917 pruna
914 860 994 899 meu:

147 941 175 991 et
189 953 247 991 non
262 938 375 998 flebam,
393 936 511 1006 insuper
525 941 553 989 et
568 935 689 989 inflabar
704 935 833 989 scientia.
852 933 904 989 Ubi
920 934 996 988 enim

147 1029 208 1079 erat
220 1025 270 1080 illa
284 1025 427 1079 aedificans
442 1024 592 1079 charitasa
607 1023 793 1078 fundamento
813 1022 994 1087 humilitatis,

147 1113 224 1186 quod
247 1117 290 1167 cst
303 1114 431 1168 Christus
451 1112 555 1167 lesus?
567 1115 623 1165 Aut
640 1112 755 1183 quando
776 1111 818 1165 illi
831 1110 897 1165 libri
913 1110 996 1165 doce·

146 1204 267 1254 rentme
281 1201 369 1254 eam?
384 1200 414 1253 lu
431 1215 503 1270 quos
514 1215 558 1252 me
571 1204 733 1268 propterea,
746 1197 913 1268 priusquam
928 1195 999 1251 Scri·

146 1292 246 1360 pluras
261 1292 323 1342 tuas
337 1287 557 1353 considerarem,
574 1287 657 1340 credo
669 1285 782 1340 soluisti
797 1287 953 1347 incurrere,
967 1287 998 1337 ut

147 1377 363 1448 imprimeretur
377 1375 524 1430 memoria
539 1391 610 1429 mcae
624 1374 767 1446 quomodo
783 1391 816 1428 ex
827 1373 868 1428 cis
883 1373 998 1427 allectus

147 1481 259 1521 essem:
275 1470 381 1520 etcum
400 1468 500 1535 postea
514 1463 544 1518 in
561 1463 642 1518 libris
659 1464 713 1518 tuis
728 1463 939 1517 mansuefactus
954 1476 997 1515 cs·

148 1570 218 1621 sem,
235 1558 264 1609 et
275 1553 440 1608 curantibus
451 1553 547 1624 digitis
558 1552 614 1607 tuis
629 1556 871 1608 contrectarentur
880 1550 999 1606 vulnera

149 1660 230 1712 mca3
246 1644 437 1699 discernerem
447 1648 532 1714 atquc
547 1643 750 1713 distinguerem
764 1641 834 1713 quid
850 1640 999 1695 interesset

147 1733 224 1788 inter
236 1732 491 1804 praesumptionem
505 1738 533 1786 ct
546 1731 770 1798 confessionem,
782 1731 858 1785 iuter
872 1728 999 1783 videntes

148 1839 206 1896 quo
221 1823 346 1877 eundum
364 1822 400 1875 sit
414 1837 465 1874 uec
484 1820 614 1874 videntes
630 1836 697 1891 qua,
714 1824 741 1874 et
756 1819 830 1874 viam
846 1819 998 1873 ducentem

115 1932 118 1937 ·
148 1909 353 1966 adbeatilicam
368 1909 503 1980 patriam,
518 1925 576 1963 non
590 1913 701 1963 tantum
713 1907 895 1974 cernendae,
911 1906 1000 1960 sedet

148 1998 341 2053 habitandam.
361 1998 431 2052 Nam
446 1997 470 2051 si
484 1997 578 2068 primo
594 1997 697 2050 sanctis
712 1996 768 2050 tuis
784 1995 895 2050 Litteris
910 1994 998 2048 infor·

149 2091 242 2142 matus
261 2103 362 2154 essem,
379 2091 408 2141 ct
426 2085 456 2139 in
476 2102 574 2140 carum
593 2085 787 2140 familiaritate
807 2083 1000 2139 obdulcuisses

149 2175 231 2242 mihi,
247 2180 276 2230 et
291 2179 390 2246 postca
405 2174 436 2228 in
456 2175 505 2228 illa
520 2175 666 2228 volumina
681 2173 863 2228 incidissem:
880 2173 999 2227 fortasse

150 2267 201 2318 aut
215 2261 406 2334 abripuissent
419 2278 465 2316 me
480 2279 497 2316 a
511 2262 697 2317 solidamento
717 2261 841 2333 pictatiS,
862 2265 910 2316 aut
925 2261 948 2314 si
970 2260 999 2316 in

149 2352 251 2408 affectu
265 2368 351 2424 quem
365 2351 509 2406 salubrem
524 2351 898 2422 imbiberamperslitissem,
915 2355 1000 2423 puta·

148 2457 210 2497 rem
226 2441 312 2496 etiem
322 2457 356 2496 ex
369 2440 425 2496 illis
440 2441 520 2496 libris
535 2457 601 2496 cum
616 2458 698 2514 posse
714 2440 835 2513 concipi,
851 2441 874 2496 si
890 2458 938 2497 cos
952 2456 999 2497 so-

149 2529 193 2585 los
203 2529 356 2603 quisquam
371 2529 523 2586 didicisset.

475 2672 588 2727 CAPUT
607 2673 673 2727 xxi.

203 2777 276 2848 aare
289 2780 318 2834 in
331 2780 417 2834 sacris
431 2778 521 2834 Libris
536 2780 680 2845 inuenerit,
695 2792 749 2833 non
763 2779 903 2834 inuentam
918 2779 947 2833 in

497 2868 654 2923 Platonicis.

186 2978 230 3030 ιι.
253 2975 351 3046 ltaque
374 2973 534 3029 avidissime
558 2973 667 3045 arripui
686 2972 880 3029 venerabilem
903 2973 999 3028 stilum

150 3062 273 3134 Spiritus
296 3063 466 3133 interpres
491 3062 601 3117 crateris
623 3064 783 3134 apostolum
808 3062 949 3130 Paulum3
971 3067 1000 3119 et

150 3150 300 3223 perierunt
311 3150 368 3205 illas
379 3150 552 3222 questiones
561 3150 591 3205 in
606 3151 709 3223 quihus
718 3152 789 3205 mihi
800 3152 954 3223 aliquando
963 3152 1001 3207 ri-

151 3256 200 3294 sus
214 3243 257 3295 est
270 3238 412 3294 adversari
437 3240 500 3306 sibi,
516 3244 544 3293 et
566 3255 624 3294 non
647 3256 804 3310 congruere
829 3240 1000 3295 testimoniis

152 3326 233 3399 Legis
249 3331 276 3382 et
291 3327 497 3398 Prophetarum
514 3331 606 3382 textus
622 3327 761 3381 sermonis
777 3327 848 3398 ejus.
865 3328 898 3382 Et
912 3344 1000 3399 appa-

151 3416 211 3471 ruit
224 3415 296 3471 mihi
311 3432 368 3470 una
383 3414 468 3471 facies
491 3415 673 3486 eloquiorum
697 3422 851 3483 castorum,
872 3420 901 3471 et
921 3418 1000 3471 exul-

742 274 1010 335 cannnsslortatt
1036 275 1064 334 S.
1099 275 1305 335 inuaserat.

1857 276 1902 332 iii

1048 399 1156 473 ginquo
1170 399 1264 455 videre
1284 414 1342 453 non
1356 401 1459 470 potest,
1473 395 1548 453 riam
1568 398 1671 453 tamen
1693 395 1830 452 ambulet
1853 413 1903 470 qna

1049 488 1153 551 veniat,
1175 492 1204 543 et
1223 487 1326 552 videat,
1344 488 1495 555 etteneat;
1520 486 1592 560 quia
1615 486 1672 542 etsi
1695 486 1905 542 condelectetur

1049 576 1135 631 homo
1150 576 1207 646 legi
1223 576 1273 631 liei
1287 576 1444 631 secundnm
1464 575 1636 632 interiorem
1657 575 1829 645 hominem,
1841 576 1903 647 quid

1050 665 1133 721 faciet
1148 666 1182 720 de
1199 665 1254 720 alia
1268 666 1332 737 lega
1346 667 1377 720 in
1400 664 1537 720 membris
1557 666 1628 733 suis,
1643 669 1836 737 repugnante
1860 665 1907 736 legi

1051 756 1156 810 mentis
1171 772 1240 822 sum,
1257 759 1286 810 ct
1299 772 1329 810 se
1343 756 1487 827 captivum
1508 756 1632 810 ducente
1654 754 1687 809 iu
1703 755 1770 826 lega
1795 754 1908 825 pcccati,

1051 860 1116 915 quae
1130 845 1212 899 estin
1223 844 1359 900 membris
1369 846 1449 916 ejus?
1460 843 1709 915 Quoniamjustus
1719 860 1763 910 es,
1780 843 1907 910 hominm

1050 949 1103 988 nos
1118 937 1213 988 autem
1227 934 1415 1005 peccavimus,
1431 933 1530 1005 inique
1544 931 1678 997 fecimus,
1696 932 1803 1004 inique
1825 931 1907 1004 gessi-

1052 1037 1125 1089 mus,
1138 1027 1167 1077 et
1177 1025 1293 1093 gravata
1306 1026 1346 1076 est
1360 1037 1447 1092 super
1459 1038 1512 1076 nos
1526 1037 1629 1076 manus
1643 1027 1708 1089 tua,
1725 1025 1757 1076 et
1768 1021 1849 1091 juste
1859 1024 1906 1075 tra·

1052 1109 1104 1165 diti
1119 1126 1217 1165 sumus
1232 1112 1311 1181 (llari.
1332 1127 1372 1179 ur,
1386 1111 1484 1180 §tr-32)
1499 1111 1617 1181 antiqno
1632 1108 1786 1181 peccatori
1802 1125 1907 1181 praepo-

1052 1199 1105 1254 sito
1121 1199 1235 1267 mortis;
1251 1198 1320 1270 quia
1336 1198 1476 1271 persuasit
1490 1199 1631 1254 voluntati
1647 1202 1762 1254 nostrae
1783 1197 1908 1254 similitu·

1054 1288 1152 1344 dinem
1175 1287 1330 1344 voluntatis
1352 1303 1421 1354 sum,
1444 1304 1500 1360 qua
1515 1286 1682 1344 inveritate
1699 1291 1756 1343 tua
1770 1287 1909 1342 noastetit

1053 1377 1147 1448 (Joan.
1171 1394 1230 1444 rur,
1252 1375 1307 1446 ii).
1332 1376 1405 1442 Quid
1429 1376 1511 1432 faciet
1531 1376 1620 1431 miser
1634 1377 1753 1432 homo‘?
1771 1375 1908 1442 Quuanro

1053 1465 1185 1520 liberabit
1199 1466 1234 1521 de
1248 1481 1368 1536 corpore
1384 1465 1484 1520 mortis
1497 1465 1596 1537 hujus,
1613 1465 1671 1521 nisi
1688 1465 1792 1538 gratia
1804 1470 1854 1521 tna
1866 1481 1909 1537 par

1053 1556 1150 1611 Jesum
1165 1553 1309 1609 Christum
1322 1554 1473 1609 llomiuum
1487 1558 1620 1609 nostrum
1635 1554 1728 1625 (liam.
1743 1570 1797 1622 vu,
1811 1556 1909 1626 mit,
1928 1579 1933 1589 ·

1055 1659 1142 1714 quem
1152 1642 1278 1714 genuisti
1291 1648 1478 1712 coaeternum,
1491 1648 1519 1698 et
1534 1642 1637 1699 creasti
1653 1642 1685 1698 in
1700 1643 1909 1716 principioru-

1054 1748 1120 1788 rum
1135 1737 1249 1786 tuarum
1271 1733 1365 1802 (Pron.
1393 1732 1524 1804 r111,2‘t),
1546 1731 1577 1786 in
1601 1747 1662 1804 quo
1675 1733 1821 1804 princeps
1833 1733 1908 1803 hujus

1055 1821 1155 1876 mundi
1171 1837 1228 1876 uon
1243 1821 1351 1876 invenit
1371 1821 1530 1894 quidquam
1553 1825 1648 1876 morte
1673 1820 1804 1893 dignum
1826 1822 1905 1891 (dour.

1054 1926 1108 1974 ιιι,
1136 1912 1190 1979 30),
1205 1914 1233 1964 et
1247 1909 1348 1965 occidit
1368 1925 1450 1977 eum;
1466 1914 1494 1965 et
1508 1913 1680 1965 evacuatum
1706 1915 1755 1965 est
1773 1909 1905 1981 chirogra-

1055 1999 1144 2071 phum
1165 1999 1242 2069 quod
1265 2002 1325 2054 erut
1347 1998 1522 2054 contrarium
1545 1998 1629 2053 nobis
1654 1999 1783 2070 (Gotoss.
1805 2015 1835 2066 n,
1851 1998 1903 2068 ill?

1056 2088 1114 2143 lloc
1125 2087 1181 2141 illas
1196 2087 1297 2142 littera
1313 2103 1371 2143 non
1390 2087 1504 2142 habent.
1528 2087 1590 2142 lton
1605 2086 1719 2141 habent
1730 2087 1792 2143 illae
1805 2087 1902 2159 pagine

1055 2176 1166 2231 vultum
1183 2175 1296 2246 pietatis
1316 2177 1411 2247 hujus,
1430 2176 1568 2247 lacrynras
1586 2173 1794 2243 confessionis,
1816 2174 1904 2230 ssent·

1056 2264 1132 2318 cium
1142 2267 1235 2331 tuum,
1250 2264 1383 2336 spiritum
1396 2264 1630 2333 contribulatum,
1647 2280 1699 2319 cor
1714 2265 1870 2320 contritum
1880 2269 1901 2317 el

1056 2353 1239 2409 humiliatum
1266 2355 1347 2425 [Psal.
1370 2370 1395 2422 a,
1422 2355 1475 2425 ι9),
1496 2353 1599 2426 populi
1622 2354 1764 2422 salutem,
1783 2370 1898 2427 sponsam

1056 2443 1197 2498 civitatem
1223 2442 1399 2514 (Apuani,
1423 2443 1463 2516 2),
1487 2442 1600 2497 arrham
1625 2443 1757 2515 Spiritus
1779 2443 1899 2514 amabili

1057 2534 1116 2590 Cor.
1133 2549 1159 2599 v,
1177 2537 1214 2600 5),
1230 2533 1365 2604 poculum
1385 2533 1471 2604 pretii
1488 2533 1591 2589 nostri.
1617 2535 1714 2589 Nemo
1737 2533 1781 2590 ibi
1803 2538 1897 2591 canui:

1056 2624 1150 2680 Nonne
1162 2625 1215 2677 Deo
1229 2622 1341 2678 subdita
1355 2625 1408 2678 erit
1421 2623 1513 2677 anima
1527 2625 1606 2678 meat
1618 2624 1666 2679 Ab
1680 2626 1746 2694 ipso
1760 2627 1830 2680 enin
1842 2625 1898 2679 satu

1057 2715 1116 2766 tare
1129 2727 1224 2766 meum.
1250 2714 1357 2768 Etanna
1377 2714 1435 2781 ipse
1457 2714 1526 2767 Deus
1541 2726 1615 2767 mars
1628 2717 1655 2767 et
1666 2714 1805 2768 salutaris
1826 2728 1897 2776 nean

1056 2805 1193 2869 susceptor
1207 2815 1290 2867 meas,
1305 2815 1358 2855 non
1371 2800 1494 2856 movebor
1509 2801 1629 2870 amplius
1655 2802 1745 2872 (Psoi.
1768 2818 1820 2864 uxr,
1833 2804 1858 2868 2,
1870 2803 1897 2867 ι).

1057 2889 1145 2943 Nemo
1156 2888 1197 2943 ibi
1207 2889 1446 2945 auditvocantem
1459 2904 1465 2944 :
1480 2889 1622 2945 Veniteud
1635 2904 1689 2957 me,
1706 2892 1760 2960 qui
1774 2890 1896 2946 ιιιιοηιιι.
1913 2882 1915 2889 ⁴

1057 2977 1255 3048 dedignantur
1274 2976 1310 3033 ab
1333 2994 1366 3033 ee
1382 2976 1491 3033 discere
1510 2977 1649 3050 quoniam
1670 2977 1755 3034 mih's
1767 2978 1897 3035 astethu·

1056 3064 1133 3120 milis
1155 3065 1249 3120 corde.
1274 3064 1452 3121 Abscondisti
1474 3065 1552 3120 enim
1574 3066 1637 3121 hac
1658 3066 1897 3138 asapientibusrt

1056 3153 1256 3226 prudentibus,
1282 3157 1311 3208 et
1324 3153 1454 3209 revalasti
1476 3169 1510 3209 ca
1523 3153 1651 3225 parvulis
1678 3156 1793 3224 (aare
1816 3156 1896 3222 autb

1056 3245 1102 3312 aa,
1117 3243 1171 3311 ιδ).
1188 3243 1221 3297 Et
1240 3240 1318 3297 aliud
1339 3246 1381 3297 est
1395 3242 1430 3298 de
1452 3241 1574 3298 silvestri
1588 3242 1743 3299 cacumine
1753 3243 1848 3300 videre
1858 3258 1897 3315 pa·

1057 3330 1141 3384 triam
1156 3329 1242 3401 pacis,
1254 3334 1283 3385 et
1293 3329 1349 3386 iter
1358 3329 1394 3386 ad
1405 3346 1468 3386 eam
1478 3331 1688 3399 noniurenire,
1706 3337 1738 3387 et
1751 3332 1854 3388 frustra
1864 3347 1897 3386 oo

1057 3419 1119 3473 nari
1141 3419 1295 3490 periuria,
1321 3419 1427 3475 circum
1452 3419 1651 3475 obsidentibus
1665 3424 1697 3476 et
1712 3420 1897 3476 insidiantibus

150 3510 211 3562 tare
223 3521 289 3561 cum
311 3509 436 3560 tremore
459 3504 554 3560 didici.
581 3506 612 3560 lit
626 3505 698 3577 coepi
713 3508 734 3574 ¹,
748 3509 776 3559 et
796 3504 894 3561 inveni
916 3505 1001 3577 quid·
1056 3507 1182 3579 fugitivis
1195 3507 1398 3579 desertoribus,
1413 3524 1478 3563 cum
1492 3508 1622 3580 principe
1636 3525 1693 3564 suo
1709 3510 1796 3567 leone
1809 3509 1897 3566 atdra-

151 3593 297 3666 quidillac
310 3610 408 3648 verum
431 3594 566 3665 legeram,
591 3593 644 3648 hac
663 3609 728 3648 cnm
753 3594 999 3648 commendatione
1056 3612 1146 3652 cone:
1162 3600 1191 3652 et
1204 3597 1283 3652 aliud
1304 3601 1401 3653 tenere
1422 3598 1499 3653 viam
1523 3598 1592 3653 illuc
1615 3598 1787 3667 ducentem,
1811 3597 1896 3655 curia¹

152 3682 251 3753 gratim
266 3688 324 3736 ture
339 3682 409 3748 dici3
424 3686 454 3736 ut
472 3681 522 3753 qui
537 3682 623 3749 ridet,
639 3698 698 3736 non
713 3681 752 3736 sic
766 3682 904 3753 glorietur
919 3682 1002 3754 quasi
1056 3686 1176 3742 coelestis
1190 3686 1371 3758 Imperatoris
1390 3687 1542 3755 munitam,
1557 3685 1608 3742 ubi
1622 3703 1684 3743 nou
1704 3688 1897 3744 latrocinantur

152 3785 210 3825 non
225 3770 374 3840 acceperit,
391 3786 449 3824 non
463 3770 555 3824 soluur
569 3770 599 3824 id
614 3771 691 3840 quod
705 3769 793 3837 ridet,
810 3771 954 3826 sedetiam
970 3776 1003 3827 ut
1057 3775 1262 3847 quicoelestem
1278 3775 1627 3844 militiemdeseruernnt3
1644 3775 1894 3833 vitantenimeau
1936 3816 1938 3829 .

152 3853 999 3932 videat(quidenimhubetquodnonacccpit‘flldor.rv,7]):
1056 3865 1128 3919 sicut
1139 3864 1321 3936 supplicium.
1336 3867 1400 3920 llaec
1415 3864 1488 3920 mihi
1498 3865 1750 3923 inviscerabantur
1762 3866 1896 3923 mirisuo
1936 3856 1938 3941 ,

154 3948 182 4000 et
197 3949 279 4012 utto,
296 3944 346 4017 qui
361 3961 518 4016 cssemper
533 3945 618 4015 idem,
633 3947 797 4000 nonsolum
813 3947 1004 4004 admoneatur
1056 3953 1111 4020 dis,
1127 3953 1361 4008 cunrminimum
1375 3952 1577 4026 Apostolorum
1594 3955 1895 4029 tuommlageremet
1936 4010 1938 4031 Ι

152 4040 185 4091 ut
198 4033 301 4102 rideat,
317 4033 466 4089 sedetiam
480 4039 597 4089 sanetur
611 4037 642 4089 ut
655 4039 769 4091 teneat:
786 4035 878 4108 etqui
893 4036 928 4091 de
942 4036 1003 4091 lon·
1056 4039 1301 4097 consideraveram
1315 4058 1403 4113 opera
1417 4045 1476 4111 tua,
1492 4047 1521 4098 et
1534 4058 1719 4114 expaveram.

1087 4142 1095 4176 ¹
1109 4141 1140 4189 ln
1152 4140 1228 4201 Ede,
1242 4154 1322 4202 curo,
1335 4142 1363 4192 nt
1375 4140 1404 4192 in
1417 4141 1479 4192 tiss.
1493 4140 1604 4207 Benigu.
1620 4142 1704 4209 louge
1718 4140 1894 4205 metiuntur&
1936 4154 1938 4159 ·

1054 4202 1163 4253 catcatis
1173 4204 1355 4268 imperatoris.

687 4335 1375 4554 tinnunculum.

184 4620 250 4670 Vitae
263 4619 345 4682 ipsius
356 4620 456 4682 partem
471 4614 579 4676 attingit
591 4609 798 4669 celeberrimam,
810 4625 910 4660 aunum
921 4612 1005 4661 atatis
1015 4611 1180 4684 trigesimum
1191 4610 1346 4671 secundum,
1357 4624 1408 4684 quo
1419 4623 1513 4724 nempe
1521 4623 1582 4661 eum
1596 4610 1804 4676 Simplicianum
1818 4620 1898 4683 consi·

157 4682 298 4743 luisset,uh
307 4694 390 4743 eoque
402 4679 536 4728 didicisset
546 4674 672 4728 Victorini
682 4674 891 4730 conversionem,
900 4688 960 4723 eum
970 4674 1077 4723 Antonii
1088 4674 1201 4737 AEgyptii
1214 4673 1337 4722 monachi
1348 4678 1428 4723 vitum
1438 4687 1470 4724 ex
1500 4674 1624 4724 outitimi
1634 4674 1766 4726 relatione
1773 4684 1897 4739 cognoris

154 4748 202 4803 set,
217 4747 277 4807 post
285 4742 467 4791 vehementem
479 4741 576 4789 luctam
587 4751 693 4788 caruem
704 4736 772 4785 inter
781 4739 807 4785 et
819 4736 946 4792 animum,
958 4736 1076 4786 codicem
1087 4736 1204 4799 Apostoli
1215 4735 1314 4785 coelesti
1326 4736 1478 4786 admonitus
1488 4736 1596 4787 oraculo
1606 4736 1740 4802 inspexin
1753 4746 1897 4803 moxqueex

154 4806 226 4857 illius
240 4805 352 4855 lectione
366 4803 399 4853 ad
416 4803 552 4853 meliorem
563 4802 665 4865 frugem
681 4803 736 4850 toto
750 4797 839 4848 auimo
853 4798 1008 4848 immutatus
1022 4798 1072 4848 fuit
1085 4797 1213 4862 pleneque
1226 4798 1259 4848 ad
1273 4798 1357 4848 Deum
1369 4812 1523 4849 conversus.

184 4209 192 4242 ¹
206 4206 279 4271 Cepi,
286 4204 365 4270 juata
376 4204 443 4255 Dub.
456 4204 532 4254 Mart.
545 4203 631 4253 ltoud.
644 4203 678 4253 bl.

959 4907 1106 4923 —

994 4985 1007 5020 ·’
1054 4995 1154 5052 similis
1169 4996 1238 5054 tibi?
1251 4996 1336 5067 (Psat.
1359 5013 1451 5068 xxxiv,
1477 4996 1535 5071 to.)
1549 4996 1691 5071 Dirupisti
1703 4997 1819 5054 vincula
1830 5009 1895 5061 mea,

188 5090 285 5152 Studio
297 5091 359 5146 nite
370 5089 464 5144 melias
474 5089 646 5144 instituendae
660 5091 697 5144 ad
707 5086 914 5158 simplicianum
928 5086 968 5140 irc
1053 5084 1209 5142 sacrificem
1223 5085 1274 5141 tibi
1289 5086 1459 5142 sacrificium
1473 5086 1565 5142 laudis
1578 5087 1663 5159 (Psoi.
1680 5104 1743 5157 cxv,
1762 5087 1815 5158 li).
1830 5086 1893 5151 Quo·

439 5000 552 5055 cartu
571 4997 717 5055 paruuli.

525 5179 632 5233 statuit.
1051 5174 1137 5230 modo
1152 5175 1284 5247 dirupisti
1297 5193 1340 5243 ea,
1357 5177 1495 5245 narrabo;
1510 5180 1540 5232 et
1554 5175 1651 5232 dicent
1662 5193 1768 5233 omnes
1779 5175 1828 5249 qni
1840 5172 1893 5229 ado

188 5277 214 5330 l.
231 5273 305 5328 Deus
327 5283 419 5330 meus,
442 5265 572 5320 recorder
587 5265 616 5320 in
638 5265 796 5336 gratiarum
812 5263 921 5319 actione
935 5262 999 5331 tibi,
1050 5267 1115 5318 rant
1125 5267 1163 5334 te,
1173 5279 1239 5320 cum
1249 5265 1368 5321 audient
1376 5266 1453 5321 haec:
1466 5263 1633 5323 Benedictus
1644 5259 1891 5322 Dominusiacelo

151 5367 181 5418 et
194 5361 332 5418 confitear
351 5353 806 5424 misericordinstuassuperme.
823 5352 1000 5408 Perfundan·
1049 5357 1076 5408 et
1090 5352 1120 5407 in
1134 5358 1226 5420 terra;
1243 5353 1679 5426 magnum'etmirabilenomen
1694 5355 1768 5427 ejus.
1782 5353 1888 5410 lutiae
1936 5342 1938 5351 ’

150 5455 199 5507 tur
210 5466 272 5506 ossa
283 5465 348 5504 mea
357 5443 509 5503 dilectione
523 5446 573 5498 tua
588 5440 609 5510 ¹,
626 5447 654 5497 et
668 5443 782 5499 dicant:
798 5444 919 5511 bonnac,
937 5444 999 5513 qais
1048 5444 1113 5496 rant
1126 5443 1291 5513 praecordiis
1301 5442 1371 5499 meis
1380 5443 1465 5499 verba
1475 5446 1533 5513 tua,
1547 5446 1576 5499 et
1590 5443 1722 5518 undique
1738 5437 1886 5501 circumret-

181 5550 189 5585 ¹
203 5548 265 5599 Bau.
281 5547 338 5598 nm.
353 5545 396 5596 Er.
411 5556 472 5595 cum
482 5540 571 5593 codice
584 5540 652 5602 alh,
663 5538 836 5593 delectatione
847 5542 905 5594 tac.
1048 5530 1126 5588 labar
1138 5531 1188 5587 abs
1199 5537 1236 5588 te.
1248 5533 1287 5588 De
1297 5532 1354 5590 vita
1364 5536 1413 5590 tua
1427 5537 1534 5590 aeterna
1545 5537 1642 5591 certus
1656 5550 1739 5591 emm
1751 5549 1759 5591 ι
1773 5525 1884 5606 querani
