3884 6112
529 342 583 447 S.
623 340 948 447 AURELH
986 338 1404 444 AUGUSTINI

739 505 996 556 HIPPONENSIS
1013 505 1193 556 EPISCOPI

411 636 580 796 ne
664 633 1115 793 neuun
1194 555 1592 792 viru

763 864 952 951 LIBER
984 862 1170 950 UNUS.

122 1026 271 1076 Triduanas
286 1026 327 1075 liic
338 1025 404 1075 liber
415 1025 601 1088 complectitur
611 1023 801 1086 disputationes
808 1021 945 1072 Theodoro
957 1024 1138 1085 nuncupatas;
1150 1021 1249 1085 quibus
1258 1033 1290 1071 eo
1303 1020 1409 1070 demum
1418 1034 1459 1071 res
1473 1021 1540 1080 ubit,
1550 1020 1705 1070 atbeatam
1719 1020 1860 1066 ammaon

94 1088 146 1138 nisi
165 1089 192 1137 in
203 1088 317 1153 perfecta
331 1089 378 1138 Dei
394 1088 545 1151 cognitione
557 1087 700 1137 consistere
717 1085 864 1134 definiatur.

90 1302 207 1357 CAPUT
223 1301 371 1356 PRIMUM.
382 1329 416 1342 -
431 1301 571 1366 Praelatio.
584 1301 662 1354 Dicet
677 1298 777 1353 librum
792 1298 938 1365 Theodoro,
992 1295 1248 1369 perducat‘lhujus
1259 1293 1373 1365 generis
1384 1296 1478 1349 lumen
1491 1293 1634 1364 plerique
1651 1292 1794 1346 nondum
1807 1291 1857 1345 lou-

125 1392 203 1461 eiqne
213 1391 302 1460 operit
312 1389 409 1457 quibus
423 1390 507 1442 veluti
527 1389 618 1444 Ventis
632 1387 669 1442 od
684 1389 840 1442 christianae
850 1388 940 1457 pbilo·
992 1384 1056 1457 gius
1067 1384 1187 1456 evagati,
1200 1382 1372 1455 quibusdam
1382 1397 1439 1437 non
1455 1382 1494 1437 ita
1506 1381 1651 1453 gravibus
1664 1379 1857 1436 molestiisre·

124 1479 226 1548 soplriae
238 1482 347 1547 portum
361 1478 494 1546 impulsus
513 1478 559 1530 sit.
575 1476 683 1532 Occasio
697 1476 902 1546 disputationis.
993 1474 1147 1530 ducuntur.
1159 1472 1193 1528 lii
1203 1470 1419 1538 sunthomines,
1433 1486 1582 1542 quoscum
1595 1470 1643 1524 vel
1655 1469 1857 1540 lacrymabiles

129 1571 151 1620 l.
169 1565 197 1620 Si
211 1565 246 1620 ad
261 1564 452 1637 philosophice
466 1567 593 1636 portum,
608 1563 643 1619 de
662 1580 718 1636 que
728 1565 788 1634 jam
804 1564 834 1617 in
848 1564 939 1618 beatas
992 1561 1142 1633 tragediae
1163 1561 1344 1616 fortunarum
1359 1576 1487 1626 suarum,
1504 1560 1548 1615 vel
1565 1557 1711 1614 inanium
1728 1558 1856 1627 negotiu-

93 1652 159 1708 vitae
170 1653 317 1724 regionem
331 1653 481 1724 solumque
495 1653 666 1723 proceditur,
677 1652 721 1706 vir
732 1652 939 1707 humanissime
991 1667 1056 1707 rum
1073 1650 1165 1705 anxie
1191 1649 1384 1718 dilllcultaies,
1412 1648 1494 1720 qnasi
1514 1647 1591 1704 nibil
1616 1647 1704 1702 aliud
1723 1647 1856 1702 habentes

55 1752 62 1765 ·
92 1743 180 1810 etque
190 1756 304 1811 magns,
320 1740 477 1807 Theodore,
493 1741 603 1796 ratione
621 1740 768 1796 institutus
786 1757 895 1809 cursus,
912 1744 941 1795 et
992 1740 1069 1812 quod
1084 1741 1180 1810 agant,
1197 1737 1226 1792 in
1242 1738 1332 1793 libros
1345 1737 1493 1792 doctorum
1508 1735 1853 1807 sapientissimorumque

90 1829 221 1883 voluntas
235 1829 296 1901 ipsa
310 1829 499 1900 perduceret;
516 1830 610 1885 nescio
626 1835 723 1885 ulrum
739 1835 845 1885 temere
860 1829 938 1885 dire-
991 1828 1143 1885 hominum
1158 1827 1305 1894 truserint,
1330 1826 1438 1898 inipso
1453 1824 1677 1897 quodammodo
1697 1829 1787 1896 portu
1801 1825 1852 1878 erl·

88 1916 156 1986 rim,
173 1918 266 1972 multo
280 1916 400 1972 minoris
415 1919 528 1974 numeri
542 1919 673 1975 homines
685 1919 720 1974 ad
737 1935 804 1974 eum
818 1935 939 1990 perven·
992 1916 1091 1987 gilanl,
1108 1916 1185 1970 unde
1199 1915 1263 1970 illos
1278 1915 1358 1970 nulla
1368 1914 1455 1968 maris
1470 1913 1548 1968 illius
1564 1913 1719 1985 promissa
1734 1912 1850 1967 nimium

89 2010 171 2062 turos
187 2006 285 2074 fuisse,
301 2007 432 2078 quamvis
446 2024 523 2063 nunc
537 2025 661 2081 quoque,
678 2012 710 2063 ut
725 2008 865 2074 videmus,
881 2006 939 2061 rari
991 2005 1064 2062 falso
1088 2004 1208 2060 ridentis
1225 2005 1386 2060 excludant.
1407 2005 1454 2059 list
1472 2007 1570 2057 autem
1588 2019 1691 2074 genus
1706 2001 1784 2057 inter
1796 2002 1849 2056 hec

991 2095 1109 2150 tertium
1129 2110 1240 2159 eorum,
1261 2092 1311 2164 qui
1326 2093 1369 2147 vel
1388 2091 1496 2162 inipso
1513 2090 1729 2145 adolescentiae
1746 2091 1846 2159 limine,

992 2183 1036 2239 vel
1048 2184 1109 2255 jam
1123 2182 1173 2237 diu
1184 2183 1366 2253 multumque
1378 2180 1486 2252 jactati,
1503 2184 1605 2235 tamen
1616 2179 1761 2252 quaedam
1775 2183 1845 2250 signa

991 2271 1158 2344 respiciunt,
1182 2276 1210 2326 et
1227 2287 1287 2325 sure
1310 2270 1481 2326 dulcissimae
1508 2268 1625 2341 patriae,
1661 2268 1796 2340 quamvis
1819 2268 1842 2322 iu

991 2360 1060 2433 ipsis
1070 2360 1204 2415 fluctibus
1213 2359 1397 2414 recordantur
1408 2376 1415 2414 :
1427 2362 1456 2413 et
1469 2362 1518 2413 aut
1532 2362 1613 2412 recto
1625 2373 1720 2412 eursu
1732 2357 1762 2412 in
1775 2357 1843 2412 nullo

990 2448 1064 2516 falsi,
1080 2453 1109 2502 et
1127 2447 1199 2502 nibil
1220 2447 1333 2515 morati,
1356 2462 1419 2502 eam
1434 2449 1571 2518 repetunt
1584 2461 1592 2506 ;
1607 2450 1664 2500 aut
1680 2445 1841 2516 plerumque

990 2538 1034 2593 vel
1050 2537 1124 2591 iuter
1139 2536 1238 2592 nubila
1259 2536 1415 2602 deviantes,
1438 2536 1480 2589 vel
1498 2533 1668 2605 mergentia
1684 2538 1841 2601 contuentes

990 2623 1094 2692 sidera,
1111 2625 1152 2679 vel
1169 2624 1316 2680 nonnullis
1331 2623 1473 2679 illecebris
1492 2622 1570 2693 eapti
1586 2622 1678 2677 bonae
1694 2622 1839 2694 navigatio

990 2713 1035 2767 nis
1057 2717 1187 2784 tempora
1209 2713 1383 2778 differentes,
1404 2715 1501 2767 errant
1514 2710 1640 2774 diutius,
1665 2728 1744 2782 saepe
1766 2710 1839 2766 elien

989 2801 1194 2872 periclitantur.
1212 2801 1289 2866 Quos
1306 2802 1376 2857 item
1395 2817 1469 2872 saepe
1488 2800 1633 2855 nonnulla
1647 2800 1682 2855 in
1697 2800 1840 2856 llurisior·

990 2889 1069 2945 tunis
1083 2889 1239 2957 calamitas,
1257 2890 1339 2962 qnasi
1355 2888 1504 2945 conatibus
1518 2904 1624 2944 eorum
1641 2889 1765 2946 adversa
1777 2894 1839 2945 tem·

990 2985 1094 3051 pestas,
1112 2979 1141 3034 in
1165 2979 1372 3051 optatissimam
1399 2978 1541 3051 patriam¹
1558 2977 1757 3050 quietamque
1769 2993 1838 3032 eom·

990 3068 1081 3142 pellit.

1027 3159 1052 3211 3.
1070 3156 1118 3212 ilis
1141 3161 1237 3212 autem
1257 3155 1400 3221 omnibns,
1423 3155 1473 3226 qui
1496 3171 1691 3227 quocumque
1708 3155 1795 3210 modo
1810 3153 1840 3208 ed

990 3245 1082 3302 beatae
1102 3244 1167 3300 vite
1190 3245 1337 3317 regionem
1357 3245 1497 3306 feruntur,
1517 3260 1597 3299 unus
1619 3244 1840 3299 immanissimus

990 3350 1073 3389 mons
1087 3338 1152 3388 ante
1168 3333 1264 3404 ipsum
1278 3340 1395 3405 portum
1410 3332 1593 3405 constitutus,
1610 3332 1666 3404 qui
1682 3333 1772 3387 eliam
1787 3347 1841 3386 ma·

991 3438 1061 3494 gnas
1076 3421 1304 3492 ingredientibus
1314 3421 1406 3492 gignit
1417 3420 1576 3493 angustias,
1591 3421 1840 3476 vehementissime

990 3509 1196 3575 formidandus,
1223 3508 1443 3581 cautissimeque
1471 3509 1605 3563 vitandus
1636 3514 1693 3565 est.
1715 3511 1787 3564 Nam
1808 3508 1841 3562 ita

991 3598 1091 3670 fulget,
1109 3599 1147 3652 ila
1161 3598 1316 3653 mentiente
1331 3599 1380 3652 illa
1395 3598 1457 3653 luce
1474 3597 1606 3663 vestitur,
1624 3604 1661 3652 ut
1681 3614 1744 3653 non
1759 3599 1840 3653 solnm

991 3686 1232 3760 pervenientibus,
1255 3688 1440 3758 nondumque
1456 3685 1595 3757 ingressis
1612 3687 1802 3743 incolendum
1816 3701 1840 3738 ss

990 3776 1100 3841 offerat,
1125 3780 1152 3830 et
1174 3791 1274 3830 eorum
1298 3774 1491 3830 voluntatibus
1507 3791 1560 3846 pro
1585 3774 1651 3844 ipsa
1667 3775 1756 3830 beata
1776 3781 1840 3830 terre

991 3864 1200 3920 satisfacturum
1226 3862 1416 3934 polliceatur;
1442 3863 1493 3917 sed
1521 3862 1703 3934 plerumque
1731 3864 1767 3919 de
1789 3863 1840 3934 ipso

991 3957 1073 4025 portu
1092 3953 1125 4007 ed
1142 3969 1202 4007 sese
1225 3951 1356 4007 homines
1374 3951 1485 4017 invitat,
1507 3966 1618 4022 eosque
1634 3966 1839 4025 nonnunquam

990 4041 1097 4098 detinet
1120 4041 1182 4111 ipsa
1202 4039 1353 4095 altitudine
1369 4039 1534 4106 delectatos,
1560 4040 1642 4096 unde
1662 4046 1786 4097 caeteros
1798 4041 1839 4096 de·

991 4130 1100 4202 spicere
1124 4129 1220 4184 libeat.
1240 4127 1275 4183 lli
1294 4132 1392 4183 tamen
1410 4128 1566 4183 admonent
1584 4144 1668 4201 saepe
1689 4116 1839 4196 venientes,

991 4235 1027 4273 ne
1043 4221 1091 4272 aul
1107 4217 1225 4272 occultis
1239 4216 1336 4272 subter
1351 4216 1474 4288 scopulis
1489 4215 1690 4287 decipiantur,
1706 4224 1759 4274 aut
1772 4219 1839 4274 adse

990 4306 1144 4362 ascendere
1166 4305 1247 4361 facile
1263 4309 1382 4377 putent;
1399 4310 1426 4360 et
1441 4321 1498 4376 qua
1520 4304 1581 4360 siue
1606 4306 1741 4378 periculo
1755 4307 1841 4377 ingre·

991 4396 1127 4451 diuutnur
1143 4398 1262 4465 propter
1284 4393 1360 4447 illius
1373 4397 1456 4447 terrae
1469 4392 1659 4462 vicinitatem,
1676 4395 1840 4450 benevolen-

991 4483 1100 4540 tissime
1115 4483 1225 4537 doeent.
1242 4483 1284 4537 lla
1302 4497 1367 4535 cum
1382 4482 1422 4535 eis
1441 4480 1572 4536 invident
1583 4483 1776 4540 vanissimam
1790 4484 1841 4557 glo

991 4573 1063 4628 riam
1078 4572 1170 4626 locum
1182 4570 1341 4625 securitatis
1353 4570 1517 4625 ostendunt.
1530 4571 1605 4625 Nam
1616 4588 1709 4643 quem
1724 4577 1842 4628 montem

993 4660 1080 4714 aliurn
1096 4660 1155 4713 vult
1168 4658 1290 4730 intelligi
1306 4659 1379 4714 ratio
1395 4658 1661 4730 propinquantibus
1673 4662 1710 4716 ad
1727 4662 1842 4734 pbiloso-

992 4747 1090 4820 phiam
1103 4747 1273 4819 ingressisve
1281 4748 1477 4816 metuendum,
1488 4746 1544 4802 nisi
1554 4750 1721 4819 superbum
1727 4749 1842 4806 stadum

89 2094 245 2149 admodum
268 2095 409 2166 paucique
433 2095 610 2165 perveniant.
628 2097 698 2151 Cum
717 2096 795 2149 enim
814 2095 844 2148 in
863 2094 939 2149 hune

90 2182 243 2250 mundum,
255 2182 311 2236 sive
325 2183 409 2250 Deus,
425 2183 483 2237 sive
498 2188 611 2246 natura,
627 2182 685 2238 sive
702 2182 862 2245 necessitas,
879 2182 937 2237 sive

89 2270 222 2324 voluntas
236 2274 342 2337 nostra,
359 2270 418 2325 sive
431 2272 581 2342 conjuncta
594 2273 696 2326 horum
706 2271 816 2343 aliqua,
831 2270 890 2326 sive
900 2270 938 2325 si-

89 2358 151 2412 mul
175 2358 273 2413 omnia
296 2360 350 2427 (res
370 2358 448 2413 enim
468 2359 591 2414 multum
614 2358 734 2414 obscura
756 2363 807 2426 est,
825 2360 875 2415 sed
893 2364 938 2413 ta-

90 2462 157 2501 men
171 2463 187 2500 a
202 2451 229 2501 le
241 2447 302 2516 jam
312 2446 481 2502 illustranda
492 2452 632 2519 suscepta)
647 2447 735 2502 veluti
749 2448 777 2501 in
793 2448 937 2519 quoddam

88 2535 283 2607 procellosum
301 2535 392 2590 salum
405 2552 459 2591 nos
473 2535 554 2607 quasi
566 2541 674 2590 ternere
688 2537 851 2609 passimque
866 2553 938 2607 pro-

84 2623 187 2695 jecerit
198 2641 204 2691 ;
217 2624 444 2696 quotusquisque
454 2630 635 2696 cognosceret
646 2641 703 2696 quo
719 2624 773 2679 sibi
787 2625 938 2680 nitendum

88 2717 173 2779 esset,
194 2728 285 2784 quave
308 2712 501 2778 redeundum,
527 2713 583 2767 nisi
607 2713 760 2784 aliquando
785 2718 813 2767 et
834 2713 938 2767 invitos

87 2805 245 2872 contraque
268 2801 430 2856 obnitentes
452 2801 548 2874 aliqua
565 2806 730 2873 tempestas,
756 2819 821 2874 quoe
844 2802 938 2858 stultis

64 2915 65 2920 κ
87 2889 201 2945 videtur
214 2889 349 2962 {adversa
370 2889 401 2944 in
420 2891 629 2963 optatissimam
652 2895 757 2945 terrum
780 2890 937 2945 nescientes

88 2980 273 3049 errantesque
289 2978 507 3050 compingeret?

124 3069 151 3119 i.
164 3065 256 3135 Igitur
267 3067 418 3121 hominum
428 3083 500 3138 quos
510 3067 692 3139 pbilosophis
700 3067 937 3139 potestaccipere,

89 3153 147 3207 tria
162 3152 246 3224 quasi
262 3154 462 3224 navigantium
486 3171 591 3226 genera
614 3155 685 3210 mihi
706 3156 804 3212 videor
829 3157 936 3212 videre.

90 3242 186 3296 Unum
207 3245 250 3295 est
264 3257 374 3310 eorum,
390 3259 463 3314 quos
477 3243 528 3297 ubi
543 3248 611 3298 oelas
628 3261 745 3315 compos
760 3245 879 3300 rationis
893 3262 938 3300 as-

89 3328 256 3400 sumpserit,
267 3345 353 3399 parvo
364 3329 471 3401 impetu
482 3331 626 3401 pulsuque
637 3347 780 3386 remorum
793 3333 827 3386 de
840 3332 938 3402 prori-

90 3433 136 3472 ruo
157 3417 283 3488 fugiunt,
305 3434 423 3490 seseque
447 3420 574 3473 condunt
596 3418 627 3473 in
651 3420 699 3474 illu
720 3421 936 3491 tranquillitate,

89 3506 165 3561 unde
186 3506 297 3561 caeteris
316 3507 424 3563 civibus
446 3508 549 3579 quibus
572 3513 702 3578 possunt,
723 3525 780 3580 quo
799 3509 939 3563 admoniti

88 3599 228 3649 conentur
249 3595 283 3650 ad
306 3612 346 3663 se,
375 3595 584 3651 lucidissimum
609 3597 722 3668 signum
748 3597 792 3652 sui
817 3597 937 3669 alicujus

87 3683 182 3753 operis
193 3683 318 3754 erigunt.
330 3685 459 3738 Alterum
475 3700 541 3738 vero
552 3688 594 3739 est
608 3701 719 3753 corum,
737 3686 936 3757 superiorique

44 3818 52 3827 .
88 3771 276 3841 contrarium,
290 3773 340 3844 qui
355 3773 535 3827 fallacissima
553 3774 623 3828 iacie
639 3775 725 3827 maris
743 3774 863 3844 decepti,
880 3775 936 3829 ele-

88 3863 193 3929 gerunt
214 3859 244 3913 in
267 3859 395 3914 medium
411 3862 554 3932 progredi,
577 3863 718 3932 longeque
735 3878 752 3915 a
771 3878 821 3916 sue
845 3862 938 3933 patria

87 3946 267 4017 peregrinari
280 3947 396 4014 audent,
414 3953 525 4020 etsaepc
540 3950 602 4021 ejus
614 3949 827 4004 obliviscuntur.
843 3952 898 4005 llos
913 3950 936 4005 si

90 4034 196 4103 nescio,
221 4051 278 4108 quo
298 4039 325 4090 el
347 4035 433 4090 nimis
454 4037 561 4092 latente
577 4037 662 4092 modo
687 4037 807 4110 apuppi
826 4043 936 4106 ventus,

91 4140 175 4196 quem
191 4140 360 4196 prosperum
376 4130 487 4194 putant,
499 4125 585 4180 luerit
594 4133 772 4197 prosecutus,
785 4131 939 4198 penetrant

87 4213 117 4268 in
142 4213 281 4268 altissima
295 4213 476 4269 miseriarum
494 4215 560 4270 elati
573 4219 657 4288 atque
676 4216 844 4286 gaudentes,
860 4216 936 4288 quod

91 4301 131 4356 eis
159 4318 367 4374 usquequaque
392 4303 573 4358 fallacissima
600 4304 736 4359 serenitas
759 4305 936 4375 voluptatum

88 4391 292 4464 honorumque
304 4392 460 4448 blanditur.
472 4393 519 4447 llis
530 4393 657 4464 proiecto
669 4392 738 4464 quid
749 4393 827 4448 aliud
838 4398 938 4465 optan-

89 4480 159 4534 dum
175 4483 225 4549 est,
244 4497 330 4553 quam
354 4482 486 4554 quendam
502 4482 532 4536 in
547 4482 603 4536 illis
618 4481 702 4536 rebus
717 4499 733 4536 a
747 4481 851 4554 quibus
868 4481 937 4552 jacti

88 4567 280 4639 excipiuntur,
303 4570 497 4642 improspera;
520 4575 558 4637 et,
583 4569 607 4624 si
625 4585 736 4640 penum
751 4574 803 4633 cst,
819 4571 937 4625 saeviens

91 4655 209 4710 omniuo
223 4660 387 4729 tempestas,
404 4659 604 4730 contrarieque
615 4658 686 4714 flans
701 4664 813 4727 ventus,
827 4659 875 4730 qui
891 4675 938 4713 cos

94 4743 221 4798 adserta
244 4749 272 4800 et
295 4747 386 4802 solida
402 4749 508 4819 gaudia
521 4751 540 4817 ¹,
557 4748 600 4803 vel
615 4748 717 4803 tientes
735 4752 938 4819 gementesque

748 4866 886 4903 Abnoultlo
903 4867 940 4902 l’l’.
955 4866 1179 4903 eusnlcrlnontnl.

119 4945 266 5009 Castigatus
282 4950 322 4996 est
333 4947 366 4995 ad
380 4948 442 4998 Mss.
455 4948 567 5008 codices,
581 4949 739 5000 Serbonicos
752 4952 813 5008 tres,
825 4949 995 5008 Victorinum,
1009 4949 1204 5006 Genoveioeuur,
1217 4948 1392 5005 blichaelium,
1405 4949 1570 5009 Thuansum,
1586 4949 1757 5012 casalinum,
1770 4951 1844 5003 Arnu-

89 5022 203 5068 sensam,
215 5008 439 5068 Cirsterciensem,
448 5011 631 5069 vedastinum,
645 5012 764 5074 Regium,
776 5011 1045 5122 Rege-montensem,
1057 5027 1071 5061 e
1082 5011 1242 5061 bibliotheca
1254 5010 1361 5073 Collegit
1374 5011 1506 5060 Navarrici
1515 5011 1594 5071 duos,
1606 5014 1843 5065 ebibliotheceme·

84 5071 153 5135 joris
165 5074 315 5120 conventus
324 5070 579 5132 Augustinienorum
591 5074 672 5124 Paris.
686 5086 786 5134 unum;
799 5086 815 5122 a
844 5074 975 5124 variantes
988 5075 1124 5124 Lectiones
1135 5088 1150 5123 e
1160 5073 1370 5122 Lovauiensibus
1385 5087 1418 5123 ex
1431 5077 1546 5136 quatuor
1556 5074 1672 5139 Belgicis
1683 5081 1814 5136 exsertas,
1822 5079 1843 5124 et

88 5134 122 5183 ad
137 5133 269 5184 editiones
282 5132 345 5181 Bad.
361 5128 419 5182 bur.
433 5134 476 5183 Er.
493 5136 554 5184 Lov.

136 5215 421 5370 Comporooissricns
441 5227 607 5304 praetereo
631 5238 687 5284 eos
710 5237 824 5283 omncs
847 5214 1004 5283 editiones
1028 5215 1121 5283 initio
1141 5218 1430 5283 Retraetationum
1449 5223 1483 5283 et
1501 5219 1773 5288 confessionum
1789 5239 1842 5285 me

93 5317 251 5372 moratos.
381 5355 387 5369 .

124 5419 131 5451 ¹
149 5418 178 5466 ln
196 5420 257 5468 illes.
280 5418 398 5482 qrrinque
411 5416 516 5481 legitur.
535 5418 578 5479 qai
589 5430 633 5469 cos
643 5421 750 5478 allant,
766 5421 791 5468 cl
805 5417 842 5468 od
853 5416 941 5469 solido

92 5479 200 5540 paedia.

993 5418 1096 5532 wlmSnie
1111 5420 1212 5485 aliquot
1225 5421 1287 5470 Mss.
1303 5420 1336 5469 lt
1350 5421 1410 5469 lor.
1427 5428 1452 5469 el
1464 5419 1507 5468 elii
1519 5419 1593 5481 Cdd.,
1610 5424 1641 5473 ln
1656 5423 1837 5487 optatissimam
