3884 6112
102 189 133 242 ss
714 192 799 249 vua
818 195 845 248 S.
876 194 1068 252 aueusrlril
1095 195 1265 253 aulsuupl.
1828 198 1862 250 :ri

101 310 336 370 intercedendum
352 330 413 369 esse
435 317 554 387 rogatus
568 315 692 384 videbat,
707 320 766 372 tam
790 316 819 372 id
833 318 957 382 {boneste
1012 335 1082 374 num
1094 318 1226 374 habebat.
1242 315 1315 381 Quia
1326 322 1443 372 noverat
1453 316 1475 385 ¹,
1485 316 1651 383 etdocebat‚
1664 320 1697 372 ut
1711 317 1865 388 Apostolus

102 419 134 458 ae
148 407 304 475 temperata
320 403 433 475 agebat,
447 408 479 460 ut
493 421 551 459 non
566 406 659 461 solum
680 422 817 463 onerosus
832 412 880 462 aut
894 425 957 463 mo·
1012 407 1091 476 dicit,
1107 407 1185 480 quod
1198 406 1284 463 omnis
1299 407 1481 462 creaturaltei
1489 405 1558 461 bona
1568 408 1614 472 sit,
1625 406 1728 461 etnihit
1737 406 1867 476 abjicien-

102 492 191 548 lestns
204 508 263 547 non
279 491 435 563 rideretur,
446 510 545 549 rerum
560 494 648 551 etiam
663 495 801 551 mirabilis
814 496 956 552 existeret.
1011 498 1087 558 dum,
1101 497 1174 568 quod
1189 511 1248 551 oum
1258 498 1411 566 proborum
1425 497 1529 550 actione
1535 497 1704 565 percipitur,
1715 498 1868 565 sauctifca·

104 580 175 636 Nam
191 581 260 636 drrm
272 586 371 637 exorta
381 583 549 639 necessitate
562 600 613 639 suo
624 600 704 640 more
715 585 790 657 apud
803 585 958 657 quemdam
1013 590 1059 641 tur
1072 589 1142 641 enin
1152 585 1326 656 perverbum
1340 586 1388 640 lici
1401 586 1584 640 cierationem
1597 569 1621 652 (1
1638 586 1705 639 Tim.
1725 600 1762 650 rv,
1783 586 1811 651 l,
1827 585 1866 655 5).

100 669 204 724 Africae
228 669 376 735 vicarium,
394 672 590 728 Macedonium
618 672 748 742 nomine,
763 689 816 744 pre
838 673 959 745 supplici
1014 676 1056 742 Et,
1074 678 1104 730 ut
1118 675 1194 730 idem
1209 674 1384 746 Augustinus
1398 678 1512 728 sanetus
1525 672 1555 727 in
1571 673 1631 728 suis
1645 672 1867 728 confessionum

100 758 204 814 litteris
228 759 426 829 interveniret,
451 765 537 834 atque
556 761 604 816 ille
627 762 780 832 paruisset,
801 762 854 817 hoc
872 763 959 818 modo
1013 764 1094 819 libris
1108 763 1213 836 posuit,
1226 763 1342 819 dicens:
1361 765 1421 820 Non
1438 778 1485 831 epo
1498 762 1817 818 immunditiamobsonii
1832 764 1867 817 ti·

100 848 269 921 rescriptum
285 848 364 904 misit
380 867 386 904 :
402 851 475 906 Miro
489 849 566 905 modo
580 851 689 917 officior
703 849 840 921 sapientia
859 857 917 917 tua,
934 857 959 906 et
1013 869 1079 920 meo,
1099 853 1146 908 sed
1160 853 1363 908 immunditiam
1381 852 1552 922 cupiditatis.
1574 852 1634 908 Scio
1656 853 1711 907 Noc
1730 867 1808 907 omne
1822 869 1867 921 pc·

100 939 131 992 in
143 938 199 992 illis
215 954 274 1008 quse
290 937 414 1005 edidisti,
423 943 448 992 et
462 940 491 992 in
506 940 613 1008 iisque
628 941 807 994 interveniens
818 956 871 1011 pro
883 943 959 997 solli·
1013 958 1064 998 nus
1077 945 1168 998 carnis
1187 942 1259 1011 quod
1273 942 1330 996 cibo
1344 946 1410 996 esset
1422 945 1494 1007 usati,
1509 941 1674 995 manducer-e
1686 943 1863 1010 permissum:

100 1027 161 1081 cilis
176 1028 185 1062 ¹
199 1028 304 1082 mittere
322 1041 374 1080 riou
388 1028 526 1093 oraveris.
540 1028 612 1084 Nem
625 1032 651 1082 et
670 1028 719 1083 ille
735 1033 841 1085 tantum
860 1031 960 1086 habent
1014 1031 1103 1086 Etiam
1117 1025 1175 1085 cibo
1191 1032 1281 1085 carnis
1300 1032 1442 1096 refectum3
1458 1028 1589 1084 Jonunem
1599 1030 1721 1084 mirabili
1734 1030 1869 1084 abstinen-

101 1117 243 1183 nouminis,
261 1117 379 1170 scientie
404 1112 425 1183 ¹,
441 1117 605 1182 sanctitatis,
627 1123 658 1172 ut
675 1118 746 1173 nibil
763 1133 849 1190 supra
867 1122 919 1187 sit;
936 1125 961 1176 ct

102 1205 276 1259 bectoritum
297 1205 473 1274 omoeundiae,
489 1212 520 1261 ut
541 1209 598 1261 nisi
611 1209 715 1275 focium
740 1208 812 1278 qued
834 1209 959 1264 mandas,

105 1293 212 1363 culpam
223 1309 304 1364 penes
319 1310 360 1349 mc
373 1309 522 1364 remanere,
536 1298 635 1351 nonin
653 1299 757 1364 nepotio
770 1312 835 1364 esse,
849 1298 961 1368 dijudi-

105 1397 169 1451 cem,
186 1371 292 1438 domine
306 1386 401 1438 merito
422 1385 594 1446 uenerabilis,
611 1391 637 1440 et
657 1386 826 1457 suscipiende
842 1392 923 1457 pater
938 1385 959 1442 ⁸.

103 1473 162 1528 Non
177 1473 248 1526 enim
272 1474 360 1526 instas
375 1472 460 1542 (quod
470 1475 594 1543 plerique
618 1475 735 1531 homines
750 1477 831 1531 istius
849 1476 900 1531 leet
911 1478 961 1544 fa-

102 1561 177 1615 ciunt
199 1560 231 1630 ⁴),
260 1563 291 1614 ut
312 1560 498 1630 qrrodcumque
519 1562 651 1618 sollicitus
673 1565 775 1634 petitor
798 1566 809 1600 ⁸
833 1564 959 1620 uolumits

102 1653 278 1718 extorqueam
301 1649 348 1704 sed
371 1649 444 1720 quod
460 1650 512 1704 tibi
530 1667 548 1704 o
565 1651 660 1719 judice
678 1657 717 1707 tot
739 1655 811 1708 euris
834 1653 962 1708 obstricto

99 1737 211 1808 petibile
224 1740 313 1792 uisum
323 1740 419 1806 fuerit,
436 1739 562 1796 admones
574 1742 584 1775 ⁸
595 1741 776 1796 subserviente
788 1742 960 1809 uerecundia,

103 1843 163 1898 puae
177 1829 299 1882 manime
311 1827 469 1896 difficilium
480 1830 552 1883 iuter
564 1828 645 1883 bonos
656 1829 780 1898 efficacia
789 1828 962 1885 estProiude

103 1919 197 1973 statim
211 1916 403 1971 commendatis
419 1915 540 1986 effectum
555 1917 685 1972 desiderii
696 1919 782 1973 tribui
796 1935 803 1973 ε
824 1934 888 1973 nom
898 1933 960 1988 spe·

104 2004 187 2061 randi
206 2007 280 2060 viem
302 2008 365 2060 unte
384 2006 568 2075 patefeceram
587 2006 715 2077 (Maced,
732 2010 760 2061 in
782 2009 871 2078 Epist.
892 2009 963 2062 inter

104 2095 334 2165 bueustinianos,
353 2095 413 2162 151,
429 2109 457 2148 n.
480 2094 512 2165 t).

106 2219 218 2274 CAPUT
236 2218 302 2272 lllll.
318 2247 353 2258 —
372 2218 497 2274 conciliis
519 2232 572 2286 quo
591 2218 682 2272 animo
704 2219 832 2272 interesse
855 2218 960 2272 soleret.

141 2309 174 2363 lu
185 2306 346 2362 ordinandis
365 2306 549 2362 sacerdotibus
563 2306 653 2376 major
666 2321 808 2361 consensus
827 2310 852 2360 et
867 2307 957 2361 Eccle-

137 2396 185 2451 sia
198 2395 358 2450 consuetudo
372 2395 546 2464 inquirmda.

145 2501 314 2556 Sanctorum
336 2499 456 2554 eoncilia
478 2500 656 2555 sacerdotum
681 2514 732 2570 per
755 2498 881 2554 diversas
898 2513 965 2568 pro·

109 2587 218 2644 vineias
241 2588 393 2654 celebrata,
409 2603 474 2643 cum
502 2587 607 2659 potuit,
627 2586 839 2658 frequentarit3
855 2602 912 2641 non
935 2585 965 2639 in

109 2674 150 2731 eis
170 2691 235 2748 qum
257 2692 309 2730 sus
331 2679 407 2742 sunt,
432 2676 480 2731 sed
505 2689 570 2746 quae
600 2674 667 2728 lesu
689 2673 793 2729 Christi
813 2675 964 2746 nucerensi

109 2768 142 2819 ut
169 2765 211 2820 rel
247 2763 318 2819 fides
350 2766 454 2818 sanetae
487 2761 617 2817 Ecclesiae
649 2762 795 2818 catholicae
828 2762 966 2817 inuiolata

109 2857 249 2922 maneret,
268 2853 312 2907 rel
331 2851 464 2906 nonnulli
485 2851 647 2908 sacerdotes
669 2855 698 2906 et
716 2851 820 2918 clerici,
837 2850 895 2905 sive
914 2868 967 2923 per

110 2943 152 2999 las
166 2943 225 2997 sire
243 2957 295 3014 per
319 2940 398 2997 nefas
419 2940 666 3008 excommunicati,
681 2941 725 2996 rel
750 2941 966 2996 absolverentur

111 3033 154 3087 vel
169 3031 371 3103 abjicerentur.
388 3031 422 3085 ln
442 3029 610 3085 ordinandis
633 3045 700 3083 vero
724 3029 918 3085 sacerdotibus
938 3034 967 3084 et

112 3121 221 3178 clericis
242 3134 413 3175 consensum
439 3115 605 3189 majorem⁷
629 3117 666 3188 (a)
685 3117 923 3187 Christianorum,
938 3123 966 3173 et

113 3208 351 3266 consuetudinem
364 3206 496 3263 Ecclesiae
512 3207 686 3278 sequendam
702 3206 902 3263 arbitrabatur.

167 3322 280 3380 CAPUT
294 3322 373 3379 lltlll.
389 3350 424 3363 -
438 3322 474 3376 ln
489 3323 587 3376 uestitu
600 3325 625 3376 et
636 3323 709 3375 uictu
724 3321 814 3392 quotis
827 3322 913 3388 fuerit

451 3411 632 3480 Aupustinus.

152 3521 248 3575 Vestes
270 3519 331 3591 ejus
354 3523 384 3574 et
406 3519 597 3574 calceamenta
621 3517 666 3572 vel
700 3516 832 3573 lectualia
855 3532 888 3572 ex
909 3533 969 3573 mo-

117 3611 214 3666 derato
238 3613 267 3663 et
288 3608 462 3681 competenti
484 3607 583 3663 habitu
608 3609 699 3673 erant,
722 3622 775 3662 nec
802 3605 893 3663 nitida
923 3605 966 3661 ni·

115 3698 216 3765 mium,
242 3714 294 3752 nee
316 3698 425 3768 abjecta
445 3696 625 3767 plurimum:
651 3694 719 3768 quia
737 3695 782 3750 his
796 3696 967 3768 plerumque

114 3788 157 3842 rel
167 3788 275 3860 jactare
288 3802 318 3839 se
333 3786 490 3839 insolenter
504 3782 635 3838 homines
649 3784 751 3851 solent,
765 3785 809 3839 vel
823 3782 945 3856 abjicere
959 3804 967 3852 ;

115 3892 150 3931 ex
163 3881 285 3947 utroque
308 3889 367 3928 nou
390 3889 455 3944 qum
473 3874 540 3928 lesu
565 3871 679 3940 Christi,
696 3873 744 3928 sed
758 3889 822 3945 quse
837 3888 888 3928 sua
903 3879 969 3929 sunt

114 3964 203 4020 fldem
218 3967 378 4036 quarentes
392 3977 400 4016 r
416 3967 445 4017 at
463 3961 528 4025 iste,
550 3966 583 4016 ut
602 3959 671 4029 dixi,
692 3962 819 4018 medium
841 3963 966 4028 tenebat,

115 4068 208 4126 neque
231 4051 262 4107 in
281 4051 436 4114 dexteram,
464 4066 559 4122 neque
581 4049 612 4105 in
637 4050 781 4106 sinistram
810 4050 966 4108 declinans.

116 4143 211 4199 Mensa
232 4157 301 4196 usus
323 4144 366 4195 est
390 4139 494 4212 frugali
511 4142 539 4194 et
561 4154 655 4211 parea,
672 4156 737 4212 quae
757 4139 873 4214 quidem
892 4140 969 4196 inter

116 4233 193 4287 olera
217 4236 246 4287 et
268 4229 424 4303 legumina,
445 4227 532 4283 ebant
555 4244 654 4284 carnes
675 4229 830 4302 aliquando
851 4232 969 4300 propter

116 4320 253 4393 hospites,
269 4319 313 4374 vel
337 4334 465 4390 qrrosque
484 4316 668 4384 infirmiores,
689 4334 803 4390 semper
816 4322 913 4374 autem
926 4318 968 4372 vi·

149 4431 156 4464 ¹
173 4427 215 4477 Sic
233 4427 306 4486 bisse
321 4428 349 4498 at
361 4426 434 4485 editi,
448 4437 499 4498 pro
516 4425 576 4475 reis.
592 4451 622 4460 -
646 4426 677 4474 tn
697 4428 771 4475 tome
782 4428 806 4485 2,
822 4425 897 4475 initio
914 4426 968 4537 affii-

117 4490 190 4540 stolia
202 4486 348 4538 Macedone
359 4489 413 4552 (151
426 4525 433 4546 ,
448 4487 561 4537 dicitur:
580 4488 632 4536 Pro
648 4487 791 4548 sceleratis,
803 4500 836 4536 ex
853 4488 914 4536 btss.
958 4524 963 4536 .

148 4555 158 4588 ²
172 4550 285 4610 Salinas,
295 4564 328 4600 ex
338 4564 392 4600 uno
444 4565 467 4601 .:
483 4552 599 4600 Tantum
610 4546 704 4600 habent
716 4562 831 4600 acumen
839 4552 967 4600 sdcnticc.

146 4681 157 4713 ³
172 4678 201 4750 lu
211 4679 287 4752 tomo
298 4677 323 4734 2,
339 4672 603 4738 epistolablaeedonii
613 4673 678 4736 (lbi)
687 4612 838 4724 editumhis'st
849 4673 896 4724 :itt
905 4684 969 4724 ecre

115 4737 467 4872 wiszgirmfiisss‘ictsmiogut
476 4797 595 4863 faciunt.
607 4859 613 4870 ,
758 4859 763 4869 Ι
897 4858 903 4868 ¹

146 4864 277 4936 ⁵Veteres
299 4862 403 4913 codices
424 4861 532 4925 quidam
562 4862 688 4910 emittunt
707 4859 812 4925 petitor.
837 4857 967 4922 Plerique,

115 4920 665 5057 pr?¹1¹3!ergaagsszalm‘stopugffgssm
678 4996 694 5033 a
708 4983 771 5034 iles.
799 5045 804 5055 ι
877 5043 883 5054 ι
936 5044 942 5054 ,

147 5052 233 5100 l'lres
255 5052 327 5106 uss..
352 5050 524 5102 Fossstensrs.
543 5045 703 5120 vedastinus
726 5049 753 5096 et
777 5044 965 5118 aremarensis.

115 5105 967 5232 titila-ittet-rienerueusuunuit

114 5191 154 5291 οἷ
165 5188 359 5289 semustilatus
373 5232 493 5284 ltcetesie
509 5232 671 5296 mouendum
693 5231 883 5282 arbirabatur.
901 5231 935 5280 u.

146 5335 184 5398 (a)
196 5335 234 5385 lte
244 5331 410 5384 sacerdotum
420 5329 588 5380 ordinatione
600 5328 747 5394 Cyprianus
764 5329 793 5379 in
807 5327 924 5393 Epistola
934 5328 967 5378 ad

115 5395 362 5468 clerumuetplebem
376 5391 562 5466 llispanlarum
569 5391 673 5464 sumpta,
684 5404 744 5465 quse
754 5403 831 5441 novae
843 5390 967 5465 editienis

114 5457 322 5594 ‘'fd‘ihiiiif
334 5453 968 5592 :ittttttttaetithtababtibus

114 5578 652 5710 isrgffifflnrfflpr'efflffioncm
660 5576 752 5630 laudat
766 5579 823 5631 «de
836 5591 966 5630 universe

1015 1121 1055 1174 tiu
1076 1120 1232 1190 praeditum,
1259 1119 1434 1188 animalibus,
1458 1119 1506 1175 lroe
1524 1124 1563 1173 est
1587 1120 1708 1186 locustis,
1729 1121 1758 1173 in
1781 1135 1869 1175 escam

1015 1208 1168 1265 cedentibus
1181 1224 1235 1263 nors
1249 1209 1335 1275 fuisse
1353 1209 1496 1278 pollutum.
1518 1208 1577 1264 suo
1597 1214 1624 1263 ct
1637 1211 1713 1264 Esau
1737 1209 1869 1265 buticulas

1014 1299 1229 1366 concupiscentie
1247 1296 1402 1366 deceptum3
1418 1301 1443 1351 et
1466 1297 1555 1352 Dauid
1571 1302 1685 1366 propter
1703 1313 1782 1368 apua
1794 1297 1868 1353 desi·

1016 1385 1121 1441 derium
1135 1402 1153 1441 o
1166 1402 1194 1442 se
1209 1388 1268 1456 ipso
1291 1386 1497 1455 repreheuumr
1511 1390 1537 1440 et
1554 1387 1650 1454 mecm
1669 1390 1802 1448 nostrum,
1817 1401 1869 1439 non

1015 1476 1049 1531 de
1063 1491 1152 1544 earne,
1165 1475 1212 1530 sed
1226 1475 1259 1530 de
1271 1489 1342 1545 panc
1356 1489 1411 1530 esse
1425 1478 1556 1528 tentatum
1571 1477 1591 1529 ¹.
1610 1474 1725 1544 ideoque
1743 1479 1770 1529 et
1779 1489 1869 1545 popu·

1016 1564 1059 1619 lus
1079 1567 1108 1620 in
1131 1579 1226 1632 eremo,
1247 1579 1301 1618 non
1327 1566 1395 1634 quia
1416 1578 1510 1619 earnes
1533 1563 1708 1630 desiderauit,
1731 1563 1779 1618 sed
1801 1565 1868 1633 quia

1016 1668 1080 1708 esoce
1093 1652 1227 1708 desiderio
1241 1657 1336 1707 contre
1349 1655 1435 1708 neum
1447 1655 1639 1718 murinurecit,
1655 1654 1754 1708 meruit
1769 1655 1872 1721 impro-

1017 1742 1078 1796 bari
1099 1744 1309 1812 (confessionum
1327 1741 1376 1797 lib.
1400 1743 1446 1809 su,
1467 1757 1526 1812 cop.
1549 1744 1593 1808 tl,
1611 1757 1640 1797 n.
1663 1742 1724 1812 lb).
1749 1743 1790 1797 lte
1803 1741 1871 1796 rino

1016 1834 1111 1887 autern
1136 1830 1275 1886 sumendo
1299 1829 1426 1902 Apostoli
1448 1833 1539 1885 exstat
1558 1829 1700 1885 sententia
1721 1829 1758 1884 ad
1771 1827 1868 1884 'limu-

1015 1916 1116 1973 theum
1131 1917 1289 1984 scribentis,
1304 1933 1337 1972 ac
1348 1917 1468 1973 dicentis
1480 1934 1487 1972 :
1500 1918 1564 1976 Noli
1575 1933 1659 1988 usquc
1667 1916 1758 1971 adbuc
1768 1931 1870 1986 aquam

1018 2005 1115 2073 bibere,
1129 2006 1176 2062 sed
1189 2009 1251 2062 uitio
1265 2006 1367 2062 modico
1381 2012 1455 2063 utere
1467 2012 1580 2077 propter
1593 2007 1760 2062 stomachum
1773 2010 1799 2060 et
1811 2007 1868 2072 fre-

1017 2099 1126 2165 quentes
1149 2100 1211 2152 tuas
1226 2098 1399 2166 infirmitates
1422 2096 1443 2166 {l
1461 2098 1530 2152 Tim.
1555 2112 1582 2160 v,
1598 2095 1653 2165 13).
1669 2093 1870 2151 Cochlearibus

1017 2188 1129 2239 mutum
1149 2185 1292 2255 argenteis
1315 2188 1406 2250 utens,
1428 2188 1530 2240 cratera
1553 2200 1620 2239 vasa
1635 2183 1741 2256 quibus
1763 2197 1871 2237 mensa

1018 2272 1214 2329 inferebantur
1233 2273 1300 2336 cibi,
1315 2274 1358 2328 rel
1373 2277 1473 2340 testea,
1490 2274 1531 2327 vel
1559 2273 1664 2344 lignea,
1679 2273 1722 2326 rel
1743 2287 1871 2327 marmo-

1019 2379 1069 2418 rea
1082 2363 1200 2419 luerunt
1215 2379 1222 2417 :
1239 2379 1296 2417 non
1312 2370 1407 2417 tamen
1427 2361 1602 2416 necessitatis
1616 2361 1723 2433 inopia,
1740 2361 1788 2416 scd
1804 2376 1870 2431 pro-

1019 2452 1112 2524 posito
1133 2450 1296 2507 voluntatis.
1313 2450 1366 2506 Sed
1379 2455 1407 2506 et
1421 2450 1647 2522 hospitalitatem
1661 2464 1776 2521 semper
1790 2448 1871 2504 exhi·

1017 2540 1090 2596 buit.
1107 2541 1141 2594 Et
1162 2539 1192 2594 in
1206 2539 1268 2611 ipsa
1282 2555 1381 2594 mensa
1396 2538 1488 2610 magis
1507 2537 1658 2594 lectionem
1677 2538 1719 2592 rel
1741 2536 1872 2609 disputa·

1020 2627 1138 2689 tionem,
1154 2641 1241 2698 quam
1257 2625 1449 2697 epulationem
1474 2625 1708 2696 potationemque
1722 2623 1869 2696 diligebat.

1020 2717 1053 2771 Et
1067 2721 1165 2770 eontra
1183 2715 1375 2787 pestilentiam
1395 2714 1529 2770 humanae
1548 2712 1763 2770 consuetudinis
1786 2713 1818 2768 in
1840 2729 1874 2767 ea

1020 2805 1158 2876 seriptum
1173 2805 1213 2858 ita
1227 2802 1372 2859 habebat:

1113 2910 1237 2973 Quisquis
1250 2912 1322 2959 amat
1335 2908 1412 2958 dictis
1426 2895 1566 2957 absentum
1580 2906 1673 2957 rodere
1687 2908 1778 2965 vitam.

1128 2973 1202 3022 llane
1213 2985 1330 3022 mensam
1344 2970 1481 3034 indiguam
1495 2970 1600 3021 noverit
1609 2983 1667 3021 esse
1678 2971 1728 3020 sibi
1740 2973 1761 3022 ³.

1020 3073 1053 3128 Et
1062 3072 1250 3128 idcoomuem
1262 3071 1407 3126 convivam
1420 3087 1436 3125 a
1449 3069 1603 3141 snperlluis
1616 3075 1646 3125 et
1660 3070 1752 3125 noxiis
1768 3069 1875 3126 fabulis

1021 3166 1049 3215 et
1064 3161 1286 3217 detractionibus
1306 3165 1393 3215 ‘sese
1407 3159 1551 3214 abstinere
1565 3158 1669 3214 debere
1685 3159 1869 3215 admonebat

1017 3250 1094 3304 'Nam
1108 3255 1135 3304 et
1149 3250 1289 3322 quosdam
1304 3266 1371 3304 suos
1383 3247 1622 3303 familiarissimos
1640 3247 1824 3320 coepiscopos
1837 3247 1873 3303 il·

1020 3339 1075 3394 lius
1098 3339 1247 3411 scripturae
1261 3338 1376 3407 oblitos,
1389 3341 1418 3393 et
1438 3342 1615 3393 contrusam
1635 3338 1795 3408 loquentes,
1813 3343 1875 3392 tam

1021 3445 1120 3500 aspere
1136 3427 1290 3501 aliquando
1305 3427 1498 3499 reprehendit,
1520 3430 1681 3482 commotus
1699 3431 1732 3480 ut
1755 3426 1873 3492 diecret,

1021 3521 1071 3573 aut
1085 3517 1220 3573 delendos
1241 3532 1302 3572 esse
1324 3516 1389 3570 illos
1402 3516 1437 3571 de
1460 3530 1560 3571 mensa
1583 3531 1692 3581 versus,
1714 3520 1766 3571 sut
1786 3533 1816 3571 se
1837 3516 1874 3573 de

1022 3606 1117 3662 media
1142 3605 1295 3661 reiectione
1317 3604 1351 3659 ad
1374 3621 1458 3660 suum
1482 3604 1646 3661 cubiculum
1665 3609 1872 3660 surrecturum.

1021 3693 1104 3759 Orrod
1119 3710 1173 3765 ego
1187 3697 1215 3749 et
1228 3693 1288 3761 alii,
1304 3692 1354 3766 qui
1376 3693 1420 3749 ilii
1435 3708 1542 3748 mensa
1557 3693 1748 3755 interfuimus,
1763 3693 1873 3766 experti

1022 3800 1131 3840 sumus.

1053 3910 1165 3965 CAPUT
1179 3908 1272 3965 lllllll.
1288 3937 1322 3949 -
1337 3909 1368 3964 ln
1382 3923 1433 3964 usu
1447 3897 1584 3964 redituum
1598 3907 1839 3963 ecclesiasticorum

1393 3998 1494 4068 quatis.

1058 4107 1291 4177 compauperum
1317 4106 1408 4160 ‘vcro
1426 4119 1540 4176 semper
1564 4119 1675 4160 memor
1689 4107 1759 4170 erat,
1776 4102 1875 4176 eisque

1021 4194 1088 4250 inde
1110 4193 1257 4265 erogabat,
1282 4193 1357 4249 unde
1386 4197 1415 4248 et
1440 4192 1494 4248 sibi
1523 4192 1638 4264 suisque
1666 4191 1800 4248 omnibus
1829 4209 1876 4248 se-

1021 4298 1086 4338 cum
1111 4281 1306 4337 babitantibus
1319 4285 1350 4350 ⁸3
1373 4281 1426 4336 boc
1448 4287 1500 4349 est,
1526 4282 1570 4337 rel
1594 4297 1629 4336 ax
1651 4280 1791 4336 reditibus
1810 4296 1875 4351 pos·

1053 4396 1061 4430 ¹
1076 4394 1193 4445 ioannes
1203 4393 1371 4444 Ulimmerius
1381 4407 1413 4443 ex
1427 4392 1616 4465 Augustinensi
1627 4393 1720 4443 ordine
1730 4393 1876 4442 eanonicus

1020 4453 1677 4519 LoraniensislocumhuncsicedidrtzProprcrbes
1697 4452 1877 4512 itesbabebal,

1020 4467 1878 4590 velocesquesummurnsmquromsmsecundicerium

1020 4581 1469 4652 ursmodicecttempcruntcr,qaso
1477 4580 1722 4637 neoeraretciium
1730 4579 1878 4630 Lovemen·

1021 4640 1878 4707 aes'lheologicastigarunthocpsctozl’roptcrbospitesoclquos-

1020 4718 1073 4771 quc
1083 4704 1246 4764 infirmiores
1259 4704 1419 4755 coudnebnt.
1428 4713 1540 4777 semper
1546 4709 1637 4755 autem
1648 4708 1739 4775 uirium
1752 4702 1877 4776 hpbebut.

1020 4766 1880 4902 iteratarumtltetiutiuisuutttusut

1021 4904 1159 4952 amomum
1166 4891 1290 4950 babebat,
1297 4891 1411 4955 praelert,
1420 4905 1511 4942 oenum
1519 4890 1631 4942 bibebat.
1639 4917 1668 4927 -
1679 4865 1721 4940 irc
1729 4889 1876 4952 Salmasex

1020 4954 1067 5004 ed.
1079 4954 1140 5018 Reg.
1154 4955 1213 5004 tuit
1222 4969 1229 5014 ;
1239 4953 1284 5004 sed
1296 4967 1329 5004 ex
1341 4953 1388 5003 cd.
1399 4955 1442 5003 1111
1454 4968 1460 5002 :
1477 4954 1520 5004 Vei
1530 4965 1645 5018 quorem
1655 4951 1826 5011 infreniores,
1835 4967 1878 5016 pc·

1019 5016 1116 5068 stabat.
1131 5020 1243 5082 Semper
1254 5020 1349 5068 autem
1359 5019 1422 5066 siue
1431 5015 1565 5073 nubam,
1575 5020 1640 5079 quio
1649 5016 1827 5073 norsratmtc.
1842 5016 1878 5065 u.

1021 5145 1032 5193 t
1051 5080 1063 5193 ἶ
1079 5078 1192 5190 Salinas,
1206 5091 1239 5129 ex
1249 5079 1353 5129 duobus
1362 5079 1424 5138 Mas,
1436 5093 1442 5127 :
1453 5075 1505 5129 c'ed
1513 5076 1547 5127 dc
1555 5091 1627 5142 panc
1639 5077 1743 5128 tamtum
1752 5087 1810 5127 csse
1822 5079 1880 5129 tere·
1909 5140 1914 5150 ·

1031 5155 1049 5192 a
1063 5154 1119 5193 um.
1181 5177 1187 5190 .

1050 5214 1060 5242 ⁸
1074 5204 1136 5254 Tres
1148 5204 1209 5254 tiss.
1224 5203 1297 5254 bunc
1310 5216 1416 5253 versum
1428 5201 1466 5252 sie
1480 5201 1609 5253 celarunt:
1623 5204 1682 5255 Hoc
1696 5215 1791 5254 mensa
1803 5201 1879 5254 indi·

1019 5265 1880 5332 pnamnouerttcsseresumttltlmmsriasedidit:flammineum

1020 5329 1127 5380 mittam
1139 5328 1249 5380 nouerit
1258 5341 1315 5379 csse
1323 5326 1388 5378 sibi.
1400 5326 1551 5391 -Salinss,
1560 5341 1593 5379 sx
1601 5329 1646 5379 Gd.
1655 5328 1718 5391 lteg.
1726 5330 1770 5379 til
1781 5343 1787 5377 ε
1800 5331 1878 5380 dane

1020 5404 1141 5442 mensam
1154 5391 1215 5442 ind·
1231 5404 1263 5442 ne
1276 5391 1380 5442 nouerit
1395 5402 1447 5442 csse
1457 5403 1542 5442 mam.
1573 5393 1607 5441 tl.

1050 5456 1061 5490 ⁸
1078 5453 1156 5504 Deest
1166 5453 1193 5503 in
1237 5468 1287 5503 ss:
1303 5453 1336 5504 lit
1348 5452 1564 5504 detractionibus.

1051 5515 1123 5567 ⁸Sic
1141 5515 1240 5567 babent
1259 5514 1343 5571 1188..
1366 5519 1394 5566 u
1416 5515 1480 5566 editi
1501 5528 1659 5581 pauperum.
1677 5540 1708 5552 -
1728 5513 1772 5565 Sic
1796 5514 1876 5565 etiam

1021 5576 1135 5637 Sabaea,
1153 5591 1187 5628 ex
1205 5591 1259 5629 uno
1273 5576 1321 5628 Cd.
1335 5577 1437 5628 Vatia:
1456 5581 1621 5642 pauperum
1651 5577 1688 5627 u.

1053 5643 1064 5679 ⁸
1078 5641 1125 5692 llic
1138 5639 1201 5692 editi
1214 5639 1317 5691 addunt
1330 5639 1501 5704 motatur.
