3884 6112
57 267 110 321 eoi
776 261 884 321 ornan
904 259 1103 345 sedunens.
1763 273 1815 327 ooo

56 403 136 453 rum,
152 386 180 442 id
196 389 239 441 εει
249 401 309 439 ιιοιι
327 383 358 439 ιιι
372 400 406 438 co
421 383 458 439 sit
474 383 587 453 veritas,
608 385 658 440 sed
677 384 760 456 quasi
778 386 911 457 quaedam
951 387 1113 458 essequod
1126 386 1244 442 interire
1255 389 1424 459 nonpossis.
1441 391 1475 445 A.
1494 391 1598 461 Audio,
1613 393 1757 465 resipisco,
1769 413 1815 453 re·

54 474 156 547 imago
169 473 305 529 veritatis.
323 474 395 529 Nam
409 472 432 527 si
447 477 476 528 et
489 472 520 527 iu
534 489 664 544 corpore.
677 474 753 545 quod
769 474 838 529 satis
851 491 913 529 cer·
965 475 1059 530 colere
1073 475 1188 547 incipio.
1199 475 1263 542 Sed,
1278 492 1386 546 quaeso,
1402 478 1451 532 illa
1466 495 1530 551 qum
1548 485 1657 536 restant
1670 485 1814 554 expedias,

54 567 123 619 tum
139 567 182 618 εει
199 562 327 634 ιεειρειε
346 562 504 626 ιιιιειιιιιιιι,
522 562 691 617 tolerarem
706 563 911 631 invenerimus,
967 564 1111 635 quomodo
1122 564 1152 618 in
1164 563 1261 619 animo
1272 565 1415 636 imperito,
1431 582 1491 621 non
1501 568 1655 625 enimcum
1665 574 1816 631 mortalem

55 654 146 724 quale
160 656 203 706 est
221 651 253 706 in
268 651 435 722 disciplinis,
456 667 513 705 nou
526 651 663 705 continuo
678 651 732 706 erit
747 651 913 723 disputandi
965 653 1059 707 dicere
1074 669 1236 724 possumus,
1252 653 1403 725 disciplina
1418 656 1560 712 elveritas
1577 674 1637 713 esse
1652 659 1816 733 intelligan-

54 739 213 812 discipliua
234 739 346 804 veritas,
367 756 425 811 qua
445 755 545 794 omues
566 753 641 794 veroa
660 744 728 794 sunt
744 740 911 811 disciplinae.
966 744 1022 795 tur.
1038 744 1070 796 lt.
1084 742 1169 796 Aliud
1186 741 1241 797 ista
1261 743 1382 813 queastio
1396 745 1530 799 volumen
1546 746 1698 816 desiderat,
1712 749 1734 805 si
1750 765 1815 806 eam

55 829 166 884 Verum
178 828 307 884 esteuim
316 832 345 883 et
354 843 458 899 corpus
468 828 546 899 quod
558 843 614 882 non
625 827 738 883 videtur
748 829 913 900 disputandi
966 828 1009 882 vis
1022 828 1136 883 tractari
1151 829 1321 901 diligenter:
1335 831 1420 886 simul
1429 832 1514 886 etilla
1525 848 1600 903 qua,
1616 839 1646 888 ul
1656 837 1816 907 potuimus,

54 916 171 973 ratione
190 932 251 970 esse
272 915 437 971 formatum.
453 916 482 970 Si
496 932 563 970 vero
579 919 607 969 et
630 931 734 987 corpus
753 917 913 973 imitatione
967 915 1135 988 investigata
1149 923 1225 985 sunt,
1247 920 1421 975 recensenda
1445 920 1497 975 tibi
1511 937 1571 975 esse
1589 922 1686 990 video;
1710 926 1818 996 quiesi

54 1006 159 1078 aliqua
173 1021 271 1059 verum
288 1009 338 1068 εει,
355 1009 385 1059 et
397 1005 433 1059 ob
450 1005 505 1059 hoc
518 1020 578 1059 non
592 1005 628 1060 od
644 1004 787 1077 liquidum
801 1021 912 1074 rerum,
966 1002 1039 1057 nihil
1054 1020 1155 1060 eorum
1176 1022 1240 1076 quae
1254 1022 1388 1062 concessa
1409 1012 1476 1063 sunt
1488 1008 1609 1064 dubium
1621 1016 1674 1076 εει,
1691 1013 1815 1069 ιιιιιιιιειιι

55 1093 134 1149 ιιιιιιι
149 1093 203 1148 orit
215 1092 332 1147 fortasse
344 1093 422 1163 quod
432 1092 571 1164 impediat
581 1092 746 1163 disputandi
761 1093 913 1160 rationem,

55 1181 217 1253 quominus
229 1181 291 1252 ipsa
304 1182 408 1236 veritas
418 1196 478 1236 esse
493 1181 637 1236 doceatur.
651 1181 687 1236 A.
702 1180 819 1236 Interim
834 1197 914 1254 qnar-

56 1286 159 1325 ramns
178 1270 213 1324 de
230 1286 365 1341 corpore;
386 1286 453 1325 nam
469 1284 505 1325 ne
523 1269 577 1324 hoc
595 1268 711 1341 quidem
727 1285 793 1324 cum
808 1270 913 1325 consti·

57 1359 140 1424 terit,
150 1358 232 1414 video
243 1358 328 1413 istam
339 1358 565 1412 controversium
577 1357 770 1413 terminatam.
785 1360 817 1415 ft.
835 1358 915 1413 Unde

10 1498 25 1507 .
57 1446 118 1502 scis
140 1446 210 1518 quid
228 1445 295 1500 velit
317 1446 412 1500 Deus?
428 1446 527 1517 ltaque
546 1445 677 1500 attende:
694 1461 761 1500 nam
777 1461 831 1517 ego
844 1451 914 1517 puto

57 1551 167 1607 corpus
177 1535 274 1606 aliqua
290 1535 382 1589 forma
397 1539 425 1588 et
440 1535 532 1606 specie
546 1533 698 1601 contineri,
714 1549 801 1605 qoam
816 1536 841 1589 si
857 1552 915 1591 nou

58 1624 182 1680 haberet
193 1639 296 1694 corpus
317 1639 374 1678 uon
395 1630 486 1690 esset;
504 1623 527 1677 si
546 1638 643 1678 veram
658 1623 787 1692 haberet,
802 1623 916 1680 animus

59 1717 148 1768 esset.
164 1714 208 1766 An
219 1712 303 1767 aliter
316 1712 475 1782 potandum
491 1715 533 1766 εει
539 1711 552 1766 'l
566 1712 602 1767 A.
618 1712 765 1766 Assentior
779 1711 809 1767 iu
823 1718 915 1782 parte,

60 1803 99 1857 de
116 1805 218 1856 coetero
240 1800 354 1866 dubito;
370 1816 448 1867 nam,
465 1799 519 1854 nisi
540 1803 673 1854 teneatur
692 1799 789 1871 aliqua
811 1801 915 1873 ligura,

60 1907 168 1962 corpus
189 1906 248 1946 non
272 1905 332 1944 esse
354 1889 488 1944 concedo.
512 1888 662 1953 Quomodo
685 1893 791 1955 antem,
810 1889 834 1944 si
851 1907 916 1947 eam

60 1993 161 2032 veram
174 1977 303 2044 haberet,
331 1977 444 2032 animus
466 1981 548 2042 esset,
572 1993 631 2032 non
646 1977 715 2032 satis
727 1978 865 2049 intelligo.
882 1982 914 2035 ll.

63 2066 180 2122 Nihilne
194 2066 307 2121 tandem
322 2067 357 2121 de
375 2065 463 2137 primi
477 2065 544 2120 libri
569 2066 698 2133 exordio,
712 2070 741 2122 et
755 2067 789 2121 de
807 2068 856 2122 illa
867 2071 917 2123 toa

61 2155 240 2226 geometrica
258 2155 435 2210 recordaris?
454 2156 488 2210 A.
511 2155 585 2209 Bene
605 2156 854 2224 commemorasti;
871 2173 916 2212 re·

61 2243 167 2299 cordor
180 2260 307 2316 prorsus,
323 2260 356 2298 ac
370 2243 568 2299 libentissime.
585 2244 617 2298 u.
636 2244 754 2299 Talesne
768 2243 798 2298 in
813 2260 917 2316 corpo·

62 2332 146 2387 ribus
155 2331 256 2403 ligura
266 2332 463 2399 inveniuntur,
476 2331 575 2403 quales
585 2331 635 2386 illa
643 2332 917 2403 disciplinademou-

63 2419 157 2476 strat?
174 2422 210 2475 A.
234 2421 294 2476 lmo
316 2421 482 2476 incredibile
502 2425 544 2475 est
566 2425 673 2493 quanto
687 2420 842 2477 deteriores
856 2438 918 2478 esse

62 2508 280 2565 convincuntur.
302 2512 334 2564 n.
351 2509 425 2573 Quas
445 2525 513 2580 ergo
525 2509 645 2563 istarum
660 2525 740 2564 seras
754 2512 861 2581 putas?
872 2512 913 2567 A.

64 2600 106 2652 Ne
122 2613 230 2670 quaeso,
247 2597 334 2653 etiam
348 2597 421 2652 istuc
431 2613 477 2652 me
493 2597 833 2669 interrogandumputes.
849 2599 918 2663 Quis

63 2687 143 2740 enim
158 2690 254 2740 mente
271 2690 330 2740 tam
351 2702 441 2740 caecus
458 2690 499 2740 εει
514 2686 563 2757 qui
578 2702 637 2741 uon
651 2687 756 2753 videat,
770 2687 839 2742 istas
852 2703 918 2759 quoe

64 2776 94 2830 in
107 2774 281 2847 geometrica
295 2775 444 2842 docentur,
459 2772 588 2829 habitare
604 2773 634 2828 in
647 2774 710 2846 ipsa
722 2776 853 2846 veritate,
869 2782 919 2832 aut

63 2863 94 2917 in
108 2863 154 2918 bis
168 2862 253 2917 etiam
269 2863 432 2930 veritatem,
448 2863 511 2917 illas
524 2878 590 2918 vero
608 2863 735 2936 corporis
747 2864 864 2936 figuras,
880 2865 917 2920 si·

61 2951 179 3023 quidem
200 2951 282 3023 quasi
304 2951 338 3005 od
358 2951 426 3006 istas
445 2951 562 3005 tendere
580 2951 724 3020 videntur,
746 2953 852 3008 habere
868 2969 918 3008 ue·

60 3041 120 3096 scio
132 3056 219 3112 quam
239 3039 430 3095 imitationem
448 3039 585 3105 veritatis,
603 3044 632 3095 ει
652 3040 717 3096 ideo
736 3040 820 3095 falsas
833 3044 917 3098 esse?

58 3130 124 3185 lam
139 3129 218 3184 enim
233 3133 326 3196 totum
348 3129 419 3184 illud
431 3129 510 3200 qood
524 3129 676 3184 ostendere
691 3129 857 3185 moliebaris
870 3130 915 3186 in-

59 3218 172 3289 telligo.

107 3306 221 3362 CAPUT
240 3305 305 3363 xlx.
322 3334 357 3347 -
372 3307 480 3362 Veritas
494 3305 657 3360 immortalis
668 3306 762 3374 arguit
775 3306 873 3359 anima

173 3430 176 3434 -
364 3396 611 3449 immortalitatem.

97 3486 143 3557 33.
158 3482 269 3547 nonio
283 3498 351 3554 ergo
362 3482 424 3553 jam
444 3500 515 3555 opus
532 3487 576 3538 est
590 3486 622 3537 ul
638 3482 673 3538 de
692 3481 843 3554 disciplina
856 3482 916 3538 dis·

57 3571 220 3644 putationis
239 3572 440 3643 requiramus?
458 3572 521 3627 Sive
543 3572 622 3626 enim
640 3571 741 3642 figurae
763 3572 915 3641 geometri·

57 3677 102 3715 cre
117 3659 290 3727 inveritate,
307 3660 365 3716 sire
388 3661 419 3715 in
442 3660 483 3716 eis
497 3661 600 3716 veritas
624 3661 671 3728 sit,
696 3660 793 3716 anima
807 3664 916 3731 nostra,

16 3767 25 3775 ·
58 3749 92 3805 id
106 3753 151 3804 est
162 3748 354 3821 intelligentia
370 3754 476 3813 nostra,
492 3748 632 3804 contineri
644 3764 729 3804 nemo
741 3747 872 3819 ambigit,
885 3765 917 3803 ac

57 3838 177 3911 perhoc
197 3837 228 3893 in
246 3842 344 3893 nostro
365 3837 463 3893 animo
484 3839 570 3893 etiarn
593 3837 697 3893 veritas
716 3853 777 3893 esse
793 3836 914 3909 cogitur.

57 3926 144 3992 Quod
159 3926 182 3980 si
203 3926 340 3997 qualibet
361 3926 512 3998 disciplina
534 3927 574 3982 ita
598 3931 639 3981 est
661 3926 693 3980 in
720 3925 827 3993 animo,
844 3924 916 3983 utin

57 4015 190 4086 subjecto
209 4015 452 4087 inseparabiliter,
473 4031 526 4070 nec
539 4016 658 4070 interire
675 4015 779 4070 veritas
799 4017 916 4086 potest3

57 4104 141 4176 quid,
153 4121 260 4176 quaeso,
275 4105 311 4160 de
327 4105 417 4160 animi
433 4110 572 4177 perpetua
581 4105 647 4173 vita,
658 4104 755 4159 nescio
769 4120 827 4176 qua
838 4119 916 4158 uror·

32 4254 40 4265 ,
57 4195 97 4250 ιιε
110 4193 304 4248 familiaritate
320 4193 505 4249 dubitamus?
520 4196 564 4248 An
579 4193 628 4247 illa
642 4192 720 4246 linea
733 4192 778 4246 vel
794 4192 915 4264 quadra·

57 4286 127 4336 tura
138 4281 183 4335 rel
197 4279 357 4335 rotunditas
371 4280 478 4335 habent
491 4280 548 4335 alia
561 4296 625 4351 quaa
640 4277 791 4334 imitentur
805 4285 836 4333 ut
850 4293 916 4334 vera

56 4366 137 4424 sint‘l
161 4366 306 4423 A..Nullo
324 4367 410 4422 modo
426 4366 456 4421 id
480 4382 598 4437 possum
619 4365 745 4428 credere,
766 4364 823 4420 nin'
843 4365 916 4420 forte

57 4456 140 4511 alind
152 4455 189 4510 sit
200 4455 278 4511 linea
287 4471 375 4527 quam
383 4455 534 4526 longitudo
546 4454 607 4509 sine
622 4453 784 4521 latitudine,
795 4457 825 4510 et
837 4453 915 4510 aliud

57 4545 183 4599 circulus
196 4560 283 4615 quam
300 4544 377 4599 linea
392 4543 586 4598 circumducta
599 4542 727 4614 undique
739 4543 776 4597 ad
786 4542 915 4598 medium

57 4632 211 4704 aequaliter
231 4649 361 4704 vergens.
377 4636 410 4689 ll.
431 4632 504 4697 Quid
527 4646 596 4702 ergo
610 4630 797 4687 cunctamur?
809 4633 853 4686 An
864 4632 918 4687 ubi

57 4720 202 4788 istasunt,
217 4722 322 4775 veritas
334 4737 393 4776 nou
407 4723 469 4775 est‘?
478 4722 514 4776 A.
526 4723 643 4775 Avertat
658 4722 732 4776 Deus
746 4721 913 4776 amentiam.

58 4811 92 4864 ll.
103 4809 149 4863 Au
159 4808 377 4879 disciplinanon
387 4812 429 4863 est
438 4809 467 4864 in
478 4807 594 4864 auimo?
603 4810 640 4865 A.
651 4809 782 4874 Ouishoc
793 4810 915 4866 dixerit?

60 4898 92 4952 ll.
105 4897 160 4952 Sed
171 4898 244 4952 forte
255 4898 673 4969 potest,intereuntesubjecto,
682 4898 711 4953 id
722 4899 800 4970 quod
810 4898 840 4953 in
851 4898 915 4953 sub·

54 4987 135 5058 jecto
145 4992 188 5042 εει
198 4987 556 5058 permaneretA.Quando
565 4986 636 5041 mihi
646 4987 699 5041 hoc
707 4986 915 5057 persuadetur?

58 5078 91 5131 ll.
111 5075 207 5131 Restat
221 5081 253 5131 ut
270 5076 380 5132 occidat
395 5076 508 5131 veritas.
523 5077 561 5132 A.
578 5075 656 5131 Unde
675 5073 738 5129 lieri
753 5074 867 5146 potestt
880 5076 912 5131 fl.

57 5165 233 5220 immortalis
247 5171 291 5222 est
301 5165 391 5238 igitur
400 5165 497 5220 anima
507 5181 514 5220 ε
526 5164 645 5236 jamjam
655 5163 739 5218 crede
754 5161 914 5218 rationibus

57 5253 129 5322 tuis,
139 5253 224 5310 crede
234 5253 362 5323 veritati3
373 5255 477 5309 elamat
486 5256 516 5308 et
525 5252 556 5306 in
564 5257 591 5307 te
599 5268 660 5307 esse
670 5250 811 5318 habitare,
822 5254 851 5305 et
859 5251 914 5307 im·

968 1106 1019 1146 ιιοε
1033 1093 1125 1164 egisse
1143 1093 1277 1159 arbitror,
1299 1111 1351 1150 nec
1370 1111 1434 1151 cnm
1450 1112 1538 1167 parra
1552 1099 1702 1155 securitate
1714 1105 1817 1157 caetera

968 1195 1109 1250 quaerere.

969 1268 1083 1324 CAPUT
1102 1269 1154 1322 llll.
1176 1299 1210 1310 -
1234 1269 1362 1335 Quadam
1383 1287 1449 1326 uero
1470 1272 1613 1342 oredimus,
1635 1278 1759 1345 quadum
1773 1296 1815 1335 re-

1004 1358 1162 1424 commum
1187 1358 1311 1426 quadam
1333 1375 1379 1413 nec
1400 1374 1489 1429 serua,
1514 1377 1560 1416 nec
1586 1363 1744 1433 phantasia,
1771 1367 1818 1422 sed

1005 1448 1110 1500 tontum
1123 1447 1227 1500 ratione
1239 1446 1486 1515 deprehenduntur.

1006 1534 1049 1588 34.
1064 1535 1100 1588 A.
1118 1535 1159 1589 lta
1174 1538 1217 1589 εει
1235 1538 1268 1588 ut
1281 1534 1361 1602 dicis,
1376 1539 1405 1589 et
1417 1535 1583 1608 obtempero
1597 1543 1749 1614 preceptis
1762 1545 1819 1600 tuis

969 1621 1069 1676 libens.
1087 1622 1142 1677 Sed
1160 1622 1231 1679 illud
1250 1624 1351 1678 saltem
1363 1623 1527 1695 impetrem,
1547 1632 1703 1700 antequam
1719 1633 1818 1687 termi-

969 1727 1041 1765 num
1062 1710 1203 1766 volumioi
1228 1714 1345 1778 statuas,
1369 1713 1489 1784 utquid
1508 1714 1621 1770 intersit
1633 1717 1708 1773 inter
1720 1736 1817 1777 veram

970 1797 1103 1868 figuram,
1126 1813 1191 1869 quae
1210 1797 1399 1870 intelligentia
1417 1801 1590 1871 continetur,
1606 1808 1635 1858 et
1653 1821 1717 1862 eam
1732 1824 1818 1880 quam

970 1885 1025 1939 sibi
1043 1885 1128 1958 fingit
1145 1886 1290 1956 cogitatio,
1314 1904 1380 1958 quea
1401 1904 1492 1958 graeco
1514 1889 1573 1944 sive
1593 1893 1744 1962 phantasia
1762 1898 1820 1953 sire

969 1974 1170 2044 phantasmata
1183 1974 1297 2041 dicitnr,
1310 1975 1434 2031 breviter
1448 1993 1581 2048 exponas.
1598 1983 1629 2036 lt.
1646 1982 1704 2037 lloc
1716 1986 1821 2056 quaeris

971 2063 1048 2134 quod
1063 2062 1158 2117 ridere
1173 2063 1229 2117 nisi
1241 2064 1447 2119 mundissimus
1459 2081 1519 2121 ιιοιι
1531 2071 1632 2139 potest,
1648 2075 1676 2124 et
1689 2072 1726 2126 ad
1740 2074 1821 2144 cujus

970 2151 1014 2207 rei
1028 2151 1166 2206 visionem
1189 2168 1291 2224 parum
1310 2169 1339 2208 es
1358 2153 1542 2222 exercitatus3
1564 2173 1658 2228 neque
1678 2176 1755 2217 nuuc
1768 2179 1822 2234 per

971 2240 1040 2295 istos
1054 2240 1188 2296 circuitus
1198 2241 1276 2296 aliud
1286 2257 1373 2313 quam
1388 2242 1622 2299 exercitationem
1637 2251 1728 2315 tuam,
1740 2253 1774 2303 ut
1787 2250 1821 2304 il·

971 2328 1022 2384 lod
1031 2329 1128 2384 videre
1138 2329 1176 2383 sis
1186 2328 1317 2396 idoneus,
1328 2347 1497 2402 operamur:
1507 2336 1605 2387 tamen
1614 2333 1750 2391 iuteresse
1760 2338 1823 2409 plu·

972 2417 1079 2474 timum
1094 2418 1240 2489 quomodo
1259 2418 1348 2490 possit
1361 2420 1466 2487 doceri,
1490 2420 1608 2476 fortasse
1622 2421 1746 2480 breviter
1758 2427 1821 2498 pla·

972 2522 1043 2561 uum
1056 2507 1137 2562 facio.
1151 2508 1205 2563 Fac
1219 2508 1297 2563 enim
1312 2512 1340 2564 te
1351 2509 1460 2580 aliquid
1475 2526 1536 2565 esse
1547 2510 1679 2578 oblitum,
1694 2514 1822 2586 aliosque

972 2600 999 2650 te
1014 2595 1086 2651 velle
1108 2596 1189 2668 quasi
1214 2596 1245 2650 in
1268 2597 1438 2652 memoriam
1460 2614 1604 2656 revocare.
1633 2601 1734 2657 Dicunt
1754 2620 1823 2675 ergo

972 2683 1033 2739 illi:
1051 2684 1267 2755 Numquidnam
1277 2685 1332 2739 lroc
1341 2689 1393 2754 εει,
1404 2690 1454 2740 aut
1464 2685 1554 2741 illnd‘?
1566 2687 1677 2743 diversa
1691 2692 1769 2746 velot
1782 2693 1823 2746 si-

972 2771 1053 2827 milia
1067 2773 1253 2844 proferentes.
1267 2774 1307 2827 Tu
1321 2790 1388 2828 vero
1399 2790 1451 2829 nec
1461 2774 1532 2829 illud
1548 2775 1625 2830 vides
1636 2777 1714 2848 quod
1727 2795 1822 2836 recor·

973 2858 1035 2912 dari
1050 2858 1140 2930 cupis,
1158 2862 1294 2914 ettamen
1309 2859 1387 2914 vides
1399 2876 1460 2914 non
1474 2861 1528 2915 hoc
1545 2877 1605 2915 esse
1620 2867 1696 2934 quod
1708 2864 1820 2923 dicitur.

973 2946 1186 3018 Numquidnam
1201 2946 1254 3001 tibi
1266 2963 1332 3002 curn
1341 2948 1394 3002 hoc
1405 2948 1509 3016 evenit,
1521 2949 1600 3004 omni
1610 2951 1697 3007 modo
1710 2952 1823 3010 videtur

972 3033 1097 3090 oblivio‘.>
1113 3037 1183 3089 Nam
1197 3035 1259 3106 ipsa
1273 3035 1415 3104 diseretio,
1426 3053 1484 3108 qua
1497 3053 1556 3093 non
1570 3038 1731 3097 admittitur
1745 3045 1820 3115 qood

971 3125 1042 3180 falso
1063 3123 1238 3194 admoneris,
1258 3141 1324 3196 pars
1342 3126 1476 3197 quondm
1490 3127 1695 3183 recordationis
1715 3135 1767 3187 est.
1784 3133 1819 3189 A.

971 3215 1015 3268 lta
1027 3212 1149 3268 ridetur.
1161 3214 1193 3268 ll.
1210 3213 1290 3268 Tales
1302 3228 1369 3284 ergo
1381 3213 1511 3269 nondum
1520 3231 1621 3271 rerum
1633 3217 1746 3287 ridout3
1762 3221 1823 3276 falli

970 3305 1069 3357 tamen
1079 3300 1229 3372 decipique
1243 3316 1302 3356 non
1317 3306 1453 3372 possunt;
1469 3302 1581 3374 etquid
1598 3311 1739 3375 quaeraut,
1754 3308 1823 3364 satis

971 3394 1086 3446 norunt.
1102 3391 1139 3445 At
1152 3389 1176 3444 ei
1191 3389 1244 3463 tibi
1264 3389 1417 3460 quisquam
1435 3390 1511 3445 dicat
1523 3395 1550 3445 te
1564 3397 1630 3462 post
1643 3409 1748 3464 pancos
1761 3396 1823 3453 dies

970 3479 1065 3535 risisse
1079 3495 1165 3552 quam
1182 3483 1265 3534 natos
1280 3494 1319 3544 es,
1337 3494 1394 3534 non
1415 3479 1501 3534 audes
1516 3479 1611 3536 dicere
1624 3481 1728 3538 falsum
1743 3499 1821 3540 esse:

971 3573 999 3623 ει
1013 3567 1038 3623 si
1049 3572 1150 3623 auctor
1167 3566 1204 3622 sit
1218 3567 1264 3622 cui
1283 3566 1353 3621 tides
1372 3567 1504 3622 habenda
1516 3575 1568 3635 est,
1584 3585 1642 3624 uon
1657 3571 1822 3627 recordatu·

971 3672 1029 3723 rus,
1046 3656 1097 3712 sed
1110 3655 1272 3711 crediturus
1285 3671 1328 3723 os;
1343 3658 1436 3710 totum
1451 3655 1528 3710 enim
1537 3660 1651 3727 ternpus
1664 3658 1737 3714 illnd
1751 3660 1822 3716 vali·

970 3744 1086 3801 dissime
1101 3744 1243 3799 oblivione
1259 3743 1311 3798 tibi
1331 3745 1477 3815 sepultum
1496 3749 1553 3800 est:
1569 3761 1606 3800 an
1622 3745 1705 3802 aliter
1718 3751 1821 3820 putae‘?

970 3834 1007 3888 A.
1022 3834 1143 3888 Prorsus
1157 3831 1316 3887 consentio.
1330 3835 1363 3888 ll.
1380 3834 1445 3886 llaec
1459 3832 1549 3904 igitur
1563 3833 1600 3889 ab
1615 3833 1665 3889 illa
1678 3836 1822 3894 oblivione

970 3921 1129 3993 plurimum
1143 3921 1248 3988 diflert,
1260 3921 1309 3977 sed
1323 3920 1373 3977 illa
1387 3921 1482 3977 media
1496 3926 1545 3977 ost
1562 3924 1634 3978 Nam
1650 3929 1692 3980 est
1705 3927 1763 3982 alia
1777 3942 1825 3983 re·

971 4011 1130 4066 cordationi
1153 4010 1365 4083 revisendaeque
1382 4011 1496 4067 veritati
1515 4013 1635 4083 propior
1653 4019 1739 4087 atque
1755 4016 1823 4072 vici·

970 4099 1053 4155 nior:
1070 4099 1117 4155 cui
1131 4099 1223 4154 simile
1234 4102 1278 4155 est
1289 4099 1544 4171 quandoviderous
1554 4101 1673 4173 aliqnid,
1688 4109 1824 4176 certoque

971 4188 1203 4260 recognoscimus
1218 4188 1247 4243 id
1261 4204 1313 4242 uos
1326 4188 1431 4244 vidisse
1445 4189 1609 4261 aliquando,
1629 4195 1716 4262 atque
1739 4208 1822 4248 nosse

970 4277 1162 4344 affirmamus,
1180 4276 1230 4331 sed
1245 4276 1305 4344 ubi,
1328 4281 1377 4332 aut
1396 4278 1524 4349 quando,
1539 4283 1589 4333 aut
1603 4280 1758 4351 quomodo,
1773 4286 1823 4336 aut

970 4364 1046 4436 apud
1062 4379 1149 4436 quem
1168 4363 1250 4418 nobis
1269 4362 1299 4418 in
1313 4364 1446 4421 notitiam
1468 4365 1589 4432 venerit,
1605 4367 1760 4438 satagimus
1775 4385 1821 4426 re·

969 4458 1066 4525 petere
1080 4457 1166 4524 atque
1177 4452 1313 4508 recolere.
1331 4455 1365 4509 Ut
1378 4454 1403 4509 si
1418 4455 1454 4510 de
1468 4453 1586 4509 homine
1601 4455 1682 4509 nobis
1696 4457 1823 4530 contige-

970 4542 1015 4607 rit,
1028 4541 1115 4596 etiam
1130 4541 1288 4613 quaerimus
1307 4543 1357 4598 ubi
1375 4558 1442 4597 eum
1460 4542 1642 4597 noverimus:
1665 4544 1821 4616 quodcum

968 4629 1016 4685 ille
1031 4630 1278 4698 commemoravit,
1299 4635 1419 4703 repente
1432 4633 1491 4685 tota
1513 4646 1558 4685 res
1579 4633 1726 4689 memorias
1739 4637 1822 4707 qnasi

968 4719 1066 4774 lumen
1076 4719 1249 4787 infunditur,
1263 4719 1394 4791 nihilque
1404 4718 1539 4790 amplius,
1550 4723 1582 4774 nt
1591 4721 1821 4793 reminiscamur,

968 4808 1124 4863 laboratur.
1140 4812 1184 4862 An
1199 4809 1254 4863 hoc
1268 4823 1358 4879 genus
1375 4807 1506 4878 ignotum
1517 4807 1571 4863 tibi
1584 4813 1636 4878 εει,
1657 4816 1708 4867 aut
1719 4813 1820 4870 obscu-

970 4895 1055 4951 rnm'f
1068 4898 1105 4952 A.
1122 4895 1196 4962 Ouid
1206 4894 1464 4967 hocploniustaut
1478 4897 1546 4968 quid
1556 4898 1684 4955 crebrius
1698 4902 1768 4957 mihi
1779 4919 1822 4958 ac·

968 4985 1064 5041 cidere
1076 4986 1166 5040 solet?
1668 4974 1677 4982 ’

1003 5078 1048 5130 35.
1067 5077 1101 5131 lt.
1119 5073 1201 5128 Tales
1224 5077 1290 5127 sunt
1306 5072 1357 5145 qui
1378 5074 1450 5128 bene
1472 5075 1631 5150 disciplinis
1654 5077 1821 5134 liberalibus

968 5163 1086 5230 eruditi3
1106 5162 1247 5233 siquidem
1268 5161 1331 5217 illas
1345 5162 1407 5219 sine
1418 5164 1507 5221 dubio
1521 5165 1552 5221 in
1567 5182 1596 5222 se
1611 5166 1754 5222 oblivione
1768 5167 1821 5223 ob·

968 5256 1045 5306 rutae
1061 5255 1168 5306 eruunt
1177 5250 1323 5320 discendo,
1339 5256 1368 5307 et
1380 5254 1592 5325 quodammodo
1606 5254 1752 5310 refodiunt
1765 5256 1819 5326 (ott

58 5342 212 5398 mortalem
222 5339 914 5412 esse,neesibisuomsedemquacumqueoorpo·
966 5355 1021 5396 nec
1034 5344 1133 5394 tomen
1152 5339 1278 5394 contenti
1296 5343 1374 5412 sunt,
1393 5358 1445 5398 noc
1458 5358 1489 5399 se
1506 5347 1606 5399 tenent
1624 5343 1716 5399 donec
1729 5347 1820 5401 totam

57 5430 99 5485 ris
110 5434 204 5486 morte
213 5446 296 5502 posse
306 5428 439 5486 subduci.
450 5430 585 5485 Avertere
594 5428 631 5485 ab
641 5429 744 5485 umbra
752 5433 811 5490 tue,
820 5443 912 5484 revor-

56 5523 121 5576 tere
135 5517 165 5575 ιιι
178 5522 221 5591 ιε’,
237 5519 333 5575 ιιιιΙιιιε
357 5522 401 5575 εει
423 5515 555 5576 ιιιιειιιιιε
574 5522 650 5584 tuos,
664 5516 721 5575 nisi
740 5515 862 5574 oblitum
883 5519 912 5572 te

969 5427 1071 5484 faciem
1090 5426 1229 5496 veritatis,
1246 5428 1327 5501 cnjus
1346 5429 1463 5502 quidam
1485 5431 1515 5488 in
1533 5431 1590 5487 illis
1602 5430 1710 5489 artibus
1725 5432 1820 5505 splen·

998 5523 1059 5589 (a)l
1076 5524 1201 5585 ιιειιεει,
1215 5538 1272 5590 cap.
1286 5527 1311 5588 l,
1321 5539 1348 5576 ιι.
1363 5530 1388 5576 l.
