3884 6112
672 263 777 322 LIBER
794 267 957 325 TERTIUS.
1652 285 1701 340 178

76 389 85 431 ι
98 379 302 447 praestiterunt.
323 382 398 436 Unde
416 398 468 452 per
488 386 585 442 multos
607 390 633 441 et
650 389 680 442 in
701 391 794 446 mattis
848 390 957 460 scribit,
973 392 1166 463 Augustiuum
1180 410 1213 449 er
1230 394 1350 451 haesita
1360 397 1533 468 migrantem
1545 403 1637 458 multa
1650 405 1700 460 Ec-

76 463 153 532 pdei,
175 469 236 535 spei
257 471 283 521 et
308 469 453 525 charitatis
470 473 595 529 Ecclesiae
614 475 793 533 innotescente
847 479 940 536 ctesias
955 497 1016 537 suas
1030 483 1205 538 monasteria
1223 484 1351 540 virorum
1370 502 1402 541 ac
1421 486 1593 545 laminarum
1607 492 1699 547 conti-

96 567 151 608 non
169 556 256 610 solam
274 572 431 625 perornare
452 561 557 629 Africae
575 568 680 634 partes,
700 580 793 621 uerum
847 569 977 625 nentium
990 570 1076 642 plena
1090 570 1231 627 dimisisse
1246 573 1407 644 (Possidias,
1418 577 1448 631 in
1460 578 1525 633 Vita
1538 578 1698 648 Aupustiai‚

97 646 305 707 transmarinis,
322 650 346 701 et
365 663 416 717 per
439 648 522 704 libros
542 650 638 719 editos,
659 658 741 722 atquc
762 657 793 709 in
846 657 1532 736 c.3l);quoeinurbecoustitulaluisseoportet3
1545 667 1701 740 alioquiua

76 745 221 786 manera
244 734 402 801 translatos,
423 737 457 790 ab
483 738 530 792 illo
553 754 606 794 uuo
630 740 745 808 bomine,
766 747 792 796 et
846 747 990 814 Vandalis,
1006 747 1075 819 quia
1087 748 1187 804 multis
1201 765 1265 804 eam
1282 752 1429 808 mensibus
1443 753 1622 824 obsidebant,
1634 756 1701 812 inis·

75 834 84 874 ι
107 821 211 887 mauu,
231 824 340 889 tacente
358 827 421 891 lieo,
445 827 532 881 mutia
553 829 716 884 innotescere
739 847 792 884 mc·
846 841 910 891 saut
924 836 1081 894 devastata.
1101 837 1136 892 lli
1155 842 1223 894 sunt
1236 838 1374 895 uberrimi
1388 841 1508 909 tructus,
1524 844 1575 916 qui
1588 845 1625 900 ab
1638 846 1697 900 Au-

75 907 225 979 [Passidius
247 913 277 966 in
294 913 359 968 Vita
376 913 536 984 Aupustini,
558 932 584 973 c.
615 918 668 989 ll).
693 920 732 973 Ex
746 918 791 974 his
846 924 954 997 gustini
971 926 1078 996 pietate
1092 927 1201 981 reluta
1219 927 1314 982 radice
1333 929 1513 1000 prodierunt.
1529 933 1623 998 Quare
1639 950 1698 991 uon

75 995 212 1069 piscopis,
240 999 292 1071 quai
314 999 350 1054 ab
374 1003 526 1072 Augustini
556 1007 731 1062 monasterio
754 1008 789 1062 ad
845 1012 990 1068 immerito
1006 1017 1035 1068 et
1049 1014 1259 1070 monachorum
1279 1020 1307 1070 at
1325 1019 1567 1075 monasteriorum
1580 1021 1697 1078 iustitu-

75 1089 133 1141 tum
152 1087 290 1158 arcessiti,
305 1089 461 1145 sanctitatis
476 1092 716 1150 existimationem
732 1096 791 1152 suis
845 1100 1077 1172 torhabebatur;
1093 1119 1159 1157 cum
1170 1103 1264 1174 reipsa
1273 1105 1423 1161 monastici
1433 1107 1547 1163 Ordinis
1560 1110 1590 1164 in
1603 1109 1698 1166 Africa

75 1175 117 1231 tis
130 1176 329 1238 conciliarunt,
346 1182 409 1234 octo
421 1180 481 1250 jam
497 1198 513 1235 a
528 1181 610 1238 uobis
626 1201 712 1255 supra
727 1185 789 1241 lau·
844 1191 1026 1247 laudatorem
1039 1207 1107 1247 euru
1121 1191 1208 1248 luisse
1218 1193 1378 1250 videamus.
1392 1196 1498 1251 Versum
1509 1197 1638 1254 Ecclesiae
1648 1201 1698 1255 ad·

75 1264 189 1319 cutiam
206 1271 332 1320 nostram
350 1274 509 1338 reuemut3
522 1270 653 1329 videlicet
670 1274 790 1348 Alypius
843 1279 971 1344 versarii,
988 1279 1038 1352 qui
1053 1279 1108 1334 hoc
1122 1280 1282 1351 Augustino
1296 1282 1326 1336 iu
1340 1283 1453 1355 magnis
1466 1285 1634 1343 criminibus
1647 1287 1696 1343 ob·

75 1351 126 1421 sis,
150 1354 272 1410 Evodius
293 1357 446 1425 Uzalensis,
469 1359 638 1416 Profuturus
654 1362 790 1419 Cirtensis
839 1365 947 1436 jactare
962 1380 1022 1421 uon
1039 1367 1222 1435 verebantur,
1238 1368 1310 1425 illud
1331 1369 1395 1424 ritae
1408 1387 1500 1442 genus
1517 1371 1651 1444 ignorare
1665 1390 1695 1428 se

74 1445 341 1516 :metropolitanus
355 1447 525 1502 Fortunatus
540 1450 667 1519 ejusdem
683 1468 790 1508 succes·
842 1454 1087 1523 demonstrabant,
1100 1456 1146 1511 vel
1163 1456 1260 1528 potius
1278 1461 1339 1513 toto
1357 1458 1426 1514 orbe
1445 1459 1628 1516 notissimum
1646 1476 1695 1515 ue·

74 1546 136 1586 crus
157 1532 344 1602 Mileritanus,
367 1536 511 1591 Possidias
531 1536 716 1606 Calameusis,
740 1541 790 1594 Ur·
843 1544 914 1599 scira
934 1560 963 1600 sa
983 1544 1158 1600 simulabant
1176 1547 1287 1616 (Contra
1302 1547 1420 1603 Litteras
1439 1549 1576 1617 Petiliam,
1597 1549 1645 1604 lib.
1666 1551 1694 1617 3,

74 1618 201 1688 lacensis,
226 1626 255 1676 et
279 1623 460 1693 Peregrinus.
490 1625 679 1682 Ecclesiarum
702 1629 787 1700 louge
841 1648 870 1687 u.
886 1634 941 1703 48).
962 1633 1047 1702 Quid,
1067 1634 1143 1706 quod
1162 1634 1233 1690 adeo
1253 1636 1393 1707 pudorem
1411 1652 1527 1692 omnem
1543 1638 1692 1705 exuebant,

74 1722 95 1764 ιι
113 1709 329 1765 necessitatibus
343 1711 526 1768 charissimos
541 1714 694 1786 discipulos
708 1733 785 1784 suos,
842 1726 874 1775 ut
887 1721 1100 1777 sanctissimum
1115 1722 1280 1779 institutum
1294 1740 1361 1780 cum
1376 1724 1435 1779 suis
1450 1725 1691 1781 circumcellioni-

73 1797 201 1853 tlumuos
214 1800 391 1855 strictissima
404 1802 626 1876 dulcissimaque
640 1806 787 1861 familiari·
841 1808 895 1864 bus
909 1809 1049 1865 auderent
1067 1813 1256 1883 comparare?
1270 1812 1332 1877 Oua
1354 1812 1389 1867 de
1407 1828 1439 1866 re
1458 1813 1497 1867 sic
1516 1813 1693 1886 Augustinus

74 1887 244 1957 conjrrnctos
256 1887 404 1960 diligebat,
419 1891 575 1946 concedere
587 1908 647 1948 non
661 1899 785 1965 poterat,
842 1897 877 1952 ad
893 1896 1050 1952 Catholicos
1065 1914 1072 1953 ι
1088 1899 1120 1954 Si
1133 1899 1312 1968 comparandi
1325 1905 1398 1969 sunt,
1413 1915 1460 1956 coa
1473 1901 1575 1970 uidem
1590 1904 1617 1957 ei
1628 1918 1689 1958 aar·

73 1991 168 2032 aarum
191 1977 332 2033 desiderio
351 1979 501 2048 laboraret,
522 1998 553 2036 aa
575 1982 680 2038 doloris
700 1984 784 2039 veluti
842 1985 882 2040 bis
893 1988 992 2041 vestris
1006 2000 1073 2056 opus
1085 1991 1135 2055 est,
1149 1987 1211 2057 jam
1225 1988 1364 2044 laboratis.
1381 1990 1442 2047 Non
1460 2004 1527 2059 opas
1541 1995 1580 2045 est
1593 1993 1649 2046 nisi
1662 1994 1692 2046 at

74 2064 235 2122 foderetur.
257 2067 387 2122 Publicus
408 2072 506 2124 tamen
527 2071 714 2127 Ecclesiarum
734 2089 785 2128 ue·
840 2073 1008 2129 admoneatis
1027 2090 1242 2145 unumquemque
1255 2079 1287 2129 ut
1309 2076 1446 2144 attendat3
1462 2079 1548 2133 sotum
1567 2078 1692 2134 attendat

73 2173 76 2204 r
102 2155 220 2227 privatis
250 2157 408 2212 commodis
436 2160 638 2229 anteponebat,
666 2177 786 2232 sperans
839 2167 866 2216 et
878 2165 1024 2232 comparet.
1040 2162 1112 2229 oasa
1126 2177 1193 2233 opus
1207 2167 1248 2219 est
1257 2163 1347 2219 corbis
1358 2164 1481 2221 uestris?
1495 2165 1691 2234 Comparantur

73 2258 139 2299 curu
163 2244 229 2309 iltis,
247 2262 319 2317 quos
342 2246 372 2300 in
398 2247 482 2301 terris
503 2253 622 2319 propter
640 2250 785 2306 Christum
839 2247 938 2304 ebriosi
951 2264 1011 2305 cum
1026 2250 1135 2318 sobriis,
1149 2253 1303 2321 precipites
1318 2267 1378 2307 cum
1391 2253 1580 2324 consideratis,
1593 2256 1691 2322 turen·

72 2331 128 2387 nili
151 2337 307 2402 pateretur,
323 2333 355 2389 in
377 2336 455 2390 caelis
470 2352 522 2407 per
545 2337 689 2393 Christum
710 2344 785 2394 asset
840 2343 878 2392 tes
892 2354 952 2393 cum
966 2339 1147 2409 simplicibus,
1160 2345 1290 2409 vagantes
1305 2355 1364 2396 cum
1379 2345 1558 2410 conprepatis.
1577 2344 1690 2400 Verum-

84 2421 267 2477 aonviaturus
279 2423 379 2493 (Epist.
394 2426 439 2491 84,
454 2440 483 2479 u.
502 2425 537 2495 l).
548 2425 611 2496 lpse
624 2442 692 2481 raro
706 2443 784 2482 crea·
840 2430 940 2498 tamen,
955 2427 1121 2495 charissimi,
1140 2435 1203 2484 saar
1217 2434 1242 2483 et
1264 2431 1313 2498 oui
1333 2433 1458 2486 monachi
1479 2432 1548 2499 salsi
1569 2437 1648 2500 sunt;
1666 2438 1692 2488 et

72 2524 147 2581 rpus,
164 2525 196 2564 ex
209 2510 255 2564 his
268 2511 318 2582 qui
333 2512 423 2568 sancti
437 2513 578 2584 propositi
591 2518 702 2570 tenaces
716 2532 783 2588 per·
838 2531 886 2570 nos
900 2519 1023 2572 nouimus
1038 2519 1124 2572 tates:
1140 2516 1188 2571 sed
1204 2533 1256 2573 nora
1270 2521 1355 2588 periit
1368 2521 1533 2587 fraternitas
1549 2523 1609 2591 pia,
1623 2537 1689 2591 pro·

72 2600 85 2653 ι
97 2596 129 2652 in
142 2598 329 2664 monasterio,
344 2600 459 2655 uounisi
468 2601 603 2657 meliores
617 2609 703 2674 atque
718 2621 783 2676 pro·
836 2611 899 2675 pter
912 2621 956 2660 eos
968 2607 1018 2676 qui
1028 2605 1194 2677 profitentur
1208 2606 1281 2674 quod
1294 2622 1347 2661 nou
1361 2612 1425 2663 suut
1439 2611 1549 2678 (linem.
1567 2612 1598 2664 in
1613 2611 1686 2665 Psoi.

72 2701 96 2741 n
110 2687 220 2742 clerum
234 2703 318 2743 suum
333 2689 441 2744 solebat
453 2690 603 2748 asciscere.
624 2692 720 2747 Nihilo
739 2698 782 2748 la·
840 2697 901 2755 tbi,
916 2709 963 2750 nu.
979 2696 1005 2761 3,
1020 2694 1057 2762 l).

71 2792 102 2831 us
113 2776 316 2847 experiebatur
330 2777 494 2849 aliquando,
508 2779 626 2834 exbouo
640 2782 782 2837 monacho
874 2786 900 2837 5.
921 2783 1002 2838 Tales
1020 2781 1094 2838 inter
1113 2796 1180 2836 suos
1198 2798 1265 2836 cum
1284 2783 1383 2839 dolore
1400 2785 1468 2840 tulit
1486 2800 1545 2840 nou
1564 2785 1687 2856 ignotos,

71 2880 98 2920 ur
116 2865 254 2920 clericum
269 2865 342 2930 fieri.
358 2867 381 2922 si
396 2867 470 2922 adsit
484 2868 511 2922 ei
530 2869 674 2925 sullicieus
689 2871 781 2925 conti·
838 2886 890 2926 uec
903 2869 1058 2926 leuioribus
1069 2871 1270 2926 tantummodo
1290 2871 1458 2929 criminibus
1477 2873 1635 2931 obstrictos.
1653 2876 1689 2930 Ut

71 2961 183 3014 ,minen
205 2958 279 3013 desit
293 2959 441 3014 instructio
464 2960 632 3025 necessaria,
648 2968 698 3018 aut
716 2980 781 3035 per·
838 2957 915 3013 enim
929 2958 990 3028 ipsa
1005 2957 1082 3028 plebi
1095 2973 1155 3013 suae
1168 2956 1329 3015 identidem
1342 2959 1456 3030 repetit,
1470 2975 1529 3014 nou
1542 2962 1583 3014 est
1597 2964 1687 3015 status

71 3046 161 3103 alaris
176 3047 327 3118 integritas
341 3049 436 3118 (Epist.
454 3051 498 3116 60,
511 3067 542 3106 u.
565 3054 574 3106 l
582 3053 602 3120 ι.
838 3047 907 3102 adeo
921 3045 1073 3118 perfectus,
1089 3045 1120 3101 in
1132 3063 1190 3118 quo
1205 3063 1265 3102 uon
1278 3047 1337 3103 sint
1350 3047 1468 3118 debiles,
1478 3047 1537 3103 imo
1549 3052 1579 3103 et
1590 3048 1688 3119 prodi-

84 3136 180 3190 solum
196 3141 290 3191 autam
306 3138 441 3207 praesules
456 3138 491 3192 ab
512 3138 666 3210 Augustini
680 3156 781 3195 moua-
825 3139 927 3206 ,tores3
944 3150 1039 3207 neque
1053 3135 1172 3190 societas
1190 3136 1261 3191 adeo
1275 3140 1373 3192 sancta
1387 3137 1483 3204 est,in
1498 3153 1556 3208 qua
1569 3137 1686 3193 scauda-

71 3224 166 3292 reasiti,
184 3225 241 3278 alia
260 3224 388 3279 caenobia
410 3225 440 3280 iu
458 3242 509 3280 sua
530 3227 652 3299 quisque
667 3228 781 3284 dioecasi
837 3223 897 3278 lum
909 3223 1122 3280 interdumnon
1135 3224 1305 3296 reperiatur.
1320 3225 1463 3296 Nam,ubi
1474 3225 1611 3281 [lominus
1625 3241 1687 3281 om·

71 3317 156 3381 runt3
180 3329 278 3368 rerum
299 3313 388 3369 etiam
408 3315 571 3371 existimare
591 3315 666 3384 licet,
689 3318 780 3374 Aure·
837 3327 887 3366 nas
900 3312 994 3367 tribus
1006 3312 1162 3383 generibus
1176 3313 1328 3369 hominum
1343 3313 1687 3385 comprehendit,scilicet

70 3403 219 3473 erupturas
234 3402 303 3457 alios
315 3402 405 3472 ¹etiam
421 3408 487 3458 aute
502 3405 655 3475 Augustini
670 3406 780 3477 episco·
836 3400 1113 3456 existentiumaulin
1124 3402 1298 3472 agro,autin
1309 3402 1485 3469 molendino,
1495 3407 1545 3456 aut
1555 3401 1685 3469 inlect03

70 3491 276 3547 eminatitassc.
289 3493 360 3546 Nam
371 3508 435 3547 cum
448 3493 648 3565 episcopatum
660 3495 781 3568 adeptus
835 3491 867 3545 ln
879 3491 944 3545 lecto
963 3494 1054 3544 auton
1073 3504 1126 3556 eos,
1142 3491 1238 3562 inquit
1255 3490 1442 3561 Augustinus,
1458 3491 1575 3557 iutellipi
1588 3492 1687 3558 uoluit,

70 3593 162 3634 annus
177 3582 236 3633 erat
250 3582 277 3633 el
300 3579 424 3649 amplius
442 3596 476 3634 ex
498 3597 555 3652 quo
571 3582 707 3637 Paulinus
721 3598 781 3637 nou
836 3580 1057 3646 autumaverunt
1070 3580 1200 3648 quietem3
1214 3594 1264 3649 per
1278 3580 1374 3633 tectum
1387 3580 1458 3632 enim
1474 3580 1588 3648 quatem
1600 3580 1686 3634 coluit

70 3666 252 3739 *Alypiumse
261 3668 781 3740 precibussanctorumcommendare·
835 3667 969 3736 intellipi3
983 3682 1036 3721 nou
1049 3680 1077 3722 se
1090 3668 1233 3722 miscentes
1252 3667 1351 3732 turbis,
1370 3681 1423 3721 nou
1438 3666 1566 3720 tumultui
1578 3666 1685 3734 pencris

70 3759 132 3822 mat,
145 3755 249 3827 iuquit,
263 3759 293 3810 in
306 3758 374 3812 clero
389 3758 549 3813 Sanctitotis
564 3762 616 3814 tuas
627 3761 744 3826 comitas,
755 3764 781 3814 et
835 3756 958 3823 tamari,
975 3757 1005 3810 in
1022 3757 1076 3811 otio
1091 3758 1235 3811 servientes
1250 3758 1303 3811 Deo
1317 3771 1324 3810 ε
1338 3758 1363 3810 et
1381 3754 1446 3810 inde
1459 3759 1548 3809 tamen
1560 3769 1632 3809 unus
1643 3768 1686 3809 as·

69 3847 139 3900 eriis
148 3844 216 3916 fidei
224 3861 255 3899 ac
264 3848 433 3902 uirtutistaae
441 3848 609 3902 emulatores
619 3848 682 3914 ;sed
693 3847 779 3902 etiam
834 3849 964 3912 sumator,
978 3848 1004 3899 ct
1015 3859 1086 3900 unas
1100 3847 1278 3914 relinquetur.
1295 3845 1365 3901 Sunt
1376 3844 1416 3898 ibi
1424 3843 1515 3914 probi,
1530 3849 1555 3898 et
1569 3847 1634 3898 sunt
1646 3842 1686 3897 ibi

69 3949 106 3988 na
128 3937 210 4004 parte
229 3933 358 4004 epistole
376 3933 478 3988 iratres
496 3939 559 3989 turn
580 3934 780 4005 Ecclesiarum,
834 3934 943 4004 reprobi
957 3934 1052 4006 (tota,
1063 3951 1092 3990 n.
1107 3935 1148 4006 i).
1163 3935 1242 3990 Unde
1258 3933 1415 3990 sicalicubi
1429 3933 1577 4006 loquitur:
1592 3933 1685 4000 Quare

69 4020 245 4078 astenmum
262 4021 452 4095 Carthaginis,
468 4024 607 4095 Tagastae,
624 4023 779 4095 Hipponis·
834 4023 957 4078 tamlibct
978 4025 1073 4091 vigilet
1095 4024 1247 4094 disciplina
1266 4023 1360 4078 domm
1380 4038 1453 4090 meaa,
1477 4023 1553 4077 bomo
1574 4036 1644 4090 sum,
1660 4026 1685 4075 et

69 4127 206 4184 urumque
226 4112 328 4166 Airicse
348 4112 478 4167 locorum
498 4113 603 4168 salutat
617 4111 716 4184 (Epist.
731 4115 778 4182 il,
833 4113 905 4166 iuter
919 4112 1038 4167 homines
1051 4114 1131 4180 uico;
1148 4127 1195 4167 aea
1208 4113 1278 4166 mibi
1292 4127 1422 4180 arropare
1434 4111 1530 4177 audeo,
1546 4113 1577 4164 ut
1589 4109 1684 4164 domm

80 4216 198 4274 quoquc
219 4200 394 4272 Augustinus
409 4199 502 4255 verbis
517 4203 649 4268 (rutrum,
663 4216 716 4256 non
735 4216 778 4256 so·
834 4215 893 4254 mea
903 4202 1000 4256 melior
1010 4203 1048 4256 sit
1059 4216 1142 4270 qaam
1156 4216 1222 4255 arca
1236 4202 1301 4267 Noe,
1316 4199 1365 4254 ubi
1379 4204 1468 4254 tamen
1481 4201 1552 4252 mter
1563 4202 1619 4252 octo
1634 4197 1685 4251 laa-

68 4289 207 4356 iobiscum,
224 4289 329 4359 inquit,
348 4288 483 4356 babitaret,
502 4293 527 4343 et
541 4292 589 4358 pai
601 4289 714 4344 ubilibet
728 4289 779 4343 ba·
832 4291 917 4342 mines
931 4289 1061 4358 reprobus
1074 4303 1145 4344 unus
1160 4291 1284 4344 inuentus
1298 4292 1347 4356 ert,
1358 4292 1406 4342 etc.
1418 4303 1425 4341 :
1436 4287 1588 4341 autmelior
1602 4300 1685 4354 quam

68 4380 117 4433 ileo
131 4380 240 4448 pariter
257 4380 389 4447 seruiunt,
409 4378 530 4432 salutem
548 4376 661 4431 nuntiat
680 4377 776 4448 (Epist.
833 4377 997 4434 cohabitatio
1010 4379 1099 4449 ipsius
1114 4380 1223 4433 Domini
1234 4378 1347 4443 Christi,
1361 4379 1391 4430 iu
1411 4390 1466 4444 pua
1482 4373 1607 4429 undecim
1622 4372 1686 4427 boui

68 4471 85 4536 ι.
103 4467 175 4538 lpse
196 4466 282 4521 etiam
301 4466 378 4520 cedri
399 4465 508 4535 Libani,
523 4466 577 4520 hoc
596 4469 648 4528 est,
668 4465 779 4521 nobiles
831 4465 966 4535 perfidum
981 4469 1007 4521 at
1025 4467 1116 4534 furem
1130 4466 1230 4521 iudam
1248 4467 1430 4520 toleraverunt
1448 4477 1455 4516 :
1472 4465 1521 4516 aat
1534 4463 1629 4516 melior
1647 4463 1685 4517 sit

68 4555 170 4628 »hujus
186 4555 292 4622 saeculi,
308 4555 445 4626 praeclare
465 4571 561 4609 secum
586 4560 680 4610 actum
695 4558 778 4626 pata-
829 4558 965 4624 postremo
979 4568 1061 4624 quam
1076 4556 1183 4620 culum
1200 4552 1271 4607 unde
1285 4553 1386 4620 Arpeti
1398 4549 1559 4606 cecideruut.
1573 4550 1686 4620 Simpli-

77 4644 132 4700 sub
155 4646 258 4700 umbra
287 4660 429 4699 ramorum
455 4660 573 4699 suorum
601 4643 779 4699 nidificantes
833 4646 899 4698 citer
912 4647 1002 4699 autem
1015 4647 1104 4712 fateor
1122 4644 1260 4700 charitati
1274 4646 1378 4708 uestrae,
1394 4655 1484 4695 coram
1504 4640 1617 4694 Domim
1631 4641 1684 4694 lleo

67 4736 96 4789 at
103 4750 233 4806 passeres
246 4738 274 4788 et
284 4749 436 4804 pauperes,
448 4733 497 4805 qui
507 4736 626 4805 propter
635 4733 778 4788 Christum
833 4733 990 4800 nostro,qui
1000 4734 1077 4786 testis
1086 4736 1217 4801 estsuper
1226 4731 1347 4784 animam
1356 4743 1452 4796 mam,
1463 4743 1497 4782 ea
1507 4742 1559 4798 quo
1569 4729 1621 4783 ileo
1630 4743 1684 4782 ser·-

67 4823 147 4896 isque
161 4823 227 4877 ritae
247 4822 451 4895 professionem
467 4822 566 4878 omnia
580 4821 777 4894 reliquerant;
832 4821 890 4873 cire
899 4821 983 4889 capi:
994 4819 1125 4890 momoria
1135 4819 1252 4890 difficile
1262 4832 1323 4872 sum
1332 4821 1459 4888 aspertus
1468 4817 1589 4872 meliores
1600 4831 1683 4886 paam

67 4927 82 4967 ι
106 4915 135 4966 et
148 4911 246 4966 hortos
265 4911 468 4980 concedebant,
483 4911 614 4966 ecclesias
635 4915 664 4965 et
679 4926 779 4965 mona·
834 4910 929 4978 quiin
948 4910 1118 4964 monasteriis
1135 4909 1324 4977 proiecerant;
1344 4908 1386 4960 ita
1404 4921 1458 4960 non
1476 4920 1534 4960 sam
1554 4909 1682 4975 eapertas

67 5000 238 5054 astruebant
258 5000 371 5069 (duorr.
398 5001 427 5053 iu
450 4999 524 5054 Psoi.
553 5001 614 5061 103,
640 5014 720 5053 sema.
751 5001 778 5064 3,
831 4997 947 5068 pejores,
963 5011 1045 5065 quam
1057 4997 1106 5066 pai
1119 4998 1148 5050 iu
1158 4996 1330 5050 monasteriis
1345 4994 1606 5060 ceciderunt3itaut
1620 4993 1683 5046 binc

67 5086 108 5160 7).
126 5087 206 5144 Unde
225 5088 355 5159 contigit,
371 5087 402 5142 iu
421 5103 480 5142 una
499 5091 527 5143 et
546 5086 646 5142 eadem
666 5087 779 5142 civitate
834 5085 952 5140 arbitrer
962 5087 992 5140 in
1001 5085 1169 5155 Apocalypsi
1178 5086 1320 5154 seriptum,
1335 5101 1349 5135 u
1363 5084 1459 5139 iustus
1469 5081 1576 5152 justior
1583 5079 1644 5144 liat,
1655 5083 1685 5133 et

66 5176 242 5248 taliquaudo
256 5177 385 5233 coenobia
399 5176 528 5248 reperiri.
543 5177 615 5232 Nam
629 5181 735 5248 practer
748 5176 780 5230 il·
834 5174 964 5229 sordidus
979 5175 1121 5228 sordescat
1131 5173 1223 5228 adhuc
1234 5193 1247 5224 ι
1260 5174 1354 5242 (Apoc.
1368 5187 1435 5238 rau,
1448 5172 1501 5240 lt).
1513 5169 1684 5238 Quapropter

66 5262 273 5335 {Augustinus
287 5279 304 5317 a
318 5279 369 5317 sua
390 5263 485 5318 statim
506 5263 687 5318 ordinatione
703 5264 779 5335 apud
833 5265 886 5317 etsi
899 5263 1092 5317 contristamur
1105 5261 1138 5314 de
1149 5262 1288 5330 aliquibus
1300 5261 1499 5331 purgamentis,
1514 5255 1684 5312 consolamur

66 5368 87 5409 ιι
105 5352 248 5422 condidit,
262 5352 385 5408 alterum
400 5369 416 5407 a
432 5353 550 5424 Leporio
565 5352 733 5424 presbytero
748 5351 777 5406 iu
834 5354 922 5405 tamen
935 5352 1017 5406 ctiam
1030 5349 1064 5404 de
1075 5350 1202 5420 pluribus
1216 5352 1392 5405 ornamentis.
1401 5347 1491 5404 Nolite
1500 5347 1685 5413 crpopropter

66 5441 118 5509 be,
129 5441 247 5497 tertium
258 5441 363 5497 ibidem
375 5442 409 5496 ah
423 5441 556 5497 Eleusino
569 5440 683 5496 videtur
692 5440 778 5496 luisse
833 5454 981 5502 amurcam,
997 5454 1052 5508 pua
1074 5439 1146 5492 oculi
1158 5440 1243 5494 uestri
1262 5436 1445 5508 offenduntur,
1471 5432 1619 5487 torcularia
1634 5431 1681 5486 da·

66 5544 113 5587 um
130 5531 229 5597 (Serm.
249 5533 310 5598 bib,
325 5547 376 5586 nu.
404 5533 445 5598 ιθ,
467 5532 520 5601 li).
541 5530 611 5584 ilinc
634 5511 784 5585 Possidius'
833 5530 937 5594 testari,
952 5526 1024 5583 unde
1037 5529 1172 5598 apothecae
1187 5529 1329 5582 Dominicis
1343 5526 1436 5590 [ructu
1450 5521 1501 5575 otei
1523 5521 1690 5575 luminaria-t
