3884 6112
693 214 800 272 LIBER
826 213 1002 283 Quaeres,

67 346 86 385 ,e
94 328 231 400 abreptus
238 329 389 387 dementire
404 345 487 398 mae,
508 334 542 387 ut
555 331 631 403 apud
645 335 672 388 te
686 348 816 390 servare-

67 418 211 475 rsoletioni
226 434 309 486 meve,
333 424 397 489 post
410 436 516 490 paucos
536 420 607 490 dies,
629 437 674 476 me
688 422 816 492 absente,

67 522 105 564 ‚ur
118 507 248 563 febribus
260 512 290 562 et
302 507 479 580 defungitur.

67 597 124 662 luo,
139 595 237 650 dolore
261 597 497 653 contenebratum
519 602 562 653 est
579 615 628 654 eor
651 617 767 668 meum;
791 606 819 658 et

67 684 105 741 rid
123 685 306 756 aspiciebam,
323 702 399 740 mors
418 691 492 742 erat.
516 689 549 742 Et
564 694 626 744 erat
640 690 711 745 mihi
726 691 819 762 patria

67 773 149 842 uum,
160 779 189 829 et
198 780 317 845 paterna
327 775 428 829 domus
441 776 672 832 mirainfelicitas
682 795 689 844 ;
698 783 727 834 et
737 779 819 851 quid·

67 879 113 919 um
125 863 175 919 illo
190 863 478 928 communicaveram,
490 865 551 920 sine
562 866 611 921 illo
622 867 652 921 in
661 868 818 923 cruciatum

67 969 123 1009 rem
145 957 276 1008 verterat.
303 953 478 1022 Expetebant
503 970 569 1009 eum
595 956 722 1028 nudique
745 957 819 1012 oculi

67 1049 73 1098 t
86 1042 373 1102 nondabaturmil1i;
384 1048 414 1097 el
428 1043 546 1098 oderam
559 1045 666 1108 omnia,
683 1045 820 1117 quianon

67 1136 107 1186 vnt
128 1127 206 1196 euni,
222 1146 275 1186 nec
297 1130 368 1186 mihi
385 1131 447 1202 jam
470 1131 564 1187 dicere
585 1139 735 1204 poterant:
752 1135 819 1190 Ecce

67 1262 70 1285 ,
85 1220 158 1276 sicut
173 1236 239 1276 cum
253 1219 369 1287 vireret,
386 1221 501 1291 quando
512 1222 614 1277 absens
629 1227 702 1278 erat.
719 1224 819 1279 Factus

69 1323 119 1379 pse
134 1307 206 1362 milii
221 1324 325 1379 magna
342 1308 472 1380 quaestio,
489 1314 516 1365 et
530 1309 744 1382 interrogabam
755 1310 819 1365 ani·

66 1412 160 1451 meam
175 1412 264 1470 quare
283 1396 372 1450 tristis
387 1402 471 1464 esset,
487 1402 516 1452 et
529 1414 617 1469 quare
636 1400 820 1454 conturbaret

67 1486 124 1551 lde;
140 1491 169 1541 et
179 1486 250 1540 nihil
264 1490 383 1541 noverat
393 1487 563 1558 respondere
575 1487 656 1543 mihi.
669 1489 702 1542 Et
712 1487 735 1542 si
747 1488 819 1543 dice·

67 1574 184 1647 iperain
199 1576 287 1629 Deum
303 1576 387 1645 (Paul.
404 1592 458 1643 rur,
473 1579 488 1631 6
502 1577 528 1647 );
541 1576 621 1646 juste
633 1593 692 1631 nou
707 1576 816 1632 obtem·

67 1668 98 1718 vt:
113 1662 182 1735 quia
196 1663 290 1718 verior
307 1668 368 1718 ernt
382 1669 410 1719 et
432 1665 532 1719 melior
548 1666 634 1720 homo
651 1682 738 1738 quem
753 1667 820 1721 cha-

67 1769 112 1808 nm
126 1752 271 1821 amiserat,
285 1769 372 1825 quam
382 1754 554 1825 phantasma
565 1754 595 1808 in
612 1756 688 1826 quod
704 1771 819 1826 sperare

67 1848 128 1898 itur.
143 1841 225 1898 Solus
241 1842 327 1897 fletus
346 1847 407 1897 erat
420 1842 511 1898 dulcis
527 1842 598 1899 mihi
609 1848 637 1899 el
648 1849 821 1899 successerat

72 1947 138 1988 meo
153 1931 185 1986 in
200 1931 310 1987 deliciis
323 1931 413 1987 animi
425 1933 495 1988 mei.

315 2022 428 2077 CAPUT
443 2022 473 2077 V.

205 2111 259 2169 Cur
272 2113 349 2179 fletus
364 2111 452 2166 dulcis
462 2113 578 2166 miseris.

67 2201 93 2256 tt
105 2215 192 2266 nunc,
209 2199 340 2267 Domine,
352 2200 414 2271 jam
428 2199 477 2254 illa
494 2201 680 2267 transierunt,
696 2204 725 2256 et
742 2206 818 2257 tem·

67 2288 172 2344 anitum
187 2293 231 2343 est
244 2287 348 2342 vulnus
364 2303 471 2343 meum.
487 2290 646 2343 Possumne
661 2290 759 2344 audire
771 2290 821 2344 abs

78 2377 184 2431 veritas
199 2394 240 2444 es,
265 2381 294 2432 et
316 2376 469 2432 admovere
482 2394 583 2432 aurem
597 2378 689 2433 cordis
705 2378 820 2433 maiori

67 2470 74 2522 l
87 2465 165 2521 dicas
179 2465 251 2520 mihi
262 2481 313 2520 cur
323 2465 407 2520 lletus
420 2465 510 2520 dulcis
525 2466 562 2521 sit
577 2466 708 2522 uriseris‘i
720 2470 765 2522 An
777 2474 819 2534 tu,

67 2555 98 2610 vis
114 2555 219 2627 ubique
235 2556 320 2622 adsis,
338 2556 423 2627 longe
441 2555 570 2626 abjecisti
592 2560 650 2612 ate
674 2557 820 2612 miseriam

67 2647 117 2700 m?
129 2647 162 2700 Et
175 2643 246 2699 tuin
263 2651 289 2699 tc
302 2660 401 2699 manes
413 2661 419 2711 ;
432 2661 484 2700 nos
494 2650 591 2700 autem
603 2645 635 2700 in
645 2646 823 2717 experimen-

67 2712 168 2788 iimur.
183 2736 321 2789 Ettamen
337 2733 393 2788 uisi
408 2734 443 2788 ad
457 2750 542 2790 aures
555 2739 618 2789 tuas
633 2736 820 2806 ploraremus,

67 2822 166 2878 esidui
181 2823 216 2877 de
232 2839 282 2894 spe
298 2827 395 2877 nostra
414 2824 506 2878 lieret.
524 2823 603 2878 Unde
618 2823 707 2893 igitur
727 2823 821 2879 suavis

67 2927 78 2964 s
92 2910 128 2965 de
138 2909 331 2965 amaritudine
344 2910 409 2965 vilae
425 2911 562 2981 carpitur,
574 2927 689 2983 gemere
699 2918 727 2966 et
740 2914 821 2980 llere,

67 2998 156 3071 pirere
166 3004 194 3054 et
207 2999 366 3071 conqueri?
380 3002 424 3054 An
439 3000 491 3053 hoc
507 2999 546 3054 ibi
559 3001 567 3036 ¹
583 3000 666 3054 dulce
675 3005 728 3062 est,
744 3002 822 3071 quod

67 3104 118 3144 nus
137 3086 271 3143 exaudire
286 3090 334 3142 te?
349 3089 434 3144 Recte
446 3087 524 3142 istud
544 3088 573 3142 in
589 3088 732 3159 precibus,
753 3088 821 3160 quia

67 3176 141 3230 rium
164 3176 351 3246 perveniendi
371 3176 486 3231 habent.
512 3177 656 3248 Numquid
678 3177 822 3233 indolere

67 3264 136 3319 arei
151 3270 181 3318 et
196 3265 273 3319 luctu
297 3282 354 3335 quo
370 3270 437 3319 tvrnc
450 3265 617 3336 operiebar?
632 3267 728 3338 Neque
744 3267 821 3321 euius

67 3370 119 3408 vam
132 3354 298 3408 reviviscere
308 3354 401 3421 illum,
415 3359 464 3409 aut
474 3354 668 3438 hocpetebam
677 3354 821 3426 lacrymis,

67 3446 150 3498 ntum
164 3442 296 3498 dolebam
311 3448 339 3496 et
355 3443 471 3501 flebam.
491 3442 577 3498 Miser
590 3442 669 3498 enim
688 3459 777 3511 erum,
794 3449 822 3498 et

67 3548 121 3588 ram
132 3531 269 3602 gaudium
282 3547 389 3586 meum.
405 3533 449 3585 Au
464 3535 490 3585 el
506 3533 590 3585 lletus
601 3547 647 3586 res
660 3547 758 3586 amara
768 3536 820 3595 est,

76 3621 190 3677 fastidio
202 3636 300 3676 rerum
311 3621 417 3692 quilius
431 3619 511 3692 prius
522 3619 700 3687 fruebamur,
712 3623 740 3674 et
754 3624 822 3676 tuuc

67 3710 89 3766 b
101 3710 141 3766 eis
156 3711 357 3776 abhorremus,
369 3709 510 3764 delectati

310 3800 423 3854 CAPUT
437 3799 483 3854 vl.

160 3890 286 3955 Quorum
300 3904 335 3943 ec
347 3890 429 3943 amici
443 3893 527 3943 mov-te
541 3887 627 3943 dolor.

67 3978 137 4045 [inid
146 3984 242 4033 autem
254 3978 309 4032 ista
321 3978 445 4048 loquor?
455 3978 519 4032 Nou
533 3976 610 4031 enim
625 3981 739 4049 tempus
753 3992 821 4049 que

67 4083 138 4126 runc
153 4074 206 4135 est,
223 4069 272 4122 sed
283 4066 439 4122 conlitendi
453 4065 517 4122 tibi.
529 4066 612 4122 bliser
621 4081 711 4128 eram,
727 4070 756 4121 et
769 4065 823 4121 mi-

67 4173 72 4211 ;
85 4156 177 4210 omnis
193 4155 306 4210 animus
327 4155 438 4209 vinctus
456 4153 584 4208 amicitia
598 4169 695 4208 rerum
706 4159 821 4209 morta-

78 4248 107 4300 et
121 4244 284 4299 ‘dilanietur
307 4260 373 4298 cum
397 4259 444 4298 eas
466 4242 582 4319 amittit,
606 4247 635 4298 et
654 4246 721 4298 tunc
736 4242 822 4298 sentit

68 4349 186 4405 amque
202 4332 288 4387 miser
306 4336 347 4387 est
360 4336 389 4386 et
403 4334 559 4403 antequam
577 4331 690 4386 amittat
704 4348 761 4388 ees.
778 4332 822 4387 Sic

67 4437 126 4477 ram
148 4422 198 4477 illo
227 4426 367 4491 tempore,
392 4426 421 4474 et
447 4421 551 4476 llebam
578 4420 769 4489 amarissime,
795 4426 824 4475 et

67 4511 182 4566 scebant
197 4511 227 4565 in
243 4509 445 4564 amaritudine.
462 4510 504 4564 lta
520 4509 608 4564 miser
621 4525 710 4574 eram,
727 4514 757 4564 et
770 4509 821 4563 ha-

67 4621 71 4656 ι
90 4600 251 4656 chariorem
267 4600 316 4653 illo
332 4597 423 4654 amico
439 4614 503 4653 meo
521 4599 610 4653 vitam
624 4599 717 4669 ipsam
733 4597 821 4653 mise-

67 4689 129 4744 iam
138 4689 269 4761 quamvis
278 4705 343 4743 eam
354 4692 468 4743 mutare
477 4688 591 4757 vellem,
603 4688 710 4742 nollem
724 4691 821 4742 tamen

68 4795 100 4835 re
112 4778 205 4850 magis
219 4795 307 4850 quam
322 4777 416 4832 illum.
439 4779 472 4832 Et
494 4776 589 4831 nescio
603 4793 640 4831 an
655 4777 758 4832 vellem
772 4777 817 4831 vel

67 4885 96 4936 o,
121 4868 195 4923 sicut
216 4868 251 4923 de
283 4869 380 4924 Oreste
402 4870 431 4922 et
446 4866 549 4938 Pylade
568 4865 702 4933 traditur,
722 4865 746 4920 si
763 4881 821 4921 non

67 4972 97 5025 ir,
113 4957 165 5029 qui
179 4957 286 5012 vellent
297 4973 349 5028 pro
361 4956 483 5011 invicem
497 4956 542 5010 vel
553 4955 638 5010 simul
654 4954 738 5021 mori,
754 4955 823 5027 quia

86 5046 172 5118 peius
195 5046 237 5101 eis
256 5050 317 5101 erat
340 5062 400 5101 non
415 5044 502 5100 simul
525 5044 630 5100 vivere.
645 5044 700 5100 Sed
723 5044 753 5098 in
778 5059 823 5098 me

81 5135 147 5208 quis
161 5135 280 5190 allectus
294 5135 380 5189 nimis
398 5134 466 5190 huic
485 5133 644 5189 contrarius
659 5136 737 5187 ortus
751 5138 822 5202 eret,

67 5223 130 5279 ium
149 5222 263 5277 vivendi
279 5227 342 5277 erat
361 5222 392 5276 in
407 5238 454 5278 me
477 5221 688 5294 gravissimum,
710 5224 739 5274 et
760 5235 821 5274 mo·

78 5318 190 5367 metus.
216 5311 306 5366 Credo
332 5327 390 5383 quo
405 5311 497 5382 magis
519 5311 603 5366 illum
626 5309 768 5372 amabam,
786 5325 820 5364 eo

74 5404 210 5467 mortem,
231 5416 296 5473 que
321 5399 394 5455 mihi
417 5416 483 5456 eum
499 5399 667 5465 abstulerat,
681 5402 819 5471 tanquam

67 5569 81 5603 v.
98 5553 140 5603 Er.
157 5557 182 5602 et
192 5553 267 5601 hom:
280 5555 309 5602 in
323 5551 373 5604 mc
385 5551 438 5603 tvos.

1672 217 1723 271 698

871 335 1078 392 atrocissimam
1098 335 1245 391 inimicam
1266 337 1383 391 ederam
1406 339 1435 393 et
1452 337 1599 406 timebam,
1616 344 1645 395 et
1659 356 1723 395 eam

870 429 989 497 repenle
1015 429 1249 497 consumpturam
1284 440 1383 479 omnes
1406 424 1537 480 homines
1569 428 1718 499 putabam,

872 514 939 586 quia
953 513 1035 569 illum
1055 513 1159 586 potuit.
1176 513 1221 569 Sic
1242 529 1321 569 eram
1344 514 1473 581 omnino,
1498 515 1628 570 memini.
1654 517 1722 572 Ecce

872 620 921 659 cor
931 619 1039 670 meum,
1055 605 1129 658 Deus
1144 619 1225 657 meus
1241 619 1248 658 :
1265 619 1329 658 ecce
1339 603 1416 658 intus
1430 604 1494 658 vide
1509 604 1577 676 quia
1592 605 1723 671 memini,

872 709 936 765 spes
950 708 1025 763 mea,
1041 692 1091 765 qui
1105 708 1150 748 me
1170 693 1290 747 mundas
1304 710 1321 747 a
1335 691 1436 747 talium
1461 692 1645 748 affectionum
1667 693 1723 747 im·

872 781 1025 852 munditia,
1040 780 1167 853 dirigens
1181 782 1279 836 oculos
1294 797 1373 836 meos
1389 782 1425 837 ad
1448 786 1486 848 te,
1505 786 1534 838 et
1547 784 1670 838 evellens
1690 782 1724 837 de

873 872 976 942 laqueo
998 870 1084 943 pedes
1104 886 1183 924 meos
1206 871 1294 939 (Paul.
1323 886 1395 934 xxiv,
1424 871 1476 939 15).
1501 869 1624 925 blirabar
1648 869 1725 924 enim

872 963 988 1014 caeteros
1007 958 1140 1012 mortales
1164 956 1266 1023 vivere,
1293 956 1361 1028 qnia
1379 956 1438 1025 ille,
1459 973 1545 1028 quem
1570 957 1652 1029 quasi
1667 974 1724 1012 non

873 1048 1045 1103 moriturum
1069 1046 1233 1113 dilexeram,
1260 1052 1388 1102 mortuus
1413 1050 1493 1114 erat;
1510 1052 1538 1101 et
1553 1063 1599 1101 me
1622 1046 1724 1116 magis,

873 1135 942 1208 quia
954 1135 997 1190 illi
1009 1136 1081 1191 alter
1096 1152 1185 1201 erem,
1199 1135 1292 1190 vivere
1307 1135 1356 1190 illo
1367 1141 1481 1190 mortuo
1495 1134 1633 1191 mirabar.
1652 1137 1726 1191 Bene

874 1224 993 1296 quidam
1014 1224 1085 1279 dixit
1109 1224 1144 1279 de
1160 1223 1250 1278 amico
1271 1240 1321 1278 suo
1337 1241 1343 1278 :
1360 1223 1510 1278 Dimidium
1535 1227 1635 1280 unimae
1662 1239 1726 1279 mee

876 1311 982 1383 (Horat.
1006 1314 1108 1379 Germ,
1135 1313 1182 1366 lib.
1201 1315 1226 1381 l,
1252 1312 1300 1366 ode
1332 1315 1368 1382 3).
1399 1313 1538 1382 Namego
1568 1313 1644 1368 sensi
1663 1311 1724 1366 ani·

873 1417 952 1456 mam
966 1417 1061 1456 meam
1076 1406 1104 1456 et
1116 1400 1242 1455 animam
1256 1400 1332 1454 illius
1344 1416 1432 1454 unam
1447 1400 1533 1454 luisse
1552 1401 1679 1456 animam
1694 1401 1724 1454 in

873 1490 986 1546 duobus
1014 1489 1201 1561 corporibus;
1217 1494 1245 1543 et
1259 1488 1323 1543 ideo
1348 1488 1419 1542 mihi
1440 1488 1554 1543 horrori
1580 1495 1643 1545 erat
1658 1489 1723 1554 vita,

874 1578 942 1652 quia
962 1577 1097 1634 uolebam
1118 1578 1255 1633 dimidius
1283 1577 1387 1646 vivere,
1410 1580 1439 1632 ct
1459 1576 1524 1632 ideo
1546 1577 1620 1632 torte
1652 1578 1727 1632 mori

873 1667 1047 1734 metuebam,
1078 1683 1114 1722 ne
1138 1672 1212 1722 totus
1235 1667 1283 1721 ille
1307 1670 1470 1722 moreretur
1495 1683 1582 1738 quem
1602 1668 1725 1722 multum

874 1772 1037 1812 amaveram
1049 1759 1175 1826 (Reti-oct.
1188 1756 1234 1811 lib.
1251 1759 1279 1821 2,
1295 1772 1317 1813 c.
1334 1757 1374 1828 6).

1204 1845 1318 1900 CAPUT
1335 1845 1394 1901 Vll.

1048 1936 1224 2004 impatientia
1232 1935 1334 1989 doloris
1347 1936 1436 1989 mutat
1450 1934 1548 1989 locum.
1705 1986 1716 2002 ‚

911 2025 953 2078 li.
969 2023 991 2079 0
1006 2022 1181 2077 dementiam
1198 2022 1371 2076 nescientem
1385 2022 1505 2094 diligere
1520 2021 1654 2078 homiues
1669 2024 1723 2078 hu-

874 2111 1014 2166 manitert
1039 2111 1190 2166 ostnltum
1216 2111 1363 2166 hominem
1387 2110 1575 2166 immoderate
1599 2112 1727 2167 humanu

875 2201 1042 2272 patientem,
1058 2201 1134 2272 quod
1155 2217 1207 2273 ego
1228 2207 1295 2255 tuuc
1317 2208 1413 2257 eram!
1432 2202 1531 2273 ltaque
1554 2201 1723 2268 aestuabam,

875 2289 1065 2362 suspirabam,
1079 2290 1195 2357 tleham,
1210 2289 1364 2357 tuv·babar;
1381 2306 1434 2344 nec
1449 2290 1572 2362 requies,
1588 2294 1659 2357 erat,
1675 2305 1728 2344 nec

875 2379 1037 2435 consilium.
1058 2379 1210 2434 Portabam
1236 2380 1313 2434 enim
1327 2378 1499 2434 conscissam
1514 2380 1522 2415 ¹
1538 2382 1567 2433 et
1579 2382 1728 2433 cruentam

877 2467 1004 2524 animam
1018 2484 1121 2533 meam,
1144 2467 1343 2538 impatientem
1366 2484 1383 2522 a
1406 2483 1452 2522 me
1479 2466 1605 2538 portari,
1630 2470 1661 2524 et
1679 2465 1731 2524 ubi

877 2574 939 2612 eam
955 2573 1093 2630 ponerem
1122 2573 1182 2612 nou
1204 2556 1397 2622 inveniebam,
1414 2556 1475 2610 Non
1495 2555 1526 2609 in
1540 2554 1663 2610 amoenis
1677 2570 1728 2609 ne·

877 2647 1008 2702 moribus
1020 2663 1027 2715 ;
1046 2645 1147 2700 nonin
1162 2645 1237 2700 ludis
1259 2648 1346 2716 atque
1365 2645 1516 2710 cantibus;
1531 2659 1584 2698 uec
1598 2643 1629 2697 in
1643 2658 1728 2699 suave

876 2736 1020 2791 olentibus
1031 2734 1120 2800 locis;
1138 2733 1232 2788 necin
1248 2732 1385 2787 conviviis
1401 2731 1547 2802 apparatis
1561 2751 1570 2798 ·,
1582 2746 1677 2802 neque
1698 2731 1728 2784 in

877 2826 1022 2897 voluptate
1038 2822 1139 2878 cubilis
1154 2825 1183 2876 et
1195 2821 1282 2888 lecti,
1300 2837 1356 2875 nou
1368 2819 1493 2892 denique
1507 2820 1537 2874 in
1550 2818 1631 2873 libris
1642 2823 1728 2889 atque

876 2911 1051 2969 carminibus
1078 2909 1283 2982 acquiescebat.
1318 2909 1477 2964 Horrebant
1491 2907 1597 2973 omnia,
1622 2910 1651 2961 et
1667 2905 1729 2977 ipsa

876 3002 945 3069 lux;
960 3004 989 3055 et
1003 2999 1145 3072 quidquid
1160 3014 1218 3054 non
1233 3004 1293 3054 erat
1307 2997 1385 3070 quod
1398 2997 1446 3053 ille
1472 3000 1543 3067 erat,
1560 2994 1726 3067 improbum

877 3094 907 3146 et
917 3089 1047 3145 odiosum
1063 3093 1134 3158 eret,
1149 3094 1255 3160 preater
1273 3087 1413 3160 gemitum
1438 3090 1467 3141 et
1483 3086 1633 3157 lacrymas.
1655 3084 1727 3138 Num

877 3177 908 3233 iu
922 3178 964 3233 eis
975 3177 1043 3232 solis
1066 3177 1244 3248 aliquantula
1267 3175 1391 3247 requies.
1414 3174 1467 3231 Ubi
1482 3177 1578 3228 autem
1594 3172 1660 3228 iude
1674 3188 1728 3226 au·

876 3265 1127 3322 ferebaturauima
1153 3282 1228 3328 mea,
1248 3264 1385 3320 onerabat
1411 3280 1456 3319 me
1483 3263 1598 3334 grandis
1618 3261 1729 3316 sarcina

869 3350 1012 3410 miserim.
1027 3355 1069 3410 Ad
1082 3360 1111 3411 ta
1125 3353 1151 3422 ¹,
1169 3353 1302 3422 Domine,
1328 3352 1446 3408 levanda
1460 3357 1521 3407 erat
1546 3356 1574 3406 et
1588 3350 1726 3416 curanda,

877 3442 1021 3510 sciebam3
1037 3442 1086 3497 sed
1111 3457 1163 3496 nec
1187 3440 1328 3507 volebam,
1351 3455 1404 3495 nec
1430 3439 1570 3508 valebam,
1586 3454 1620 3492 eo
1637 3437 1729 3508 magis

877 3531 1019 3604 quianon
1032 3529 1104 3585 mihi
1119 3546 1181 3584 eras
1196 3529 1302 3601 aliquid
1319 3528 1444 3585 solidum
1464 3533 1494 3583 et
1511 3527 1641 3596 firmum,
1662 3543 1729 3581 cunr

877 3622 913 3676 de
927 3624 954 3675 le
969 3619 1140 3690 cogitabam.
1155 3619 1218 3674 Nou
1233 3617 1310 3672 enim
1323 3621 1353 3672 tu
1369 3633 1441 3687 eras,
1457 3616 1507 3671 sed
1520 3631 1624 3670 vanum
1637 3614 1728 3686 phan-

877 3716 977 3777 tasma,
993 3713 1022 3764 et
1033 3723 1112 3762 error
1125 3712 1276 3762 meuserit
1287 3708 1360 3761 Deus
1375 3722 1466 3762 meus.
1483 3705 1513 3761 Si
1527 3704 1651 3760 conabar
1663 3719 1727 3758 eam

877 3798 916 3853 ibi
930 3813 1037 3869 ponere
1062 3801 1096 3852 ut
1119 3794 1321 3868 requiesceret,
1337 3810 1389 3866 per
1416 3794 1502 3849 inane
1521 3791 1681 3858 labebatur,
1702 3795 1730 3845 et

877 3886 983 3942 iterum
998 3885 1099 3941 ruebat
1108 3901 1194 3958 super
1210 3901 1256 3940 me
1269 3903 1277 3952 ;
1291 3889 1319 3938 et
1329 3899 1382 3954 ego
1392 3882 1464 3938 mihi
1477 3895 1673 3937 remanseram
1687 3879 1731 3952 iu·

876 3976 945 4031 felix
962 3977 1051 4043 locus,
1067 3975 1117 4031 ubi
1132 3992 1183 4030 nec
1198 3991 1260 4029 csse
1287 3989 1411 4045 possem.
1431 3988 1483 4027 nec
1505 3971 1572 4026 inde
1586 3969 1729 4025 recedere.

876 4065 938 4130 Quo
950 4063 1029 4120 enim
1044 4080 1093 4119 cor
1111 4079 1209 4118 meum
1225 4064 1337 4133 sugeret
1350 4079 1368 4117 a
1381 4060 1465 4116 corde
1480 4058 1565 4114 meo?
1580 4074 1637 4130 quo
1652 4074 1668 4112 a
1683 4073 1730 4112 me

875 4153 940 4225 ipso
953 4152 1084 4226 fugerem
1096 4154 1111 4207 ‘l
1125 4168 1182 4224 quo
1199 4167 1245 4206 me
1259 4166 1316 4206 non
1331 4150 1490 4222 sequerer?
1508 4149 1542 4202 Et
1551 4151 1653 4201 tamen
1669 4144 1730 4217 iugi

876 4243 910 4298 de
925 4241 1026 4314 patria.
1044 4241 1136 4297 lliuus
1150 4239 1227 4295 enim
1242 4256 1309 4294 eum
1325 4237 1494 4311 querebant
1509 4233 1585 4290 oculi
1595 4232 1662 4300 mei,
1678 4232 1730 4288 ubi

876 4331 972 4386 videre
981 4346 1040 4386 non
1054 4330 1199 4396 solebant3
1209 4333 1295 4400 atque
1310 4345 1327 4383 a
1341 4323 1527 4399 Thagasteusi
1538 4322 1646 4394 oppido
1659 4321 1727 4376 veni

876 4418 1092 4490 Carthaginem.

1202 4508 1318 4563 CAPUT
1334 4506 1405 4560 Vlll.

945 4600 1058 4669 Tempus
1073 4601 1099 4653 et
1112 4600 1259 4654 cmicomm
1273 4595 1406 4664 colloquia
1416 4593 1504 4648 dolui
1514 4590 1664 4647 mederetur.

914 4690 957 4744 13.
975 4687 1037 4743 Non
1051 4691 1153 4742 vacant
1169 4691 1310 4756 tempora,
1330 4696 1384 4737 nec
1399 4681 1490 4736 otiose
1504 4681 1657 4736 volvuntur
1676 4696 1730 4752 per

877 4793 986 4832 semsus
1004 4780 1133 4845 nostrum
1148 4774 1256 4831 iaciunt
1279 4772 1310 4826 in
1330 4769 1428 4826 animo
1448 4769 1522 4826 mira
1543 4785 1640 4842 opera.
1660 4770 1729 4825 Ecce

877 4864 1029 4920 veniebant
1042 4868 1071 4920 et
1084 4862 1270 4935 preteribant
1282 4860 1317 4917 de
1332 4859 1379 4915 die
1394 4859 1425 4914 in
1439 4859 1527 4927 diem,
1542 4862 1571 4913 et
1584 4856 1726 4915 veniendo

877 4960 905 5009 et
919 4954 1119 5026 praetereundo
1132 4950 1296 5006 inserebant
1307 4949 1379 5005 mihi
1399 4948 1506 5022 species
1528 4948 1599 5003 alies
1613 4952 1641 5003 et
1663 4946 1731 5002 alias

876 5043 1041 5109 memorias,
1057 5046 1086 5096 et
1111 5038 1251 5111 paulatim
1268 5038 1460 5094 resarciebant
1475 5055 1522 5094 me
1536 5035 1665 5109 pristinis
1679 5051 1728 5107 ge·

876 5131 994 5188 neribus
1017 5129 1252 5195 delectationum,
1272 5127 1379 5200 quibus
1406 5128 1523 5184 cedebat
1545 5127 1625 5182 dolor
1648 5139 1730 5180 meus

877 5221 925 5276 ille
938 5238 945 5288 ;
960 5220 1010 5277 sed
1024 5218 1215 5274 succedebant
1234 5233 1292 5273 non
1305 5216 1424 5290 quidem
1439 5217 1551 5273 dolores
1562 5213 1620 5280 alii,
1636 5228 1728 5267 causae

876 5314 972 5365 tamen
995 5308 1117 5364 aliorum
1137 5308 1281 5364 dolorum.
1310 5309 1383 5364 Nam
1411 5307 1488 5362 unde
1515 5320 1562 5359 me
1589 5301 1725 5357 facillimo

877 5399 951 5454 etin
969 5397 1073 5454 intinm
1097 5397 1180 5454 dolor
1203 5398 1253 5454 ille
1276 5398 1487 5470 penetraverat,
1515 5391 1571 5447 nisi
1597 5390 1662 5463 quis
1681 5391 1725 5446 fu·

910 5489 918 5522 ¹
937 5490 950 5536 5
967 5487 1186 5546 themonaticos.

897 5541 1721 5613 ¹ltamagnoconsensuMss.;ntttdd.hmsnt:trtaotaqu.cata.
