3884 6112
703 199 810 262 traua
827 198 989 265 QUINTUS.
1679 209 1732 265 310

71 331 126 389 pro
152 330 225 373 vano
253 316 355 374 baberi
383 333 488 388 posse:
518 318 641 391 ideoque
669 323 762 393 rogat,
792 336 829 375 na
883 320 1142 392 cabulamrecepto
1157 337 1211 377 usu
1224 322 1732 395 decanissiveprimatibusinhtrica

71 409 144 463 atur
158 404 246 461 etiam
265 405 411 478 supertlua
426 410 596 463 metuentes.
884 408 1062 464 tribuebatur
1078 425 1085 465 :
1103 409 1178 481 quod
1192 424 1230 465 an
1242 409 1348 466 deferri
1361 412 1469 483 pariter
1480 415 1584 471 soleret
1598 415 1731 489 episcopo

71 509 80 550 ι
104 494 284 550 monasterio
306 510 358 550 suo
383 511 441 550 non
465 510 569 568 panim
588 496 682 552 solatii
700 499 831 571 capiebat
884 495 1100 569 Carthaginensi
1119 502 1238 570 propter
1252 497 1422 570 dignitatem
1443 500 1528 568 sedis,
1541 518 1599 559 non
1613 504 1681 560 satis
1699 506 1733 560 ti·

71 582 165 651 linns;
189 583 240 639 sed
263 582 453 640 nihilominus
476 586 596 641 molesta
618 602 732 660 quoque
757 604 828 643 non·
884 590 961 657 quet.
979 586 1035 641 ileo
1055 601 1123 641 vero
1138 585 1257 642 minime
1272 587 1443 658 dubiumst
1466 589 1601 661 praedicta
1615 590 1733 662 epistola

71 669 118 729 lbi
141 670 262 728 subinde
291 672 506 744 experiebatur;
536 679 565 729 et
588 676 736 747 quantavis
761 692 830 731 cura
882 674 1731 748 postNatalamDominicumhujusipsiosannidataiuerit,

71 800 83 829 ,
100 760 152 834 qni
176 775 272 816 secum
290 761 432 828 vivebant,
453 762 611 834 discipline
631 764 805 837 prospiceret
820 782 828 830 ;
883 777 942 833 qua
954 761 990 818 da
1003 778 1035 818 re
1051 762 1254 835 ambigendum
1266 765 1366 839 utique
1380 783 1439 822 non
1453 768 1575 838 videtur,
1592 768 1733 826 Numidiae

71 853 119 907 att
148 852 256 917 tamen,
287 853 315 905 et
340 865 368 905 se
396 849 545 906 bominem
570 866 641 919 esse,
666 857 694 907 et
720 852 750 907 in
777 853 827 907 ho·
882 850 1037 921 primatem
1059 851 1284 924 haudquaquam
1307 855 1447 910 exstitisse
1470 856 1546 912 bunc
1564 857 1730 925 Aureliom3
1774 862 1780 872 '

71 952 87 995 a
111 936 302 994 contubernio
327 939 444 1009 versari,
460 954 513 994 nec
535 955 650 1011 sperare
668 942 828 997 ullomodo
883 955 948 994 cum
963 956 1027 996 eam
1042 940 1211 1012 dignitatem
1229 943 1390 999 Victorinus
1410 948 1461 1000 aut
1478 950 1554 1001 certe
1575 945 1732 1018 xantippus

80 1026 182 1083 nullos
196 1042 226 1081 se
247 1030 353 1099 prester
368 1032 481 1083 sanctos
502 1027 533 1083 in
547 1027 613 1084 vitoe
632 1028 766 1085 societate
781 1029 828 1085 ba·
883 1027 1035 1085 obtineret.
1050 1029 1139 1102 Atqui
1153 1035 1276 1088 statuere
1294 1048 1354 1088 non
1376 1033 1524 1099 audemus,
1538 1034 1618 1090 illine
1641 1037 1730 1090 Aure-

71 1128 126 1170 m:
154 1130 219 1170 cum
241 1130 301 1170 nou
323 1115 436 1170 licuerit
458 1115 632 1189 boc,neque
650 1117 681 1172 in
699 1117 828 1187 illorum,
882 1114 922 1170 lio
949 1116 1091 1189 primatus
1125 1118 1247 1175 adscribi
1279 1120 1370 1191 possit
1400 1121 1430 1177 in
1461 1122 1548 1177 aliam
1574 1122 1733 1194 quamlibet

71 1206 114 1260 tae
138 1202 328 1265 sanctimonia
350 1204 583 1276 praecelluerunt,
595 1205 719 1274 [familia
734 1222 828 1278 neque
882 1203 984 1260 Africus
1010 1205 1196 1277 provinciam,
1221 1212 1255 1265 ut
1281 1214 1351 1280 puta
1379 1210 1555 1282 Bizacenam,
1583 1212 1618 1267 ad
1644 1229 1731 1284 quam

71 1290 131 1347 risti
152 1291 265 1347 bomini
280 1292 427 1362 comitatu,
445 1308 539 1365 neque
560 1294 590 1348 in
607 1295 677 1350 ooelo
697 1294 759 1366 ipso
782 1311 827 1351 re·
882 1290 1068 1363 Vigesilitana
1080 1294 1213 1364 Ecclesia,
1229 1297 1311 1368 cujus
1325 1297 1356 1352 in
1375 1299 1474 1355 eadem
1489 1299 1609 1371 epistola
1623 1301 1731 1356 mantio

82 1379 188 1453 (Epist.
203 1383 249 1447 78,
263 1396 311 1436 nn.
327 1383 354 1448 8,
368 1380 405 1450 9).
420 1382 505 1437 lstam
525 1382 718 1438 humanarum
731 1399 828 1438 rerum
881 1382 956 1438 tacta
977 1386 1021 1438 est
1036 1384 1128 1455 (leid,
1143 1401 1171 1441 a.
1186 1386 1226 1458 4),
1240 1388 1412 1458 pertinebat.
1429 1390 1484 1445 Sed
1503 1390 1633 1462 quisquis
1646 1391 1732 1447 tuerit

71 1469 170 1546 tatem
184 1468 240 1523 hoe
258 1475 388 1540 tempore
405 1474 539 1542 expertus
557 1474 608 1526 est.
636 1472 702 1542 Ejus
720 1470 750 1526 in
765 1487 827 1527 mo·
882 1471 934 1526 iste
948 1471 1093 1540 Aurelius,
1111 1473 1142 1529 in
1157 1475 1218 1547 eJ'us
1233 1477 1277 1531 vel
1292 1475 1416 1538 dioecesi,
1432 1479 1475 1533 vel
1492 1482 1567 1533 certe
1585 1479 1732 1550 provincia

71 1560 96 1613 io
110 1561 197 1613 erant
210 1558 268 1614 duo
292 1559 404 1628 tratres,
420 1559 590 1631 Carthagine
604 1564 655 1615 aut
675 1560 705 1614 in
723 1559 828 1614 vicinia
883 1558 1106 1615 badesilitanam
1131 1562 1295 1632 Ecclesiam,
1310 1569 1361 1621 aut
1382 1564 1450 1620 huie
1467 1565 1602 1631 vicinam,
1615 1566 1731 1638 regebat

71 1661 186 1720 prorum
201 1647 284 1702 alteri
298 1648 409 1703 Donato
424 1663 541 1705 nomen.
560 1649 594 1704 lli
608 1649 733 1720 quadam
747 1664 828 1703 vanae
880 1648 1030 1720 presbyter
1049 1648 1230 1714 Quintianus.
1256 1652 1304 1708 llis
1326 1653 1452 1725 jusserat
1475 1654 1507 1709 in
1536 1654 1653 1711 ecclesia
1679 1671 1732 1711 sua

85 1735 246 1807 eupiditate
261 1735 366 1792 ductis
381 1737 555 1792 monasterio
570 1737 705 1792 excedere
719 1735 827 1808 cogita·
880 1736 995 1792 recitari
1008 1736 1098 1794 libros
1111 1741 1267 1796 nonnullos
1282 1741 1332 1814 qui
1353 1742 1383 1796 in
1397 1758 1506 1798 canone
1520 1743 1731 1815 Scripturarum

71 1822 260 1890 desiderium,
273 1823 447 1892 utividetur,
459 1824 644 1881 obtendentes
656 1825 757 1896 patriae
767 1840 826 1880 sues
880 1824 982 1897 synodi
1008 1826 1178 1883 auctoritate
1193 1829 1346 1885 constituto
1361 1830 1481 1886 minime
1495 1831 1631 1894 contenti,
1647 1848 1731 1887 enu-

71 1911 144 1969 ieali
158 1911 317 1968 ministerio
332 1912 483 1969 serviendi.
499 1913 626 1985 Cupidus
640 1929 741 1968 eornm
754 1913 827 1968 salu·
880 1931 960 1970 mero
989 1920 1071 1971 erant
1097 1918 1338 1989 apocryphorum,
1365 1919 1470 1990 quibus
1493 1920 1530 1975 ad
1552 1920 1729 1977 inducendos

71 2000 220 2074 guatinas,
241 2004 349 2073 quanta
369 2001 465 2073 potuit
487 2001 702 2073 impedimenta,
724 2017 761 2057 ne
784 2001 827 2056 illi
879 2002 1055 2059 intrandam
1077 2004 1199 2076 populos
1223 2007 1309 2078 vulgo
1332 2006 1459 2062 heretici
1477 2008 1678 2077 abutebantur,
1696 2026 1730 2065 ac

78 2089 208 2162 cogitata
220 2090 401 2160 perlicerent,
415 2090 529 2162 objecit.
544 2093 581 2145 ht
594 2106 660 2145 cum
682 2090 784 2145 abduci
796 2107 825 2145 se
880 2106 941 2161 prm
964 2091 1075 2147 caeteris
1097 2092 1254 2162 Manichaei,
1275 2094 1325 2166 qui
1350 2095 1445 2167 reipsa
1467 2096 1657 2152 armabantur
1675 2098 1730 2154 hoo

71 2180 165 2253 posito
191 2194 375 2251 nequaquam
402 2183 498 2234 essem
514 2178 601 2250 passi,
625 2178 826 2250 Carthaginem
879 2179 911 2234 in
923 2180 985 2235 loco
1000 2178 1123 2236 libenter
1135 2181 1246 2237 latitare
1259 2182 1353 2253 (leid,
1365 2200 1394 2238 a.
1409 2184 1445 2252 3).
1460 2184 1516 2239 Nec
1529 2186 1627 2257 procul
1641 2185 1728 2242 dubio

71 2267 92 2324 u
114 2272 208 2323 sunt:
229 2267 279 2323 ubi
302 2267 434 2322 Aurelius
457 2272 535 2323 ratus
554 2267 673 2322 fortasse
697 2267 754 2322 huo
777 2284 826 2322 eos
880 2266 958 2323 aliud
971 2267 1036 2336 tuit,
1053 2284 1103 2323 cur
1116 2270 1250 2325 Aurelius
1273 2271 1514 2328 scammunione
1529 2289 1580 2328 sua
1599 2274 1728 2339 Quintia·

71 2370 129 2413 oua
147 2355 232 2411 venia
246 2356 398 2428 Augustini
418 2356 538 2419 venisse,
555 2357 696 2411 Donatum
717 2355 748 2411 iu
767 2356 824 2410 cle·
879 2370 949 2410 num
976 2362 1131 2420 amoveret,
1156 2358 1286 2430 quamvis
1313 2360 1348 2415 de
1375 2360 1438 2432 ejus
1455 2376 1541 2417 carisa
1559 2363 1727 2418 sententiam

71 2444 173 2501 univit.
192 2445 263 2499 lluic
282 2444 411 2512 tratrem,
431 2459 480 2499 our
504 2444 697 2516 egrederetur,
711 2459 825 2499 cauum
880 2444 1022 2512 nltimam,
1037 2446 1271 2518 occupationibus
1283 2447 1435 2517 distentus,
1449 2450 1579 2505 nondum
1593 2451 1726 2506 tulisset:

71 2530 128 2591 lasa
139 2536 263 2589 testatur
277 2533 466 2605 Augustinus.
485 2533 571 2605 htqoi
585 2533 657 2588 illud
671 2532 750 2604 prius
765 2549 826 2587 eve
878 2547 980 2587 verum
993 2535 1132 2588 statuerat
1145 2533 1219 2589 circa
1240 2534 1346 2589 Natalis
1361 2535 1501 2591 Dominiei
1516 2535 1601 2591 terias
1621 2537 1657 2593 ad
1675 2537 1726 2593 Ba·

71 2636 134 2677 um
157 2620 322 2686 concilium,
338 2621 369 2676 in
389 2638 448 2693 quo
464 2622 499 2677 de
519 2621 760 2677 monasteriorum
778 2620 825 2676 de·
879 2620 1062 2676 derilitsnam
1077 2621 1228 2677 Ecclesiam
1244 2638 1274 2677 se
1288 2623 1415 2678 conterre
1430 2624 1523 2695 (leid,
1538 2639 1566 2679 n.
1581 2623 1620 2694 ⁶2).

71 2704 301 2782 bessorumque
326 2709 506 2766 ordinatione
521 2715 616 2766 actum
632 2714 685 2778 est,
698 2709 823 2765 celebra·
857 2744 860 2749 -
914 2712 940 2765 5.
957 2709 1062 2764 Eadem
1083 2724 1198 2781 quoque
1218 2714 1389 2781 tempestate
1412 2711 1540 2783 contigit,
1554 2715 1588 2767 ut
1609 2711 1726 2783 quidam

71 2813 182 2871 nempe
195 2802 261 2854 ante
276 2797 341 2854 idus
355 2798 525 2871 septembris
547 2797 616 2853 anni
629 2798 824 2870 quadringen·
879 2798 1055 2864 adolescens,
1071 2797 1190 2852 nomine
1205 2797 1336 2862 Privatio,
1351 2798 1402 2870 qui
1416 2798 1532 2854 nonnisi
1546 2798 1633 2853 semel
1647 2798 1728 2869 quid·

74 2887 276 2960 primitiam
296 2886 456 2959 reperimus
470 2892 566 2943 tamen
589 2886 620 2942 in
640 2887 694 2942 hac
716 2886 824 2959 synodo
877 2887 956 2957 piam
970 2901 1005 2941 ex
1025 2885 1196 2957 apocryphis
1211 2884 1291 2940 libris
1314 2885 1480 2957 hujusmodi
1499 2886 1607 2956 legerat
1626 2885 1657 2940 in
1678 2884 1727 2941 illa

71 2976 169 3033 tinum
197 2992 232 3032 ea
258 2976 293 3031 de
322 2991 440 3031 recum
464 2975 579 3031 Aurelio
601 2975 750 3031 locutum:
772 2975 825 3031 etsi
878 2973 1005 3039 ecclesia,
1020 2973 1130 3030 veniret
1148 2973 1185 3029 ad
1205 2973 1410 3046 Augustinum,
1425 2990 1532 3045 rogans
1553 2977 1587 3029 ut
1609 2973 1672 3045 ejus
1695 2973 1725 3028 in

85 3065 156 3131 loci,
171 3065 260 3121 verbo
275 3069 462 3133 statueremus,
477 3080 535 3120 non
550 3065 668 3119 obscure
682 3063 825 3136 significet
877 3060 1052 3119 monasterio
1066 3061 1244 3134 reciperetur
1254 3062 1345 3132 (loia,
1355 3080 1384 3118 n.
1401 3064 1437 3132 3).
1454 3064 1533 3117 llonc
1546 3079 1604 3118 non
1618 3062 1727 3132 putavit

71 3153 239 3210 uteriuisse.
254 3154 291 3208 At
310 3169 381 3225 quas
401 3154 511 3209 litteras
524 3152 701 3224 hugiutinus
715 3152 751 3207 ab
765 3155 821 3207 hu·
878 3154 992 3206 sanetus
1005 3149 1131 3205 Antiates
1146 3149 1260 3205 lectoris
1273 3149 1439 3206 habendum
1452 3151 1523 3217 loco,
1539 3165 1592 3205 nec
1605 3149 1726 3221 proinde

71 3241 191 3299 tmxime
205 3245 368 3314 postauam
383 3240 555 3298 abinvicem
576 3241 730 3298 discessum
745 3256 824 3297 acca·
877 3237 1088 3310 subjiciendum
1101 3236 1213 3305 canoni,
1224 3254 1282 3310 quo
1292 3238 1412 3294 vetitum
1422 3241 1492 3306 erat,
1501 3253 1537 3294 ne
1550 3237 1724 3310 reciperetur

71 3351 76 3388 ι
96 3331 136 3388 iis
159 3331 194 3388 de
218 3332 329 3386 donato
351 3331 470 3403 ejusque
494 3331 580 3386 fratre
602 3330 747 3401 agebatur.
769 3328 823 3384 lliu
876 3327 993 3383 alterius
1015 3325 1144 3409 dioecesis
1165 3325 1294 3382 clericus.
1309 3326 1342 3382 ld
1355 3330 1451 3382 tamen
1470 3342 1522 3397 per
1542 3325 1651 3382 litteras
1663 3328 1724 3381 ltu·

71 3417 109 3473 rit
122 3420 239 3472 mactus
255 3414 409 3487 Episcopus
430 3413 499 3486 qnid
516 3413 542 3469 ei
563 3413 691 3485 responsi
705 3413 823 3468 daturus
875 3416 948 3472 relio
967 3414 1145 3488 significavit,
1161 3415 1223 3485 ejus
1241 3413 1294 3469 hac
1317 3414 1347 3468 iu
1369 3430 1400 3469 re
1424 3413 1592 3468 sententiam
1616 3417 1726 3468 secutu-

85 3507 119 3561 ιι
141 3503 242 3559 ulnus
266 3503 382 3558 tandem
403 3502 531 3569 illorum,
550 3501 654 3574 quibus
676 3502 822 3557 consulere
876 3521 942 3561 rum
950 3520 979 3560 se
993 3503 1151 3559 affirmans.
1162 3502 1322 3574 Augustino
1331 3501 1421 3573 igitur
1432 3501 1603 3567 Quintianus
1614 3499 1726 3572 scripsit

71 3596 133 3661 tur,
148 3591 292 3649 desiderio
311 3595 405 3647 motus
424 3590 577 3662 rescripsit,
597 3591 753 3646 monachos
772 3607 823 3663 pe·
876 3598 938 3649 tum
952 3590 988 3647 de
1002 3593 1102 3648 eodem
1116 3591 1287 3658 Privatione,
1303 3605 1390 3662 quem
1406 3589 1461 3644 nisi
1472 3588 1584 3645 violatis
1607 3587 1724 3646 munni-

71 3697 103 3739 ιι
116 3680 270 3738 tentationi
284 3678 379 3751 objici,
393 3679 518 3748 clericos,
534 3696 550 3734 a
564 3695 687 3752 quorm
701 3694 823 3734 numero
876 3683 930 3738 bas
944 3679 1056 3736 admitti
1071 3696 1129 3735 non
1151 3695 1232 3752 posse
1253 3677 1457 3744 contendebat;
1472 3681 1535 3733 tum
1555 3678 1591 3733 de
1608 3675 1726 3748 propria

71 3768 169 3844 piipsi
190 3773 266 3837 sunt,
283 3784 342 3824 non
356 3767 412 3823 leri
430 3767 506 3823 allici
523 3767 704 3835 contumelia,
721 3767 745 3822 si
759 3767 824 3823 vitae
876 3785 943 3825 cum
956 3768 1072 3825 Aurelio
1095 3767 1297 3834 controversia,
1317 3783 1335 3821 a
1353 3781 1410 3838 quo
1426 3781 1508 3821 suam
1528 3781 1641 3821 causam
1666 3780 1726 3820 nou

71 3856 351 3917 tieodesertoresin
364 3871 465 3913 eorum
479 3855 610 3911 ordinem
624 3859 823 3923 assumentum
873 3857 998 3930 judicari
1020 3857 1202 3929 querebatur,
1226 3856 1293 3925 liius
1315 3853 1465 3926 epistolam
1489 3854 1593 3926 pridie,
1617 3856 1666 3910 aut
1691 3853 1726 3908 ad

71 3946 132 4005 rius
144 3946 171 4002 is
182 3946 277 4002 honor
294 3942 409 4002 nonnisi
431 3944 635 3999 monachorum
658 3944 825 4017 probatissi·
877 3961 1022 4002 summum
1037 3945 1125 4001 biduo
1140 3948 1205 3999 ante
1226 3943 1356 3999 Natalem
1373 3942 1489 3998 Domini
1509 3943 1617 4016 accepit
1629 3945 1726 4014 hugu-

71 4034 131 4094 ibui
145 4035 260 4099 soleret,
276 4050 328 4089 nec
341 4049 407 4089 raro
426 4031 448 4087 ii
466 4031 522 4104 ipsi
544 4032 739 4088 ecclesiasticis
760 4049 823 4088 rou·
877 4035 986 4103 sunus,
1002 4049 1090 4106 qnam
1111 4036 1140 4088 et
1161 4031 1277 4086 Aurelio
1292 4030 1397 4086 deterri
1420 4047 1454 4086 ea
1468 4035 1565 4087 mente
1584 4031 1682 4097 voluit,
1697 4033 1728 4083 ut

71 4139 90 4181 s
113 4127 211 4179 essent
237 4121 339 4195 inepti.
367 4120 475 4188 Quibus
502 4121 591 4190 addit,
614 4121 763 4177 Aurelium
791 4138 825 4176 ax
877 4123 1062 4196 intelligeret,
1084 4121 1188 4194 quibus
1210 4121 1259 4177 ille
1280 4119 1316 4176 de
1334 4121 1419 4177 rebus
1439 4119 1645 4192 expostularet,
1662 4117 1729 4190 qui·

73 4210 219 4269 natantia
233 4210 353 4278 Donato,
368 4210 392 4265 si
407 4208 523 4281 quidem
543 4209 705 4280 superbiam
728 4210 752 4265 is
772 4226 824 4282 po·
877 4216 964 4271 bnsve
998 4211 1030 4267 iu
1056 4209 1223 4267 defensione
1258 4208 1419 4265 rationibus
1453 4208 1496 4264 uti
1527 4205 1726 4262 constituisset.

71 4299 133 4359 ¹uti
145 4316 238 4373 posse,
254 4299 371 4372 quando
393 4299 487 4366 illum,
503 4302 657 4369 antequam
673 4297 726 4354 hac
745 4298 781 4353 de
795 4314 825 4352 re
878 4298 987 4357 Deinde
1000 4297 1095 4354 eidem
1109 4297 1266 4363 Quintiano
1280 4297 1438 4352 cumomni
1453 4293 1622 4352 urbanitatis
1639 4292 1729 4363 signi-

71 4404 133 4448 um
159 4389 302 4444 statuisset
325 4386 488 4454 concilium,
514 4384 663 4442 ordinavit.
677 4389 714 4442 lle
739 4389 826 4455 fratre
879 4386 1013 4443 timtione
1039 4384 1209 4458 respondit:
1238 4400 1270 4440 ac
1295 4385 1391 4451 simul,
1407 4387 1439 4439 ut
1461 4398 1536 4449 eam,
1552 4396 1611 4448 qua
1632 4395 1729 4436 secum

74 4478 149 4551 aias,
164 4477 344 4551 inquitatem
361 4476 499 4544 intelligas
517 4475 586 4546 quid
599 4476 725 4544 sentiam,
739 4477 826 4530 neseio
879 4475 1027 4547 agebatur,
1042 4473 1186 4529 rationem
1210 4488 1295 4544 aeqno
1319 4471 1416 4528 animo
1439 4469 1536 4537 terret,
1549 4467 1669 4540 perinde
1688 4473 1731 4524 ast

71 4566 238 4640 :pendeam
253 4562 825 4636 Quoplanesignificatistumnonposse,
880 4564 1057 4631 adhortatus,
1073 4561 1156 4634 quasi
1177 4560 1367 4616 existimasset
1386 4559 1585 4626 innocentem
1599 4555 1668 4612 satis
1690 4561 1731 4611 ta·

71 4656 155 4715 outo
169 4654 420 4725 coneiliissdecreto,
441 4651 578 4708 ordinari.
601 4651 702 4707 Subdit
722 4650 826 4707 nibilo-
879 4668 947 4708 men
968 4650 1149 4723 intelligitur,
1173 4663 1240 4704 eum
1264 4647 1319 4704 sibi
1341 4648 1395 4703 hac
1418 4646 1453 4701 de
1474 4660 1506 4700 re
1524 4643 1669 4700 statuendi
1683 4645 1732 4717 Jus

71 4744 161 4818 ¹,ejus
183 4758 213 4798 se
232 4741 394 4815 prudentiae
417 4744 446 4797 et
464 4740 594 4797 charitati
607 4740 684 4796 nolle
706 4739 826 4795 interce·
880 4739 1165 4813 arrogareuoluisse.
1180 4736 1358 4804 Quinetiam
1378 4735 1460 4789 illum
1474 4733 1592 4789 omnino
1612 4733 1731 4789 huono-

71 4835 159 4906 atque
181 4831 252 4887 adeo
275 4847 359 4903 posse
374 4830 468 4902 ipsum
483 4828 535 4883 hae
552 4828 582 4883 in
597 4845 628 4883 re
642 4827 734 4900 sequi,
750 4827 828 4899 quod
881 4828 959 4885 mine
978 4826 1175 4900 reprehendit,
1199 4824 1278 4897 qnod
1305 4822 1484 4896 apocryphos
1507 4822 1596 4878 libros
1619 4821 1733 4877 mcitari

71 4920 224 4979 rmelesia
236 4919 416 4991 judicaverit.
432 4919 517 4988 Papae
530 4916 712 4987 vocabulum,
727 4932 784 4987 qno
797 4916 828 4970 in
878 4918 1011 4992 jusserit3
1039 4933 1071 4973 ao
1097 4919 1238 4987 praeterea
1261 4915 1342 4968 notat
1361 4911 1469 4984 ipsum,
1484 4912 1562 4985 quod
1581 4911 1617 4967 ad
1636 4911 1731 4968 Priva-

71 5012 108 5071 Ιι
122 5008 311 5082 inscriptione
332 5007 483 5063 Aurelium
502 5005 617 5071 salutat,
633 5004 753 5061 dubium
769 5020 829 5059 esse
882 5006 993 5062 tionem
1006 5005 1117 5071 attinet,
1131 5002 1197 5074 plus
1217 5017 1301 5073 aequo
1323 5004 1497 5056 commotum
1519 4999 1615 5056 tuisse.
1633 4999 1668 5055 Se
1682 5014 1733 5053 au·

71 5098 144 5166 nait,
165 5097 239 5171 quin
264 5097 289 5152 is
313 5095 399 5152 luerit
425 5093 654 5167 Carthaginensis
680 5094 830 5166 episeopus
881 5099 941 5150 tem
958 5094 993 5150 ab
1011 5093 1074 5165 ejus
1087 5089 1268 5161 suscipienda
1283 5078 1368 5144 causa
1382 5092 1511 5155 excusat3
1525 5104 1591 5144 cnm
1608 5086 1667 5141 sint
1684 5083 1734 5139 alii

71 5188 150 5262 ‚oui
883 5181 1024 5237 antistites
1048 5178 1106 5252 qni,
1130 5182 1249 5250 propter
1275 5177 1414 5248 majorem
1440 5180 1501 5232 tum
1526 5173 1732 5239 auctoritatem,

71 5277 141 5337 laad
155 5276 262 5333 summ
282 5290 319 5329 an
333 5272 410 5330 idem
425 5286 540 5344 quoque
559 5269 605 5338 sit,
620 5285 706 5342 quem
718 5269 749 5326 iu
769 5269 831 5341 epi·
883 5277 947 5327 tom
957 5267 1214 5341 propinquitatem,
1226 5265 1256 5321 id
1265 5264 1377 5322 facilius
1388 5268 1525 5338 praestare
1539 5264 1655 5335 queant.
1667 5260 1734 5331 EJus

71 5365 101 5424 id
111 5363 302 5432 Quintianum
317 5361 404 5416 semel
427 5376 461 5415 ac
479 5358 603 5414 meando
627 5373 725 5414 senem
739 5359 830 5413 Aure·
884 5361 981 5412 tameo
1009 5356 1161 5427 epistolam
1189 5354 1230 5411 ait
1257 5371 1274 5410 a
1298 5370 1327 5409 sa
1353 5354 1388 5409 ad
1414 5351 1563 5408 aurelium
1587 5348 1734 5404 transmis-

71 5454 175 5511 vocitat
189 5453 287 5523 (Epist.
304 5453 348 5517 tt,
365 5464 411 5505 na.
427 5451 455 5515 2,
471 5451 496 5517 3)
512 5465 520 5503 ι
536 5446 678 5519 siquidem
692 5445 769 5502 istud
786 5462 832 5500 vo·
887 5461 964 5511 sam;
980 5459 1037 5499 nou
1059 5443 1185 5515 potuisse
1200 5447 1296 5499 avitam
1311 5442 1421 5514 populo
1435 5454 1511 5494 rurae
1524 5436 1601 5492 illius
1615 5435 1734 5505 credito,
