3884 6112
733 250 840 310 bruun
859 252 1003 313 Fuluus.
1694 267 1749 322 882

71 366 128 429 ret,
144 366 193 418 aut
206 379 251 418 me
267 379 325 419 non
338 379 490 421 sensurum
500 367 588 424 fuisse
602 369 685 426 illnm
701 373 839 443 dolorem,
897 375 1091 448 periculosum
1109 381 1160 445 est,
1182 378 1311 450 quamvis
1328 380 1390 452 jam
1412 381 1515 437 talibus
1538 388 1571 439 nt
1591 385 1653 440 sani
1672 391 1748 442 recte

71 454 145 536 certe
158 466 212 522 pro
231 451 323 507 nihilo
336 453 536 511 toleraturum.
552 457 606 512 Sed
622 460 692 531 qnia
705 462 758 517 etsi
772 462 842 518 nihil
896 463 953 519 dici
970 465 1090 536 possint,
1108 466 1179 521 velle
1202 468 1352 523 ostendere
1368 469 1446 541 quod
1468 470 1560 526 adhuc
1574 472 1671 528 videre
1688 490 1748 530 non

73 537 255 609 saliquendo
270 540 386 610 pertuli,
402 545 498 598 tamen
509 561 585 615 soepe
595 547 724 619 cogitans
734 555 842 622 quanto
894 552 1000 611 velent.
1017 555 1091 623 Ergo
1106 553 1153 609 isti
1164 556 1314 612 exercendi
1329 563 1397 612 sunt
1409 558 1499 630 prius,
1511 563 1541 616 et
1551 576 1651 616 eorum
1667 578 1748 617 emor

73 641 136 682 ores
150 626 263 698 possint
276 629 415 698 accidere,
430 648 518 703 cogor
540 634 686 692 interdum
711 639 841 695 Cornelio
894 642 1005 699 utiliter
1018 641 1194 699 differendus
1204 649 1290 717 atque
1304 645 1475 702 nutriendus
1485 652 1540 706 est.
1555 649 1651 705 Primo
1667 650 1746 706 enim

71 742 72 757 ι
87 715 229 784 assentiri,
245 718 295 788 qui
310 718 350 773 ait
363 735 512 775 summum
524 722 635 779 bonum
648 742 709 781 esse
724 728 841 799 sapien·
895 732 1629 808 quedamillisdemonstrandesuntquaenonperse
1639 739 1745 808 lucent,

89 818 235 859 summum
250 809 346 861 autem
361 808 471 863 malum
486 811 616 867 dolorem
631 815 768 887 corporis.
785 818 841 872 Nec
894 819 944 874 sed
961 834 1015 891 per
1034 820 1129 876 lucem
1147 821 1237 876 uideri
1254 823 1375 893 possint,
1391 829 1424 879 ut
1446 825 1541 893 restis,
1568 830 1618 882 aut
1639 827 1743 900 peries,

71 890 137 947 ratio
151 891 224 947 mibi
238 892 350 950 videtur
363 896 494 954 absurda.
521 901 593 956 Nam
608 904 743 974 quoniam
770 905 840 961 due·
893 912 944 962 aut
962 907 1071 980 aliquid
1085 909 1199 963 horum.
1216 910 1325 966 Deinde
1341 911 1418 983 quod
1430 928 1489 967 non
1503 929 1555 983 per
1570 930 1600 969 se
1615 915 1743 988 quidem,

71 979 175 1053 inquit,
189 980 319 1053 partibus
338 986 489 1057 compositi
503 1004 612 1058 sumus,
628 1008 661 1047 ox
680 992 776 1048 animo
790 994 841 1049 sci·
893 995 944 1050 sed
957 1001 1054 1052 tamen
1074 998 1222 1068 perillam
1250 998 1344 1054 lucem
1371 999 1521 1070 pulchrius
1540 1001 1686 1073 effulgent,
1712 1008 1745 1059 ut

71 1073 100 1124 et
120 1085 252 1141 corpore,
268 1087 391 1143 quarum
406 1075 487 1145 prior
501 1092 567 1147 pars
589 1083 632 1134 est
649 1081 763 1136 animus
777 1098 839 1137 me·
893 1099 1007 1153 aarum,
1024 1089 1175 1154 argentum
1195 1089 1224 1140 et
1238 1086 1355 1155 similia,
1371 1103 1424 1142 neo
1438 1092 1536 1144 tamen
1548 1091 1588 1145 ita
1602 1092 1745 1146 radiatum

71 1158 196 1215 deterius
209 1176 314 1232 corpus
328 1168 384 1231 est;
406 1181 553 1222 summum
570 1168 679 1225 bonum
707 1174 750 1225 est
775 1187 838 1226 me·
892 1173 1135 1228 utocnloslaedet.
1155 1174 1364 1230 Tuuclortesse
1378 1180 1509 1231 terrenus
1524 1178 1662 1250 isteignis
1679 1196 1740 1235 mo-

83 1247 174 1318 partis
187 1249 340 1320 optimum,
356 1269 502 1310 summum
518 1261 616 1312 autem
629 1258 738 1313 malum
746 1258 838 1330 pessi·
893 1260 972 1315 desto
987 1260 1228 1317 demonstrandus
1240 1267 1292 1330 est,
1308 1263 1412 1319 deiude
1427 1264 1530 1333 sidere,
1546 1267 1648 1323 deinde
1664 1269 1743 1336 luna,

79 1336 297 1394 deterioriszest
309 1343 405 1396 autem
421 1343 564 1415 optimum
574 1345 605 1401 in
617 1346 713 1402 animo
724 1347 837 1419 sapien·
892 1346 995 1402 deinde
1015 1362 1126 1403 aurorae
1150 1349 1254 1420 fulgor,
1280 1354 1309 1404 et
1331 1351 1499 1406 albescentis
1515 1355 1577 1408 coeli
1604 1356 1691 1411 nitor.
1711 1358 1742 1412 ln

71 1429 102 1481 st
117 1425 149 1481 in
162 1442 282 1498 corpore
297 1429 455 1499 pessimum
472 1432 563 1488 dolor.
579 1433 731 1491 Summum
747 1435 838 1507 igitur
891 1435 997 1508 quibos
1012 1453 1062 1491 seu
1072 1436 1155 1491 eitius
1170 1438 1349 1508 seutardius,
1360 1439 1417 1494 sire
1428 1444 1581 1511 pertotum
1599 1442 1741 1511 ordinem,

71 1529 97 1568 m
110 1513 237 1569 hominis
250 1531 360 1587 sapere,
373 1533 519 1575 summum
534 1521 756 1588 malumdelere‚
774 1524 836 1581 sine
890 1525 949 1580 sive
967 1525 1141 1597 quibusdem
1155 1527 1336 1599 contemptis,
1353 1543 1406 1598 pro
1428 1545 1478 1584 sue
1494 1530 1616 1603 quisque
1632 1533 1743 1587 valetu-

75 1606 107 1658 ut
128 1604 243 1674 opinor,
265 1605 386 1661 falsitate
409 1608 598 1664 concluditur.
625 1613 662 1667 lt.
688 1612 835 1668 Posterius
889 1613 956 1669 dine
976 1628 1150 1682 assuescens,
1167 1614 1227 1670 sine
1242 1615 1432 1686 trepidatione
1448 1623 1477 1673 et
1492 1634 1556 1674 curn
1571 1635 1678 1691 magna
1691 1638 1741 1677 vo·

71 1691 233 1749 ridebimus.
257 1694 344 1750 Aliud
366 1696 443 1752 enim
467 1697 587 1753 fortasse
613 1699 695 1754 nobis
714 1699 777 1772 ipsa
800 1704 837 1756 ed
890 1701 1000 1773 luptate
1018 1704 1108 1758 solem
1121 1702 1237 1758 videbit.
1255 1705 1321 1759 Tale
1336 1704 1445 1776 aliquid
1461 1707 1612 1777 sapienties
1626 1709 1740 1765 studio·

71 1781 236 1853 iperaeuire
251 1782 372 1838 nitimur
384 1785 522 1856 sapientie
534 1788 728 1858 persuadebit.
741 1789 771 1845 Si
783 1805 835 1844 au·
890 1789 1020 1861 sissimis,
1041 1807 1094 1846 neo
1117 1795 1209 1858 erute,
1223 1791 1283 1862 jam
1300 1796 1397 1849 tamen
1417 1793 1591 1859 videntibus,
1611 1796 1741 1868 magistri

71 1884 112 1925 roe
123 1885 183 1924 esse
197 1886 296 1925 verum
311 1866 478 1944 detenderit,
493 1875 567 1930 hanc
582 1877 617 1931 de
632 1878 835 1933 summobono
890 1870 993 1950 optimi
1005 1879 1122 1935 iaciunt.
1139 1880 1211 1934 Nam
1221 1878 1321 1934 ordine
1331 1881 1458 1952 quodam
1468 1882 1503 1937 ad
1515 1898 1579 1936 eum
1590 1885 1740 1954 pervenire

71 1973 138 2013 nmo
146 1959 398 2016 malosententiam
405 1961 466 2017 sine
474 1963 654 2020 dubitatione
661 1966 834 2022 tenebimus.
888 1966 972 2021 bonee
986 1965 1145 2037 discipline
1167 1967 1293 2022 osticium
1309 1972 1360 2034 est,
1385 1968 1446 2023 sine
1462 1969 1563 2025 ordine
1578 1982 1674 2026 autem
1693 1974 1739 2028 vix

71 2046 99 2102 tT
117 2047 187 2102 lllll.
203 2077 237 2087 —
254 2048 388 2114 Οιιοηιοάο
410 2056 435 2105 et
464 2052 561 2120 quibus
579 2053 712 2122 gradibus
729 2056 836 2126 perspi·
889 2054 1033 2111 credibilis
1047 2054 1199 2110 felicitatis.
1224 2056 1280 2112 Sed
1301 2055 1388 2111 hodie
1409 2057 1486 2126 satis,
1510 2061 1647 2130 utputo,
1670 2061 1738 2116 scri-

180 2138 270 2191 oiotur
282 2140 428 2207 sopiortio.
448 2142 534 2196 Amor
549 2156 639 2198 verua
887 2142 1017 2214 psimus;
1030 2143 1205 2215 percendum
1220 2147 1261 2199 est
1275 2143 1442 2200 valetudini.

82 2224 164 2279 Nunc
176 2223 248 2279 illud
262 2226 429 2296 querimus,
441 2228 534 2300 qualis
543 2229 581 2285 sis
593 2234 707 2286 ametor
720 2231 834 2302 sapien·
889 2232 1002 2288 CAPUT
1016 2232 1085 2288 lllV.
1101 2261 1135 2273 -
1148 2234 1218 2303 Ipso
1231 2235 1369 2304 sapientia
1381 2233 1504 2289 medetur
1512 2236 1596 2291 ocutis
1605 2240 1636 2291 ut
1651 2235 1739 2292 uideri

71 2328 146 2384 [uam
159 2313 316 2369 castissimo
326 2321 479 2387 conspectu
494 2321 580 2390 atque
591 2320 736 2391 amplexu,
752 2320 833 2378 nullo
1265 2325 1364 2393 possit.

71 2400 153 2457 ›osito
169 2402 330 2457 velamento
354 2404 436 2475 quasi
450 2404 558 2460 nudam
574 2406 671 2461 videre
689 2421 722 2460 ac
735 2410 833 2462 tenere
922 2410 968 2464 ιι.
983 2410 1021 2465 Α.
1050 2411 1083 2465 Ει
1102 2409 1159 2465 elio
1173 2410 1235 2466 die:
1258 2412 1309 2480 lla,
1337 2426 1447 2482 quaeeo,
1475 2410 1605 2483 inquam,
1626 2411 1688 2483 jam
1714 2412 1738 2466 si

71 2505 140 2557 eras,
155 2490 272 2562 qualem
292 2506 322 2545 se
343 2491 394 2546 illa
406 2508 465 2548 non
480 2493 558 2563 sinit,
574 2493 631 2549 nisi
653 2493 834 2565 paucissimis
888 2500 978 2569 potes,
994 2496 1078 2553 illum
1093 2498 1236 2556 ordinem.
1250 2500 1320 2567 Duc,
1335 2515 1388 2571 age
1398 2515 1456 2571 qua
1469 2499 1521 2566 ris,
1537 2516 1588 2571 per
1604 2515 1669 2571 quer
1683 2500 1735 2571 vis,

71 2577 205 2635 ctissimis
225 2580 402 2635 amatoribus
419 2580 491 2638 suis.
513 2584 558 2639 An
575 2599 643 2639 vero
665 2582 690 2637 si
713 2583 834 2654 alicujus
888 2585 1097 2658 quomodovis.
1123 2589 1237 2659 Impera
1250 2587 1359 2659 qumvis
1381 2587 1463 2653 dura,
1487 2588 1623 2659 quaelibet
1638 2589 1736 2652 ardua,

71 2681 111 2722 res
127 2666 243 2723 feminee
268 2683 365 2723 amore
390 2670 536 2741 flagrares,
552 2671 619 2743 jure
642 2687 673 2727 se
696 2671 751 2726 tibi
774 2687 833 2727 non
887 2690 952 2746 qnae
968 2675 1107 2733 tamenin
1121 2691 1186 2732 mee
1210 2680 1353 2746 potestate
1377 2676 1444 2744 sint,
1460 2691 1513 2747 per
1527 2691 1592 2747 quse
1615 2691 1661 2730 me
1680 2692 1738 2747 quo

71 2795 75 2819 ‚
89 2754 115 2811 si
127 2756 203 2811 eliud
217 2755 268 2811 ebs
279 2762 308 2812 te
323 2757 480 2829 quidquem
494 2765 599 2831 preter
611 2776 641 2815 se
656 2759 747 2815 amari
758 2776 835 2815 com·
887 2762 1028 2833 desidero,
1055 2769 1262 2836 perventurum
1276 2780 1337 2819 esse
1358 2779 1417 2818 non
1433 2763 1570 2819 dubitem.
1582 2766 1614 2819 lt.
1643 2763 1737 2817 Unum

71 2849 117 2913 ee
133 2845 281 2919 sapientiae
291 2848 383 2903 setibi
394 2850 552 2905 castissima
565 2849 760 2923 pulchritudo,
776 2849 834 2905 nisi
886 2852 1016 2924 estquod
1034 2852 1087 2908 tibi
1109 2868 1226 2924 possum
1251 2851 1407 2924 precipere
1421 2851 1495 2906 nihil
1509 2851 1575 2922 plus
1590 2850 1665 2906 neri.
1682 2852 1735 2906 Pe·

71 2960 74 2990 ι
95 2936 207 3003 arseris,
235 2937 461 2993 demonstrabit?
483 2939 519 2995 A.
548 2938 621 3005 Quid
644 2953 713 3010 ergo
739 2937 834 2993 edhuc
886 2939 963 2995 nitus
972 2939 1736 3012 essoistasensibiliafugienda(o),cavendumquema·

71 3024 143 3080 ndor
154 3025 264 3095 infelix,
275 3032 303 3081 et
312 3027 440 3083 cruciatu
448 3028 604 3084 miserabili
619 3027 756 3084 differor?
769 3027 783 3084 J
786 3042 832 3082 am
885 3044 1023 3100 gnopere,
1035 3028 1104 3084 dum
1117 3028 1170 3084 boc
1182 3045 1285 3101 corpus
1296 3028 1420 3100 agimus,
1432 3043 1469 3085 ne
1482 3044 1540 3100 quo
1549 3043 1651 3083 sorum
1661 3028 1735 3083 visco

79 3114 192 3169 ostendi
214 3114 288 3170 nibil
302 3114 381 3171 aliud
405 3131 451 3172 me
465 3132 571 3183 amere,
594 3115 735 3188 siquidem
754 3116 832 3188 quod
885 3132 989 3189 penum
999 3121 1107 3172 nostras
1118 3117 1326 3189 impediuntur,
1342 3118 1447 3190 quibus
1461 3117 1580 3188 integris
1591 3117 1735 3188 perlectis

71 3207 207 3275 repterse
219 3208 342 3270 amatur,
352 3220 412 3259 non
421 3208 547 3261 amatur.
563 3206 621 3277 Ego
633 3204 831 3260 eutemsolam
885 3220 941 3277 qne
956 3220 1029 3276 opus
1043 3208 1096 3272 est,
1109 3208 1143 3261 ut
1157 3205 1192 3261 ed
1213 3205 1294 3260 illam
1307 3207 1402 3262 lucem
1421 3206 1457 3262 eb
1471 3205 1517 3261 his
1528 3205 1654 3261 tenebris
1667 3222 1734 3262 ero-

71 3303 102 3344 sr
122 3305 153 3344 se
168 3305 233 3345 amo
260 3291 442 3362 sapientiam,
469 3296 571 3348 cetera
585 3307 653 3348 raro
667 3293 711 3348 rel
732 3293 830 3349 adesse
883 3293 992 3349 lemus:
1008 3308 1074 3365 quae
1088 3309 1118 3348 se
1131 3310 1168 3349 ne
1184 3294 1334 3350 ostendere
1355 3293 1472 3366 quidem
1487 3293 1624 3364 dignatur
1637 3293 1667 3347 in
1681 3294 1735 3350 hac

71 3377 144 3444 solo,
159 3379 203 3434 vel
228 3379 327 3434 deesse
349 3380 437 3436 timeo
461 3385 579 3453 propter
596 3380 705 3453 ipsam;
731 3381 828 3451 ritem,
883 3396 970 3437 cavea
988 3379 1116 3449 inclusis,
1141 3381 1196 3437 nisi
1216 3384 1288 3438 telos
1305 3382 1414 3438 fuerint
1435 3386 1468 3437 ut
1483 3382 1537 3436 ista
1553 3381 1597 3436 vel
1619 3380 1734 3436 eilracte

71 3480 119 3535 un,
133 3466 250 3522 amicos.
265 3468 355 3533 Quem
368 3470 488 3525 modum
502 3474 601 3526 autem
612 3474 707 3542 potest
720 3471 826 3526 habere
883 3469 927 3524 vel
940 3468 1079 3525 dissoluta
1097 3469 1209 3542 possint
1222 3469 1253 3524 in
1275 3485 1360 3525 auras
1374 3486 1440 3525 snas
1464 3469 1593 3525 evadere.
1621 3469 1731 3540 ltaque,

75 3553 296 3627 pulchritudinis
320 3556 450 3626 umor,in
464 3573 589 3630 quanon
603 3558 696 3614 solnm
711 3559 829 3613 nonin·
883 3557 1000 3631 quando
1014 3558 1102 3613 meris
1124 3558 1189 3613 talis
1212 3563 1245 3613 ut
1265 3557 1339 3614 nihil
1359 3563 1387 3613 te
1408 3573 1527 3630 prorsus
1551 3560 1733 3611 terrenorum

76 3643 198 3710 caeteris,
214 3645 364 3700 sedetiam
378 3647 518 3717 plurimos
533 3663 633 3720 quaero
650 3647 701 3720 qui
715 3663 829 3703 meeum
884 3645 1015 3714 delectet,
1030 3646 1103 3701 mihi
1117 3645 1211 3714 credo,
1226 3646 1328 3702 eodem
1339 3651 1496 3712 momento,
1513 3643 1732 3715 eodempuircto

71 3736 126 3798 snt,
144 3749 258 3789 mecum
280 3733 403 3801 inhient,
418 3751 531 3791 mecum
550 3740 676 3804 teneant,
700 3752 829 3792 mecum·
883 3733 1021 3805 temporis
1043 3733 1153 3791 ridebis
1167 3734 1243 3806 quod
1272 3733 1362 3806 cupis.
1387 3736 1422 3790 Α.
1440 3733 1559 3800 Quando
1572 3732 1650 3788 istud
1666 3733 1732 3804 erit,

71 3820 248 3890 ariruentor3
265 3826 344 3877 tauto
358 3822 432 3877 mibi
445 3824 596 3880 amiciores
610 3823 709 3893 futuri,
722 3828 830 3897 quanto
883 3839 933 3878 oro
949 3824 999 3879 te?
1014 3824 1079 3879 Non
1100 3823 1178 3879 enim
1188 3827 1259 3895 puto
1273 3838 1357 3895 posse
1371 3822 1444 3878 mihi
1457 3823 1520 3877 baec
1533 3821 1565 3877 in
1584 3837 1731 3877 summum

71 3909 130 3965 obis
143 3914 236 3966 ameta
250 3911 439 3967 communior.
883 3911 981 3967 venire
1003 3915 1212 3984 contemptum,
1239 3911 1296 3967 nisi
1309 3911 1407 3968 videro
1420 3909 1493 3967 illud
1507 3909 1539 3967 in
1559 3910 1640 3983 cujus
1653 3927 1733 3967 com·

80 4000 114 4055 n.
128 4001 247 4055 Prorsus
257 4000 328 4055 tales
341 4016 401 4056 esse
416 4005 557 4057 amatores
570 4001 718 4074 sapientie
732 4000 825 4058 decet.
882 3999 1033 4072 paratione
1052 4000 1107 4056 iste
1120 4000 1293 4056 sordescant.

76 4088 182 4159 qoaerit
203 4087 252 4143 illa
274 4089 354 4160 cuius
376 4105 441 4144 vere
462 4095 538 4146 coste
560 4095 611 4156 est,
636 4095 666 4145 et
687 4090 749 4146 sine
770 4091 830 4145 ulls
917 4091 962 4145 25.
977 4092 1009 4146 rt
1029 4091 1088 4145 lloo
1101 4089 1188 4145 modo
1202 4095 1299 4161 posset
1319 4093 1348 4145 et
1363 4089 1415 4144 iste
1430 4089 1529 4144 oculos
1545 4087 1673 4161 corporis
1689 4088 1732 4143 di·

71 4175 223 4232 minatione
238 4177 411 4244 conjunctio.
426 4178 480 4234 Sed
499 4195 559 4234 non
573 4179 609 4235 ad
632 4194 697 4234 eam
710 4194 769 4234 una
783 4179 829 4233 via
883 4193 961 4234 cere:
977 4178 1051 4233 Tum
1072 4177 1205 4233 tenebras
1219 4194 1277 4233 non
1298 4176 1412 4247 amabo,
1430 4192 1497 4232 eum
1511 4177 1602 4231 solem
1616 4176 1727 4233 videro.

71 4262 147 4319 nitur
159 4264 213 4337 (o).
230 4266 340 4338 Quippe
350 4282 402 4338 pro
414 4283 466 4322 sna
478 4267 600 4340 quisque
610 4267 731 4322 sanitate
739 4283 771 4321 ec
783 4267 830 4322 fir·
882 4266 1001 4322 Videtur
1010 4267 1089 4322 enim
1096 4266 1178 4336 quasi
1190 4265 1281 4321 sthoc
1290 4266 1325 4320 ad
1339 4266 1470 4321 ordinem
1483 4263 1636 4336 pertinere,
1652 4263 1731 4334 quod

71 4366 80 4409 s
97 4354 314 4425 comprehendit
332 4355 402 4411 illud
425 4356 570 4427 singulare
593 4372 625 4411 ac
647 4355 830 4410 verissimum
881 4353 1023 4425 longeest
1036 4368 1127 4408 secus.
1143 4355 1229 4408 Amat
1244 4352 1322 4408 enim
1336 4353 1479 4421 tenebras,
1495 4351 1623 4424 eoquod
1644 4366 1731 4406 sonus

71 4456 100 4497 n.
116 4442 175 4497 Lux
190 4448 232 4498 cst
246 4443 378 4515 quedem
394 4443 545 4499 ineffabilis
560 4448 588 4499 et
606 4443 829 4515 incomprehen·
882 4458 941 4497 uon
954 4445 1012 4510 est3
1032 4442 1123 4497 solem
1137 4446 1233 4496 eutem
1249 4441 1306 4497 nisi
1327 4458 1414 4497 sanus
1425 4441 1522 4498 ridere
1536 4455 1597 4495 non
1617 4443 1725 4512 potest.

79 4529 230 4587 urentium.
246 4534 305 4588 Lux
314 4532 504 4603 istavulgaris
513 4549 566 4588 nos
575 4532 677 4588 doceat
688 4537 828 4605 qnantum
883 4532 917 4586 Et
927 4530 959 4586 in
968 4546 1087 4603 eoserpe
1095 4530 1204 4586 fallitur
1212 4531 1335 4599 animus,
1348 4534 1381 4587 ut
1389 4544 1492 4585 sanum
1504 4544 1534 4583 se
1545 4533 1626 4600 putet
1633 4532 1730 4584 etsese

71 4620 242 4691 ,quomodo
257 4637 286 4675 se
308 4620 382 4676 illud
395 4621 508 4677 habeat.
526 4623 597 4677 Nam
612 4626 679 4676 sunt
698 4619 829 4676 nonnulli
878 4619 982 4690 jactet3
991 4620 1097 4692 etquia
1110 4619 1239 4676 nondum
1250 4620 1337 4687 videt,
1352 4617 1441 4674 veluti
1452 4618 1517 4689 jure
1531 4617 1727 4690 conqueritur.

71 4710 126 4763 tam
135 4708 198 4763 sani
212 4712 240 4764 et
251 4709 354 4782 vegeti,
370 4711 472 4784 quise,
484 4727 550 4765 mox
565 4715 599 4766 ut
605 4710 699 4783 aperti
708 4709 827 4777 fuerint,
881 4708 964 4764 Novit
974 4711 1071 4765 autem
1081 4709 1131 4764 illa
1143 4708 1330 4782 pulchritudo
1341 4706 1456 4779 quando
1469 4721 1499 4762 se
1513 4705 1654 4762 ostendat.
1664 4707 1730 4778 lpsa

71 4810 118 4851 um
133 4796 221 4851 solem
237 4797 299 4852 sine
313 4799 373 4854 ulla
385 4798 574 4870 trepidatione
587 4802 762 4854 convertant.
780 4797 829 4853 llis
882 4798 959 4854 enim
972 4797 1076 4854 mediei
1090 4797 1220 4869 iungitur
1229 4811 1359 4862 munere,
1369 4794 1529 4866 meliusque
1535 4794 1670 4866 intelligit
1678 4796 1729 4866 qui

71 4884 192 4942 immede
207 4885 269 4958 ipsa
284 4887 334 4942 lux
352 4888 458 4944 sanitas
481 4891 533 4955 est,
549 4903 602 4944 nec
616 4887 733 4943 doctore
752 4886 827 4942 indi·
881 4882 1730 4957 sintseni,quamiidemipsiquisanantur.Noseutemquan·

75 4973 155 5040 ,ssd
177 4976 237 5031 sola
257 4975 376 5032 tortasse
398 4976 605 5033 admonitione.
628 4975 676 5031 llis
702 4974 823 5039 eredere,
881 4978 943 5029 tum
962 4973 1172 5039 emerserimus,
1197 4970 1328 5027 videmur
1350 4971 1433 5026 nobis
1453 4971 1566 5028 videre:
1588 4976 1729 5044 quantum

71 5074 106 5125 ιο,
120 5076 216 5119 amare
230 5064 299 5120 satis
320 5067 372 5120 est.
387 5065 444 5120 atii
458 5081 524 5120 vero
543 5065 606 5136 ipso
624 5079 711 5136 quem
731 5063 828 5119 ridere
882 5067 979 5118 autem
991 5062 1078 5118 mersi
1092 5076 1216 5125 eramus,
1232 5062 1261 5114 et
1275 5075 1333 5131 quo
1345 5060 1491 5131 progressi
1504 5062 1660 5125 fueramus,
1675 5073 1728 5113 nec

71 5152 164 5205 lenter
177 5150 350 5219 desiderant,
371 5152 485 5224 iulgorc
507 5152 660 5220 feriuntur,
676 5155 704 5207 et
718 5168 751 5206 eo
770 5168 828 5207 non
881 5150 1019 5223 cogitare,
1033 5166 1086 5206 nec
1100 5148 1206 5204 scauro
1218 5147 1422 5220 permittimur,
1435 5148 1501 5204 etin
1516 5147 1727 5219 comparatione

71 5237 159 5311 spein
169 5240 302 5296 tenebras
310 5256 376 5296 eum
386 5241 573 5298 delectatione
582 5240 713 5296 redeunt.
719 5239 829 5305 Quibus
882 5237 1020 5311 gravioris
1026 5237 1121 5294 morbi
1131 5252 1216 5292 sonos
1230 5252 1291 5291 esse
1304 5252 1357 5292 nos
1370 5236 1521 5293 credimus.
1538 5238 1638 5293 Nonne
1650 5233 1728 5288 vides

882 5344 970 5400 quam
983 5327 1072 5384 veluti
1086 5325 1178 5382 securi
1198 5327 1334 5381 hesterno
1358 5325 1403 5382 die
1426 5325 1725 5398 pronuntiaveramus,

71 5387 618 5514 gassw'zlffloffieffffitgr‘ff‘ff‘
627 5389 752 5456 ‘law‘
765 5390 828 5443 Tm
882 5417 962 5472 nulla
972 5415 1034 5487 jam
1048 5430 1101 5470 nos
1110 5417 1190 5484 peste
1205 5413 1339 5482 detineri,
1357 5413 1489 5487 nihilque
1503 5426 1598 5468 amare
1612 5408 1668 5466 nisi
1681 5425 1727 5464 sa·

84 5513 210 5575 habaet,
224 5528 282 5579 cap.
300 5516 325 5577 l,
336 5529 363 5566 n.
376 5519 399 5566 3.
914 5512 952 5575 (ol
967 5511 1034 5564 lbld.
