3884 6112
69 240 127 292 853

69 356 143 411 Filio
159 361 208 412 tuo
222 356 319 412 dilecti
328 355 703 431 simus,nondumapparait
716 359 793 431 quod
803 360 919 415 erimus.

65 444 197 500 attendit
211 460 263 516 per
278 444 350 499 retia
364 445 467 512 carnis,
483 450 512 500 et
535 446 677 502 blanditus
696 452 750 518 est,
765 454 794 504 et
807 449 921 504 iniiam·

66 534 168 600 mavit,
184 540 212 588 et
227 534 406 589 cucurrimus
421 539 485 604 post
498 535 616 590 odorem
632 537 703 606 ejus.
720 537 774 591 Sed
789 553 854 592 cum
871 555 921 609 ap-

65 622 207 694 paruerit,
224 622 331 676 similes
346 623 372 676 ei
389 622 507 690 erimus,
524 624 660 693 quoniam
674 625 835 681 videbimus
854 643 921 681 eum

66 711 152 766 sicuti
167 717 210 766 est
224 712 246 782 (l
272 714 349 765 Iona.
379 727 417 779 m,
434 710 479 781 tl:
506 713 588 766 sicuti
611 717 663 780 est,
679 714 809 781 Domine,
826 713 921 768 vidore

65 805 209 866 nostrum,
226 798 304 870 quod
320 800 447 854 nondum
460 805 503 855 est
516 800 599 855 nobis
614 800 636 856 ¹.

395 889 507 944 capul
526 889 594 943 xvi.

210 975 289 1031 Solus
311 978 380 1030 Deus
394 991 421 1030 se
437 979 489 1031 scit
503 980 609 1033 omniuo
624 979 707 1034 sicuti
720 983 772 1033 cst.

106 1063 497 1119 lu.u'amsieatomnin0t11
516 1080 555 1130 es,
573 1069 604 1118 tu
623 1065 676 1119 scis
700 1066 785 1129 solus,
815 1066 863 1137 qui
890 1083 920 1120 es

67 1151 351 1216 incommutabiliter,
368 1155 396 1205 at
410 1151 462 1212 scis
478 1152 758 1219 incommutabiliter,
778 1158 806 1208 et
819 1153 860 1206 vis
874 1152 918 1207 in-

66 1238 320 1292 commutabiliter.
338 1239 370 1292 ut
381 1238 504 1293 essentia
517 1244 566 1293 tua
581 1239 633 1294 scit
646 1245 675 1294 et
685 1241 745 1295 rull
758 1241 919 1295 incommu-

66 1326 203 1394 labiliter,
216 1331 243 1381 et
256 1326 373 1380 scicntia
386 1331 434 1380 tua
444 1330 486 1381 est
495 1327 878 1394 etvnltimommutabiliter,
891 1331 919 1382 el

65 1414 201 1469 voluntas
216 1420 265 1468 tua
282 1419 323 1468 est
336 1419 364 1469 et
378 1415 430 1469 scit
442 1415 724 1473 incommutabiliter.
741 1417 796 1472 Nec
807 1417 920 1471 videtur

61 1503 243 1572 justumcsse
257 1518 353 1557 coram
370 1507 406 1570 le,
421 1507 453 1557 ιιι
464 1504 744 1575 quemadmodumse
756 1504 807 1558 scit
821 1505 919 1559 lumen

65 1589 312 1656 incommutabile,
326 1591 366 1646 ita
377 1591 482 1646 sciatur
496 1591 531 1646 ab
543 1591 704 1648 illuminato
712 1592 917 1648 commutabili.

64 1679 192 1751 Ideoque
207 1679 304 1733 anima
315 1695 380 1734 mea
389 1684 608 1751 tanquamlerra
622 1681 763 1754 sineaqua
772 1681 824 1736 tibi
834 1680 917 1751 (Psal.

63 1783 148 1831 cxciv,
166 1768 193 1838 b)
206 1787 213 1835 ;
224 1767 292 1838 quia
302 1767 372 1821 sicul
387 1783 417 1821 so
428 1767 591 1822 illuminare
605 1767 675 1823 desc
688 1784 745 1823 non
755 1773 849 1840 potest
860 1789 868 1838 ;
878 1769 918 1823 ita

63 1874 94 1910 se
110 1855 216 1910 satiare
235 1856 274 1931 ¹do
293 1874 322 1910 so
339 1872 397 1910 non
411 1861 517 1927 potest.
547 1856 591 1912 Sic
612 1857 691 1912 euim
705 1857 781 1928 apud
805 1860 832 1910 te
855 1858 919 1911 fons

61 1944 145 2012 vitas,
161 1944 305 2016 quomodo
320 1944 474 1999 inlumina
489 1949 538 1999 tuo
548 1944 709 2000 videbimus
719 1946 817 2000 lumen
833 1945 916 2016 (Psct.

59 2049 150 2100 xxxv,
174 2033 225 2103 ιθ).

387 2121 499 2176 CAPUT
513 2121 593 2175 xvu.

59 2210 284 2280 Congregentur
299 2223 381 2280 aquas
393 2213 455 2275 etc,
479 2209 543 2265 Gau.
563 2210 588 2274 l,
613 2211 638 2262 9.
662 2207 733 2273 Quid
752 2222 836 2277 ruore,
851 2206 920 2279 quid

138 2296 231 2352 arido.
245 2297 409 2367 Explicatur
427 2297 444 2362 i
462 2299 490 2352 ll
508 2313 514 2350 :
532 2295 679 2352 Germinet
693 2299 779 2361 terra,
796 2300 845 2351 etc.

100 2389 147 2457 20.
168 2384 236 2449 Quis
269 2384 454 2456 congregavit
484 2384 672 2438 amaricantes
698 2383 729 2437 in
757 2383 919 2439 societatem

61 2474 181 2530 unamt
196 2473 274 2529 ldem
289 2488 414 2546 namque
429 2472 485 2528 illis
500 2472 566 2527 linis
579 2476 622 2527 est
636 2473 802 2544 temporalis
823 2477 851 2527 et
865 2478 920 2528 ter·

62 2579 146 2618 renea
160 2561 314 2629 felicitatis,
326 2564 539 2634 propterquam
552 2559 918 2632 iaciuntomnia;quamvis

60 2649 273 2706 innumerabili
287 2649 423 2704 varietate
438 2663 571 2703 curarum
595 2651 744 2703 fluctuent.
760 2647 839 2712 Quis,
860 2649 917 2703 Do-

60 2736 156 2804 mine,
176 2735 232 2791 nisi
246 2739 278 2790 tu
297 2734 347 2806 qni
361 2734 457 2790 dixisti
472 2741 504 2790 ut
527 2739 768 2807 congregarentur
791 2751 873 2806 aquas
888 2734 919 2790 in

58 2823 316 2897 congregationem
327 2823 714 2894 unam,etappareretarida‚
732 2822 831 2878 sitiens
842 2823 918 2877 tibi‘l

59 2913 208 2981 Quoniam
223 2916 305 2968 tuam
316 2916 358 2967 est
379 2917 409 2966 et
423 2927 511 2979 mare,
528 2916 555 2966 et
570 2917 603 2966 ln
617 2911 709 2967 iecisti
723 2911 804 2979 illud,
820 2915 849 2965 et
863 2911 918 2966 ari·

63 3004 135 3058 dam
148 3005 254 3057 terram
269 3015 372 3055 manus
385 3003 443 3055 tuve
462 3000 660 3055 formaverunt
673 3001 758 3070 (Psoi.
778 3013 853 3066 xciv,
870 2999 896 3071 5)
910 3019 918 3067 ;

62 3106 162 3164 neque
180 3089 258 3145 enim
277 3087 439 3144 amaritudo
453 3089 644 3155 voluntatum,
661 3087 711 3142 sed
734 3087 918 3160 congregatio

61 3195 210 3253 aquarum
222 3182 340 3234 vocatur
350 3192 439 3232 mara.
454 3178 496 3232 Tu
508 3176 585 3231 enim
600 3192 713 3231 coerces
727 3175 814 3231 etiam
829 3163 918 3231 malas

63 3267 237 3341 cupiditates
252 3265 425 3330 animarum,
443 3270 472 3320 et
486 3265 550 3336 figis
565 3265 671 3320 lImites
686 3280 834 3337 quousque
849 3280 918 3336 pro·

63 3356 301 3430 gredisinanlur,
328 3357 437 3426 atquo¹
455 3357 488 3409 ut
511 3353 540 3408 ιιι
564 3370 594 3409 se
616 3354 850 3409 comminuantur
863 3353 918 3408 ilu-

63 3449 130 3501 ctns
153 3459 253 3499 earum
278 3442 351 3513 (Joo.
379 3458 494 3510 xxxvuu,
523 3438 647 3510 10,'lt);
676 3446 762 3513 atque
785 3441 827 3496 ita
849 3440 919 3496 iacis

64 3548 148 3590 mare
163 3531 264 3587 ordine
278 3530 393 3603 imperii
408 3529 451 3585 lui
465 3529 673 3601 superomnia.

101 3625 148 3678 nt.
164 3619 324 3676 stammas
339 3619 467 3674 sitientes
480 3618 544 3686 tibi,
560 3623 589 3673 et
609 3623 781 3689 apparentes
794 3617 848 3673 tibi
862 3616 918 3672 alio

63 3711 126 3766 tine
137 3709 282 3764 distinctas
297 3724 313 3762 a
327 3707 460 3762 societate
475 3707 573 3775 maris,
590 3708 700 3761 occulto
712 3710 741 3761 et
750 3705 826 3760 dulci
838 3706 919 3761 fonte

65 3798 181 3869 irrigas,
199 3802 229 3852 ut
242 3801 271 3852 et
284 3801 358 3852 terra
372 3796 421 3850 dat
434 3796 559 3850 fructum
573 3810 658 3850 suum
672 3811 678 3850 :
691 3799 719 3849 et
731 3795 780 3849 dat
792 3793 919 3849 fructum

64 3903 152 3944 sunm
161 3885 185 3958 ⁸,
195 3892 224 3941 el
237 3890 264 3941 te
276 3885 396 3957 jubente
407 3884 529 3939 Domino
542 3886 599 3939 llao
610 3883 812 3955 suogervuinat
822 3882 919 3938 anima

66 3981 168 4032 nostra
181 3990 268 4048 opera
287 3973 492 4029 misericordia
509 3974 655 4029 recaredum
672 3988 775 4043 penus;
797 3970 919 4041 diligens

65 4065 232 4140 proximum
242 4066 273 4120 in
284 4064 418 4120 subsidiis
428 4063 628 4118 necessitatum
639 4062 807 4128 carnalium,
819 4060 918 4115 babens

68 4160 97 4212 ιἰι
112 4172 140 4212 rc
155 4171 243 4211 ιιιιιιιι
252 4155 398 4210 seeundum
404 4152 611 4221 similitudinem
620 4167 626 4218 ;
636 4151 772 4224 quoniam
780 4165 812 4204 ex
823 4153 919 4203 nostra

41 4304 45 4313 ,
67 4238 918 4314 infirmitatecompaIImuradsubveniandumindigentibus,

67 4333 201 4388 similiter
225 4331 399 4403 opitulantes
418 4328 660 4401 quemadmodum
682 4327 763 4382 nobis
781 4326 919 4381 vellemus

67 4437 154 4495 opem
168 4419 247 4487 IarrI,
263 4419 288 4475 si
296 4420 398 4476 eodem
408 4418 495 4473 modo
509 4410 704 4488 indigeremus
716 4436 724 4484 ;
736 4431 792 4475 nou
805 4419 919 4470 tantam

66 4512 97 4569 in
112 4510 255 4577 facilibus,
270 4513 407 4581 tanquam
423 4506 453 4560 in
469 4506 559 4562 herba
572 4504 714 4570 seminali,
728 4503 778 4559 sed
793 4503 878 4559 etiam
889 4501 919 4557 in

67 4597 245 4671 protectione
259 4594 405 4668 adiutorii,
422 4593 490 4648 forti
502 4593 614 4661 robore,
639 4592 711 4647 sicut
725 4591 836 4663 lignum
859 4590 919 4645 iru-

67 4687 220 4752 etiterum,
235 4683 264 4739 id
278 4688 330 4751 est,
346 4681 509 4737 beneficum
522 4679 535 4716 ι
547 4681 582 4736 ad
593 4680 773 4751 eripiendum
788 4695 854 4734 eum
869 4677 920 4751 qui

66 4774 205 4848 injuriam
227 4771 345 4843 patitur,
371 4770 406 4825 de
431 4786 520 4824 manu
542 4768 678 4840 potentis,
707 4773 736 4823 et
764 4767 919 4841 praebendo

68 4860 256 4936 protectionis
270 4859 473 4916 umbraculum
493 4857 587 4913 valido
606 4858 707 4912 robora
719 4856 789 4928 justi
808 4854 918 4928 J‘udicii.

98 4972 106 5004 ¹
126 4968 158 5016 ln
167 4965 292 5029 vulgatis,
307 4964 380 5030 qvod
390 4965 507 5015 nondum
518 4968 568 5023 est,
580 4963 739 5013 duaobbbt
752 4962 780 5011 ιιι
790 4962 851 5011 blas.
864 4974 919 5010 non

68 5031 183 5080 babetur
196 5029 242 5082 da.
256 5028 308 5077 uiri
325 5028 392 5077 forta
404 5027 431 5076 in
447 5026 563 5090 aliquos
579 5025 779 5075 recentioribus.

96 5095 108 5128 2
122 5089 231 5142 ltaBad.
241 5089 349 5140 emar.
357 5103 418 5138 cum
427 5089 490 5138 bles.
498 5088 629 5138 undecim.
640 5086 921 5149 Atbov.atltrn.,pvo·

65 5154 141 5217 predi
155 5160 285 5203 eruuntur
296 5153 414 5215 naaman
426 5150 454 5201 ia
468 5163 496 5201 se
506 5153 733 5200 reminiscantur.

96 5215 185 5264 3ιιιιιι.
201 5217 258 5264 Am.
275 5214 318 5263 Er.
332 5215 395 5262 Lov.
411 5213 538 5262 omittunt
550 5218 576 5263 et
591 5212 639 5263 dat
654 5212 770 5273 [ructum
784 5222 871 5260 suum.

97 5281 107 5314 ι
122 5277 167 5329 Sic
179 5276 330 5339 legendum,
350 5275 427 5339 juxta
468 5280 564 5324 uatuor
576 5275 638 5324 Mae.
660 5275 726 5336 Ang.
740 5299 769 5309 -
784 5272 826 5322 Sic
840 5271 920 5320 etlam

64 5341 143 5390 Mart.
157 5353 218 5388 cuni
233 5352 288 5387 uno
302 5339 350 5387 tls.
362 5289 669 5386 Editioql'lorentiaaetb
682 5330 916 5405 bissapudllond.

67 5404 94 5451 ι).
111 5401 277 5452 Benedictini
288 5401 315 5449 in
324 5399 488 5463 prloriprimi
502 5399 567 5448 tomi
581 5398 697 5448 editione
711 5392 921 5467 beneficaauvpo·

65 5467 181 5514 suerunt
191 5479 199 5524 l
211 5463 241 5513 in
255 5462 396 5527 posteriori
409 5474 479 5520 vero,
500 5464 604 5510 servata
621 5458 779 5522 precedenti
796 5458 920 5516 lectione,

64 5525 225 5577 mutandam
236 5538 295 5575 eam
307 5524 335 5574 in
349 5520 504 5588 beneficium
520 5522 651 5571 dixerunt.
664 5520 697 5570 bl.

715 237 823 296 LIBER
847 240 1005 298 DECIMUS
1028 240 1191 298 TERTIUS.

1738 238 1741 242 ¹
1776 249 1829 301 854

1296 363 1409 418 CAPUT
1421 364 1515 418 xvlll.

980 452 1059 507 l'iaal
1074 451 1238 519 luminaria,
1252 457 1302 508 etc.
1321 453 1385 510 Gerr.
1404 456 1428 520 l,
1446 455 1488 508 tle.
1504 456 1567 525 Qua
1590 455 1740 510 lumirravv'a
1754 456 1827 511 dtul-

1189 541 1282 594 ιιιιιιιιι
1294 543 1364 595 iuter
1377 541 1448 596 diem
1462 547 1486 596 et
1500 552 1611 597 noctem.

1011 640 1056 692 ⁶22.
1072 638 1113 692 lta
1128 636 1259 703 Domine,
1275 638 1325 706 ita,
1341 654 1392 692 ora
1408 643 1446 703 te,
1463 640 1573 695 oriatur
1588 641 1671 695 sicuti
1681 641 1760 708 facis,
1774 641 1827 696 sic·
1932 678 1937 689 .

976 726 1018 780 uti
1033 726 1082 780 das
1110 724 1284 780 hilaritatem
1309 732 1337 780 et
1357 726 1540 794 facultatem;
1562 729 1670 783 oriatur
1695 731 1729 784 da
1751 735 1827 785 terra

975 815 1088 883 veritas,
1113 820 1142 868 et
1163 815 1275 885 justitia
1302 814 1336 869 da
1363 816 1433 870 caelo
1459 816 1592 885 respiciat
1617 819 1699 887 (Psal.
1717 835 1824 883 cxxxiv,

977 907 1030 969 rt),
1045 906 1073 957 et
1085 906 1154 972 fiunt
1168 905 1197 957 ιιι
1209 906 1376 972 irritamento
1390 905 1549 960 luminario.
1568 907 1743 976 Frangamus
1756 923 1824 961 esu·

975 989 1060 1044 ricnti
1074 1005 1179 1060 panem
1194 996 1334 1059 nostrum,
1350 997 1379 1047 et
1393 1008 1518 1062 egenum
1539 993 1600 1047 siue
1621 999 1695 1049 tacto
1712 994 1826 1049 induca-

975 1095 1038 1132 mus
1051 1079 1080 1132 in
1097 1078 1215 1132 domum
1226 1083 1367 1146 nostram,
1386 1081 1495 1135 nudam
1510 1083 1674 1149 vestiamus,
1690 1087 1718 1138 et
1729 1084 1825 1138 dome·

974 1167 1057 1220 sticos
1072 1166 1190 1221 seminis
1205 1168 1294 1221 nostri
1307 1183 1365 1221 non
1377 1167 1575 1238 despiciamus.
1587 1172 1694 1233 Quibus
1707 1172 1737 1226 in
1750 1176 1826 1226 terra

975 1254 1049 1309 natis
1064 1254 1215 1321 fructibus,
1230 1254 1293 1308 vide
1304 1255 1372 1325 quia
1387 1256 1544 1311 bonnmcst
1556 1274 1563 1322 ;
1577 1262 1605 1311 et
1617 1264 1748 1329 erumpat
1757 1266 1825 1314 tcm-

973 1359 1100 1414 poranea
1124 1344 1173 1397 lux
1196 1348 1292 1396 nostra
1313 1345 1386 1412 (Isos.
1403 1360 1477 1412 nvvu,
1497 1350 1525 1414 7,
1540 1345 1576 1415 8),
1594 1350 1622 1399 ot
1635 1346 1670 1401 do
1685 1346 1739 1400 isla
1752 1348 1825 1403 iule-

974 1429 1045 1486 ιιοιι
1055 1432 1137 1502 fruge
1148 1430 1266 1485 actionis
1277 1431 1306 1485 in
1321 1431 1436 1487 delicias
1444 1433 1694 1503 contemplationis
1706 1434 1824 1488 verbam

974 1521 1038 1574 vilae
1053 1519 1185 1590 superius
1197 1520 1369 1586 obtinentes,
1383 1535 1573 1592 appareamus
1588 1522 1661 1574 sicut
1675 1522 1825 1576 luminario

974 1608 1134 1676 inmundo,
1151 1607 1326 1663 cohaerentes
1344 1611 1513 1677 firmamento
1531 1609 1684 1679 Scriptura
1699 1613 1767 1663 tuas.
1783 1606 1826 1663 lbi

975 1697 1051 1751 enim
1065 1696 1217 1751 uobiscum
1230 1696 1368 1767 disputas,
1381 1700 1413 1751 ut
1423 1696 1584 1752 dividamus
1598 1697 1674 1751 inter
1688 1694 1825 1768 intelligi-

974 1785 1043 1839 bilia
1058 1789 1086 1840 et
1100 1784 1255 1850 sensibilia,
1271 1789 1408 1855 tanquam
1423 1785 1499 1839 inter
1509 1785 1586 1840 diem
1602 1788 1630 1839 et
1644 1787 1768 1849 noctem,
1781 1784 1825 1838 vel

974 1873 1050 1928 inter
1068 1872 1189 1940 animas,
1217 1871 1285 1926 alias
1300 1872 1537 1944 intelligibilibus,
1559 1870 1629 1926 alias
1645 1870 1825 1926 sensibilibus

974 1960 1101 2027 deditas,
1119 1965 1151 2014 ιιι
1161 1960 1223 2030 jam
1243 1975 1300 2013 non
1314 1963 1343 2013 lu
1360 1959 1437 2014 solus
1451 1959 1481 2014 in
1498 1958 1594 2014 abdito
1613 1957 1825 2029 dijudicationis

973 2053 1041 2116 tua,
1053 2048 1286 2119 sicutantequam
1294 2047 1374 2102 lieret
1384 2048 1610 2114 firmamentum,
1626 2047 1735 2104 dividas
1748 2047 1825 2103 inter

974 2138 1067 2192 lucem
1079 2141 1107 2191 et
1121 2135 1262 2203 tenebras,
1280 2136 1328 2191 sed
1344 2135 1431 2190 etiam
1441 2135 1604 2207 spitituales
1618 2135 1659 2189 tui
1674 2135 1705 2190 in
1719 2135 1823 2191 eodem

974 2225 1155 2279 firmamento
1170 2222 1257 2294 positi
1272 2226 1357 2295 atque
1371 2222 1507 2290 distincti,
1523 2221 1703 2276 manifestata
1716 2238 1769 2292 per
1783 2238 1827 2276 or·

974 2313 1040 2366 bem
1055 2311 1145 2383 gratia
1164 2316 1212 2365 tua
1227 2312 1332 2366 luceant
1346 2325 1428 2380 super
1447 2315 1559 2377 terrum,
1572 2314 1597 2364 ct
1611 2310 1738 2365 dividant
1754 2313 1826 2365 iuter

974 2402 1045 2455 diem
1070 2404 1096 2454 ct
1118 2404 1231 2468 rroctcm,
1255 2402 1279 2452 et
1304 2397 1457 2469 significent
1477 2402 1615 2468 tempora:
1642 2397 1710 2469 quia
1729 2402 1825 2453 vetera

973 2489 1158 2555 transierunt,
1175 2504 1239 2543 ecce
1264 2488 1337 2542 iacta
1363 2492 1431 2542 sunt
1445 2503 1537 2554 nova3
1563 2491 1591 2541 et
1615 2488 1683 2559 quia
1706 2487 1822 2560 propior

974 2583 1016 2632 cst
1030 2581 1127 2632 nostra
1150 2576 1237 2641 salus,
1260 2590 1347 2645 quam
1375 2591 1441 2629 cnm
1464 2574 1638 2630 credidimus
1653 2578 1741 2646 (Rom.
1764 2592 1823 2643 ιιιι,

975 2667 1019 2736 ιι)
1030 2686 1038 2734 ;
1049 2669 1079 2720 et
1091 2665 1160 2736 quia
1172 2680 1229 2719 nox
1244 2663 1399 2733 praecessit,
1416 2662 1477 2717 dies
1492 2667 1589 2717 aulam
1609 2663 1824 2735 appropinqua·

972 2753 1030 2818 vit,
1047 2757 1075 2807 et
1089 2752 1158 2823 quia
1181 2751 1327 2807 benedicis
1348 2766 1484 2806 coronam
1498 2750 1566 2805 anni
1591 2751 1634 2805 tui
1649 2751 1732 2822 (Prot.
1750 2767 1821 2816 nxrv,

972 2845 1013 2910 ι),
1036 2841 1153 2896 mittans
1169 2839 1336 2911 operariost
1362 2839 1393 2894 In
1413 2826 1536 2894 messem
1557 2845 1636 2892 tuam
1657 2839 1768 2907 (natta.
1784 2854 1841 2905 lx,-

974 2928 1031 3000 38),
1042 2928 1073 2983 in
1083 2944 1140 3000 qua
1151 2927 1320 2982 seminanda
1329 2927 1377 2981 alii
1386 2927 1598 2993 laboraverunt,
1612 2926 1729 2981 mittens
1738 2924 1825 2980 etiam

973 3017 1003 3071 in
1019 3017 1102 3072 aliam
1119 3021 1277 3071 sementem
1292 3016 1383 3088 (locu.
1400 3032 1437 3082 iv,
1456 3015 1510 3085 38),
1524 3016 1605 3086 cujus
1619 3014 1718 3069 messis
1728 3013 1823 3069 iatine

973 3109 1015 3160 est
1037 3105 1144 3177 (lltattb,
1159 3120 1220 3174 arn,
1246 3105 1301 3174 39).
1326 3106 1368 3158 lta
1383 3103 1432 3158 das
1452 3109 1518 3158 vola
1533 3103 1645 3175 optanti
1659 3107 1679 3171 ²,
1695 3107 1723 3158 et
1737 3102 1824 3157 bane·

973 3196 1043 3251 dicis
1057 3213 1146 3251 annos
1155 3195 1227 3268 justi
1242 3213 1249 3264 ;
1265 3200 1296 3249 tu
1312 3200 1407 3250 autem
1423 3195 1499 3250 idam
1514 3195 1575 3267 ipse
1590 3212 1630 3263 es,
1654 3198 1682 3250 et
1696 3195 1727 3251 in
1743 3196 1826 3251 annis

974 3285 1030 3340 tuis
1045 3284 1096 3357 qui
1111 3301 1169 3340 non
1193 3283 1331 3339 deliciunt
1351 3285 1433 3352 (Psal.
1459 3300 1495 3348 cv,
1520 3284 1577 3354 28),
1595 3284 1731 3339 borreum
1751 3300 1827 3355 praa-

973 3390 1057 3444 paras
1078 3373 1161 3428 annis
1185 3373 1409 3428 transeuntibus.
1436 3374 1550 3427 AElerno
1566 3373 1673 3443 quippe
1693 3372 1824 3440 consilio,

975 3462 1096 3535 propriis
1110 3462 1290 3531 temporibus
1303 3461 1380 3516 bona
1394 3459 1520 3515 coelestia
1538 3459 1587 3514 das
1605 3475 1692 3529 super
1705 3465 1823 3514 terram.

1008 3552 1052 3605 ιδ.
1066 3549 1209 3613 Quoniam
1223 3549 1339 3620 quidem
1356 3546 1406 3602 alii
1419 3547 1564 3617 daturper
1578 3546 1716 3617 Spiritum
1731 3561 1825 3600 sermo

974 3636 1131 3708 saptentiae,
1147 3640 1285 3706 tanquam
1304 3636 1438 3688 luminare
1456 3634 1557 3702 majus,
1573 3638 1691 3703 propter
1710 3631 1825 3704 eosqui

973 3721 1265 3794 perspicuoeveritatis
1279 3720 1342 3775 luce
1355 3720 1542 3787 delectantur,
1554 3725 1693 3792 tanquam
1706 3719 1823 3791 inprin-

973 3810 1049 3882 cipio
1064 3810 1139 3878 diei,
1156 3808 1205 3864 alii
1219 3813 1315 3864 autem
1329 3806 1558 3863 sermoscientiac
1572 3806 1728 3862 secundnm
1744 3822 1823 3862 eum·

974 3908 1039 3955 dem
1053 3899 1196 3970 spiritum,
1226 3900 1364 3968 tanquam
1379 3897 1514 3951 luminare
1528 3897 1635 3963 minus3
1664 3894 1714 3950 alii
1741 3895 1823 3961 tides,

974 3987 1024 4042 alii
1038 3986 1155 4042 donatio
1181 3985 1373 4051 curationum,
1399 3983 1448 4039 alii
1472 3984 1652 4055 operationes
1675 3983 1824 4050 virtutum,

974 4077 1022 4131 alii
1039 4075 1202 4148 prophetia,
1217 4074 1266 4130 alii
1279 4073 1416 4147 judicatio
1436 4072 1598 4145 spirituum,
1614 4071 1696 4127 alteri
1719 4087 1825 4142 genera

973 4164 1139 4235 linguarum
1153 4183 1161 4230 ;
1176 4169 1205 4217 et
1232 4161 1294 4217 haec
1317 4160 1414 4216 omnia
1438 4165 1575 4232 tanquam
1597 4160 1695 4214 stella.
1722 4158 1826 4215 Omnia

974 4251 1052 4306 enim
1067 4251 1128 4305 lraec
1144 4252 1278 4321 operator
1300 4263 1375 4302 unus
1396 4252 1483 4318 atque
1506 4246 1584 4301 idem
1601 4245 1734 4316 Spiritus,
1751 4244 1822 4299 divi·

974 4339 1043 4394 deus
1057 4337 1173 4410 propria
1181 4335 1336 4407 unicuique
1346 4339 1434 4409 prout
1443 4335 1512 4402 vult,
1525 4337 1553 4388 et
1562 4332 1668 4388 iaciens
1683 4348 1823 4403 apparere

975 4427 1068 4483 sidera
1082 4426 1113 4481 in
1128 4425 1356 4482 manifestatione
1376 4424 1409 4479 ad
1434 4423 1587 4478 utilitatem
1609 4421 1630 4492 (ι
1646 4420 1706 4477 Gor.
1730 4436 1779 4482 ιιι,
1794 4425 1823 4488 7,

977 4517 1029 4585 tl).
1052 4515 1151 4571 Sermo
1171 4520 1269 4569 autem
1294 4512 1418 4569 scientiae
1443 4527 1500 4582 qua
1518 4508 1701 4565 continentur
1725 4508 1823 4564 omnia

975 4608 1161 4672 sacramenta,
1187 4619 1252 4675 qua
1265 4602 1413 4658 variantur
1426 4597 1605 4671 temporibus
1625 4601 1764 4668 tanquam
1778 4597 1823 4667 lu:

976 4709 1021 4758 na,
1038 4696 1066 4748 et
1079 4697 1189 4747 caeteras
1199 4692 1309 4748 notitiae
1319 4692 1459 4747 donorum
1470 4703 1535 4759 quae
1544 4686 1823 4759 deincepstanquam

975 4779 1065 4835 stelles
1079 4784 1304 4836 commemorata
1318 4782 1393 4845 sunt,
1410 4780 1551 4848 quantum
1571 4773 1709 4829 differunt
1722 4775 1758 4831 ab
1772 4775 1822 4831 illo

975 4867 1097 4923 candore
1112 4868 1260 4940 sapientiae
1274 4883 1332 4938 quo
1346 4865 1451 4936 gaudet
1463 4862 1616 4935 praedictus
1627 4861 1697 4928 dies,
1711 4867 1825 4918 tantum

975 4959 1006 5012 in
1020 4957 1161 5030 principio
1179 4955 1294 5013 inoctis
1315 4957 1392 5009 sunt.
1409 4952 1458 5007 llis
1470 4951 1548 5007 enim
1567 4955 1634 5006 sunt
1653 4951 1823 5023 necessaria,

1008 5081 1016 5113 ¹
1032 5080 1150 5136 Quatuor
1163 5081 1225 5130 blas.
1235 5075 1322 5139 tagl..
1338 5073 1508 5138 mnipaitetis
1522 5075 1670 5135 operarios.

1006 5142 1103 5201 tion,
1119 5145 1201 5192 uttam
1215 5141 1338 5200 optanti,
1353 5143 1379 5186 et
1392 5136 1471 5201 paulo
1490 5143 1557 5200 post,
1573 5138 1664 5186 ortum
1677 5143 1821 5198 praeparas:

976 5207 1066 5253 contra
1093 5217 1170 5266 quam
1195 5202 1295 5251 habent
1308 5201 1396 5250 caeteri
1410 5199 1522 5258 codices,
1549 5211 1615 5261 quos
1634 5201 1745 5260 utroque
1764 5193 1823 5242 loco

977 5278 1227 5379 aqulglsarfflehoris
1246 5329 1326 5397 nota,
1340 5327 1368 5373 ta
1385 5323 1525 5388 principia
1542 5321 1569 5370 id
1584 5320 1667 5391 estin
1683 5315 1825 5366 luminaria

976 5393 1075 5442 noctis:
1093 5404 1152 5453 quae
1167 5389 1244 5438 lectio
1259 5389 1392 5437 videretur
1405 5384 1578 5497 presterenda,
1589 5395 1640 5430 ursi
1654 5379 1734 5443 paulo
1743 5393 1774 5428 su
1784 5392 1824 5452 ¹ra

977 5453 1117 5504 baberetur
1133 5455 1161 5499 ιιι
1180 5453 1310 5514 principio
1323 5448 1390 5509 dtet3
1416 5452 1472 5498 orte
1484 5459 1531 5510 pro
1545 5450 1573 5492 tn
1585 5443 1748 5506 prtrvclptum
1780 5453 1823 5500 vet,

977 5514 1054 5577 juxta
1068 5515 1163 5563 librum
1180 5517 1189 5563 ι
1204 5512 1235 5562 de
1250 5512 1343 5562 Genesi
1357 5514 1449 5561 eontra
1459 5505 1626 5565 manichaeos,
1640 5517 1696 5566 cap.
1713 5505 1751 5553 ιι.
