<?xml version="1.0" encoding="UTF-8"?>
<!DOCTYPE html PUBLIC "-//W3C//DTD XHTML 1.0 Transitional//EN"
    "http://www.w3.org/TR/xhtml1/DTD/xhtml1-transitional.dtd">
<html xmlns="http://www.w3.org/1999/xhtml" xml:lang="en" lang="en">
 <head>
  <title>
</title>
<meta http-equiv="Content-Type" content="text/html;charset=utf-8" />
  <meta name='ocr-system' content='tesseract 3.04.00' />
  <meta name='ocr-capabilities' content='ocr_page ocr_carea ocr_par ocr_line ocrx_word'/>
</head>
<body>
  <div class='ocr_page' id='page_1' title='image "./patrologiaecurs02migngoog_0155.png"; bbox 0 0 3884 6112; ppageno 0'>
   <div class='ocr_carea' id='block_1_1' title="bbox 669 219 1697 288">
    <p class='ocr_par' dir='ltr' id='par_1_1' title="bbox 669 219 1697 288">
     <span class='ocr_line' id='line_1_1' title="bbox 669 219 1697 288; baseline -0.011 -9"><span class='ocrx_word' id='word_1_1' title='bbox 669 219 950 286; x_wconf 72' lang='lat' dir='ltr'><strong>transcurreres.</strong></span> <span class='ocrx_word' id='word_1_2' title='bbox 1644 234 1697 288; x_wconf 55' lang='grc' dir='ltr'><strong>,Μ</strong></span> 
     </span>
    </p>
   </div>
   <div class='ocr_carea' id='block_1_2' title="bbox 66 342 1697 5407">
    <p class='ocr_par' dir='ltr' id='par_1_2' title="bbox 66 342 1697 3712">
     <span class='ocr_line' id='line_1_2' title="bbox 66 342 1695 422; baseline 0.007 -23"><span class='ocrx_word' id='word_1_3' title='bbox 66 342 216 401; x_wconf 82' lang='lat' dir='ltr'><strong>:idedecus</strong></span> <span class='ocrx_word' id='word_1_4' title='bbox 229 343 389 401; x_wconf 77' lang='lat' dir='ltr'><strong>abutentes.</strong></span> <span class='ocrx_word' id='word_1_5' title='bbox 406 345 472 402; x_wconf 89' lang='lat' dir='ltr'><strong>Erat</strong></span> <span class='ocrx_word' id='word_1_6' title='bbox 485 360 600 419; x_wconf 88' lang='lat' dir='ltr'><strong>quoque</strong></span> <span class='ocrx_word' id='word_1_7' title='bbox 617 345 646 402; x_wconf 95' lang='lat' dir='ltr'><strong>id</strong></span> <span class='ocrx_word' id='word_1_8' title='bbox 667 345 698 402; x_wconf 91' lang='lat' dir='ltr'><strong>in</strong></span> <span class='ocrx_word' id='word_1_9' title='bbox 713 361 747 401; x_wconf 86' lang='lat' dir='ltr'><strong>ea</strong></span> <span class='ocrx_word' id='word_1_10' title='bbox 762 361 791 401; x_wconf 92' lang='lat' dir='ltr'><strong>re</strong></span> <span class='ocrx_word' id='word_1_11' title='bbox 846 344 908 402; x_wconf 84' lang='lat' dir='ltr'><strong>dent</strong></span> <span class='ocrx_word' id='word_1_12' title='bbox 919 346 1023 418; x_wconf 81' lang='lat' dir='ltr'><strong>(Epist.</strong></span> <span class='ocrx_word' id='word_1_13' title='bbox 1039 349 1082 414; x_wconf 81' lang='grc' dir='ltr'><strong>ιιι,</strong></span> <span class='ocrx_word' id='word_1_14' title='bbox 1099 363 1128 405; x_wconf 85' lang='lat' dir='ltr'><strong>a.</strong></span> <span class='ocrx_word' id='word_1_15' title='bbox 1144 349 1183 419; x_wconf 83' lang='grc' dir='ltr'><strong>ι).</strong></span> <span class='ocrx_word' id='word_1_16' title='bbox 1202 349 1288 422; x_wconf 73' lang='lat' dir='ltr'><strong>Atqui</strong></span> <span class='ocrx_word' id='word_1_17' title='bbox 1300 351 1360 422; x_wconf 73' lang='lat' dir='ltr'><strong>lam</strong></span> <span class='ocrx_word' id='word_1_18' title='bbox 1375 354 1437 406; x_wconf 88' lang='lat' dir='ltr'><strong>tum</strong></span> <span class='ocrx_word' id='word_1_19' title='bbox 1451 350 1549 407; x_wconf 76' lang='lat' dir='ltr'><strong>enisis</strong></span> <span class='ocrx_word' id='word_1_20' title='bbox 1567 368 1695 409; x_wconf 85' lang='lat' dir='ltr'><strong>excesse-</strong></span> 
     </span>
     <span class='ocr_line' id='line_1_3' title="bbox 66 434 1694 512; baseline 0.005 -23"><span class='ocrx_word' id='word_1_21' title='bbox 66 434 252 501; x_wconf 82' lang='lat' dir='ltr'><strong>rurolestum,</strong></span> <span class='ocrx_word' id='word_1_22' title='bbox 274 435 351 506; x_wconf 89' lang='lat' dir='ltr'><strong>quod</strong></span> <span class='ocrx_word' id='word_1_23' title='bbox 370 436 561 507; x_wconf 90' lang='lat' dir='ltr'><strong>complurese</strong></span> <span class='ocrx_word' id='word_1_24' title='bbox 581 436 718 493; x_wconf 83' lang='lat' dir='ltr'><strong>laicorum</strong></span> <span class='ocrx_word' id='word_1_25' title='bbox 737 451 791 491; x_wconf 87' lang='lat' dir='ltr'><strong>nu·</strong></span> <span class='ocrx_word' id='word_1_26' title='bbox 846 439 890 491; x_wconf 87' lang='lat' dir='ltr'><strong>rat</strong></span> <span class='ocrx_word' id='word_1_27' title='bbox 907 436 1102 505; x_wconf 77' lang='lat' dir='ltr'><strong>Praetaxtatus,</strong></span> <span class='ocrx_word' id='word_1_28' title='bbox 1123 454 1189 494; x_wconf 92' lang='lat' dir='ltr'><strong>eum</strong></span> <span class='ocrx_word' id='word_1_29' title='bbox 1203 438 1381 509; x_wconf 79' lang='lat' dir='ltr'><strong>Augustinus</strong></span> <span class='ocrx_word' id='word_1_30' title='bbox 1404 438 1479 494; x_wconf 88' lang='lat' dir='ltr'><strong>circa</strong></span> <span class='ocrx_word' id='word_1_31' title='bbox 1502 440 1578 495; x_wconf 84' lang='lat' dir='ltr'><strong>lruuc</strong></span> <span class='ocrx_word' id='word_1_32' title='bbox 1599 439 1694 512; x_wconf 84' lang='lat' dir='ltr'><strong>ipsum</strong></span> 
     </span>
     <span class='ocr_line' id='line_1_4' title="bbox 66 523 1695 596; baseline 0.004 -17"><span class='ocrx_word' id='word_1_33' title='bbox 66 523 95 579; x_wconf 92' lang='lat' dir='ltr'><strong>ui</strong></span> <span class='ocrx_word' id='word_1_34' title='bbox 106 523 245 578; x_wconf 76' lang='lat' dir='ltr'>laudabili</span> <span class='ocrx_word' id='word_1_35' title='bbox 258 523 404 580; x_wconf 88' lang='lat' dir='ltr'><strong>charitatis</strong></span> <span class='ocrx_word' id='word_1_36' title='bbox 419 525 555 581; x_wconf 88' lang='lat' dir='ltr'><strong>instinctu</strong></span> <span class='ocrx_word' id='word_1_37' title='bbox 572 525 674 581; x_wconf 89' lang='lat' dir='ltr'><strong>iisdem</strong></span> <span class='ocrx_word' id='word_1_38' title='bbox 690 540 792 581; x_wconf 87' lang='lat' dir='ltr'><strong>ueces-</strong></span> <span class='ocrx_word' id='word_1_39' title='bbox 846 540 966 595; x_wconf 74' lang='lat' dir='ltr'><strong>annium,</strong></span> <span class='ocrx_word' id='word_1_40' title='bbox 980 525 1436 583; x_wconf 86' lang='lat' dir='ltr'><strong>librisadversusParmenianum</strong></span> <span class='ocrx_word' id='word_1_41' title='bbox 1447 528 1541 596; x_wconf 88' lang='lat' dir='ltr'><strong>oditis,</strong></span> <span class='ocrx_word' id='word_1_42' title='bbox 1553 540 1695 587; x_wconf 87' lang='lat' dir='ltr'><strong>summam</strong></span> 
     </span>
     <span class='ocr_line' id='line_1_5' title="bbox 66 611 1690 690; baseline 0.005 -23"><span class='ocrx_word' id='word_1_43' title='bbox 66 611 222 682; x_wconf 71' lang='lat' dir='ltr'><strong>uidebant,</strong></span> <span class='ocrx_word' id='word_1_44' title='bbox 237 613 368 686; x_wconf 91' lang='lat' dir='ltr'><strong>ipsorum</strong></span> <span class='ocrx_word' id='word_1_45' title='bbox 382 614 469 671; x_wconf 88' lang='lat' dir='ltr'><strong>etiam</strong></span> <span class='ocrx_word' id='word_1_46' title='bbox 483 614 623 670; x_wconf 82' lang='lat' dir='ltr'>desidiam</span> <span class='ocrx_word' id='word_1_47' title='bbox 635 615 791 671; x_wconf 89' lang='lat' dir='ltr'><strong>defenden·</strong></span> <span class='ocrx_word' id='word_1_48' title='bbox 846 630 964 670; x_wconf 89' lang='lat' dir='ltr'><strong>manum</strong></span> <span class='ocrx_word' id='word_1_49' title='bbox 988 616 1125 688; x_wconf 76' lang='lat' dir='ltr'><strong>imposuit</strong></span> <span class='ocrx_word' id='word_1_50' title='bbox 1144 616 1230 688; x_wconf 84' lang='lat' dir='ltr'><strong>(Ceut.</strong></span> <span class='ocrx_word' id='word_1_51' title='bbox 1250 619 1339 687; x_wconf 82' lang='lat' dir='ltr'><strong>Epist.</strong></span> <span class='ocrx_word' id='word_1_52' title='bbox 1364 618 1466 685; x_wconf 76' lang='lat' dir='ltr'><strong>Portu,</strong></span> <span class='ocrx_word' id='word_1_53' title='bbox 1494 618 1541 673; x_wconf 84' lang='lat' dir='ltr'><strong>tib.</strong></span> <span class='ocrx_word' id='word_1_54' title='bbox 1566 621 1593 684; x_wconf 81' lang='grc'><strong>3,</strong></span> <span class='ocrx_word' id='word_1_55' title='bbox 1612 634 1636 675; x_wconf 90' lang='lat' dir='ltr'><strong>c.</strong></span> <span class='ocrx_word' id='word_1_56' title='bbox 1653 619 1690 690; x_wconf 80' lang='lat' dir='ltr'><strong>til.</strong></span> 
     </span>
     <span class='ocr_line' id='line_1_6' title="bbox 66 701 1694 779; baseline 0.004 -23"><span class='ocrx_word' id='word_1_57' title='bbox 66 701 217 774; x_wconf 79' lang='lat' dir='ltr'><strong>eriperent,</strong></span> <span class='ocrx_word' id='word_1_58' title='bbox 244 719 310 758; x_wconf 89' lang='lat' dir='ltr'><strong>cum</strong></span> <span class='ocrx_word' id='word_1_59' title='bbox 336 703 372 758; x_wconf 89' lang='lat' dir='ltr'><strong>ab</strong></span> <span class='ocrx_word' id='word_1_60' title='bbox 395 704 457 759; x_wconf 88' lang='lat' dir='ltr'><strong>aliis</strong></span> <span class='ocrx_word' id='word_1_61' title='bbox 477 709 577 760; x_wconf 89' lang='lat' dir='ltr'><strong>contra</strong></span> <span class='ocrx_word' id='word_1_62' title='bbox 605 704 792 760; x_wconf 78' lang='lat' dir='ltr'><strong>damnaretur</strong></span> <span class='ocrx_word' id='word_1_63' title='bbox 845 703 1026 776; x_wconf 87' lang='lat' dir='ltr'><strong>Quapropter</strong></span> <span class='ocrx_word' id='word_1_64' title='bbox 1038 704 1117 778; x_wconf 91' lang='lat' dir='ltr'><strong>quod</strong></span> <span class='ocrx_word' id='word_1_65' title='bbox 1138 710 1237 761; x_wconf 86' lang='lat' dir='ltr'><strong>narrat</strong></span> <span class='ocrx_word' id='word_1_66' title='bbox 1251 705 1411 761; x_wconf 85' lang='lat' dir='ltr'><strong>Donatistae</strong></span> <span class='ocrx_word' id='word_1_67' title='bbox 1430 706 1579 779; x_wconf 83' lang='lat' dir='ltr'>conqueri,</span> <span class='ocrx_word' id='word_1_68' title='bbox 1595 723 1657 764; x_wconf 90' lang='lat' dir='ltr'><strong>sese</strong></span> <span class='ocrx_word' id='word_1_69' title='bbox 1678 724 1694 763; x_wconf 93' lang='lat' dir='ltr'><strong>a</strong></span> 
     </span>
     <span class='ocr_line' id='line_1_7' title="bbox 67 789 1695 869; baseline 0.004 -22"><span class='ocrx_word' id='word_1_70' title='bbox 67 789 162 847; x_wconf 77' lang='lat' dir='ltr'><strong>ivendi</strong></span> <span class='ocrx_word' id='word_1_71' title='bbox 174 791 256 847; x_wconf 91' lang='lat' dir='ltr'><strong>ratio.</strong></span> <span class='ocrx_word' id='word_1_72' title='bbox 275 791 345 847; x_wconf 88' lang='lat' dir='ltr'><strong>ilino</strong></span> <span class='ocrx_word' id='word_1_73' title='bbox 366 808 453 865; x_wconf 90' lang='lat' dir='ltr'><strong>porro</strong></span> <span class='ocrx_word' id='word_1_74' title='bbox 467 809 568 865; x_wconf 86' lang='lat' dir='ltr'><strong>graves</strong></span> <span class='ocrx_word' id='word_1_75' title='bbox 587 798 694 849; x_wconf 84' lang='lat' dir='ltr'><strong>exortae</strong></span> <span class='ocrx_word' id='word_1_76' title='bbox 715 793 793 848; x_wconf 88' lang='lat' dir='ltr'><strong>inter</strong></span> <span class='ocrx_word' id='word_1_77' title='bbox 845 793 999 851; x_wconf 74' lang='lat' dir='ltr'><strong>Catholicis</strong></span> <span class='ocrx_word' id='word_1_78' title='bbox 1013 799 1194 851; x_wconf 90' lang='lat' dir='ltr'><strong>terrenorum</strong></span> <span class='ocrx_word' id='word_1_79' title='bbox 1210 795 1374 867; x_wconf 85' lang='lat' dir='ltr'><strong>principum</strong></span> <span class='ocrx_word' id='word_1_80' title='bbox 1393 812 1448 869; x_wconf 92' lang='lat' dir='ltr'><strong>ope</strong></span> <span class='ocrx_word' id='word_1_81' title='bbox 1462 795 1567 864; x_wconf 84' lang='lat' dir='ltr'><strong>vexari,</strong></span> <span class='ocrx_word' id='word_1_82' title='bbox 1586 796 1615 853; x_wconf 92' lang='lat' dir='ltr'><strong>ld</strong></span> <span class='ocrx_word' id='word_1_83' title='bbox 1637 813 1695 853; x_wconf 90' lang='lat' dir='ltr'><strong>non</strong></span> 
     </span>
     <span class='ocr_line' id='line_1_8' title="bbox 67 880 1695 957; baseline 0.005 -22"><span class='ocrx_word' id='word_1_84' title='bbox 67 880 213 948; x_wconf 80' lang='grc' dir='ltr'><strong>ιοιιιιιιι,</strong></span> <span class='ocrx_word' id='word_1_85' title='bbox 227 880 332 953; x_wconf 91' lang='lat' dir='ltr'><strong>quibus</strong></span> <span class='ocrx_word' id='word_1_86' title='bbox 347 882 510 954; x_wconf 81' lang='lat' dir='ltr'><strong>agitabatur</strong></span> <span class='ocrx_word' id='word_1_87' title='bbox 526 882 658 939; x_wconf 76' lang='lat' dir='ltr'><strong>Ecclesia.</strong></span> <span class='ocrx_word' id='word_1_88' title='bbox 676 884 716 938; x_wconf 86' lang='lat' dir='ltr'><strong>Ex</strong></span> <span class='ocrx_word' id='word_1_89' title='bbox 729 882 792 938; x_wconf 89' lang='lat' dir='ltr'><strong>istis</strong></span> <span class='ocrx_word' id='word_1_90' title='bbox 846 884 881 939; x_wconf 93' lang='lat' dir='ltr'><strong>ad</strong></span> <span class='ocrx_word' id='word_1_91' title='bbox 896 883 974 956; x_wconf 90' lang='lat' dir='ltr'><strong>leges</strong></span> <span class='ocrx_word' id='word_1_92' title='bbox 988 901 1063 941; x_wconf 88' lang='lat' dir='ltr'><strong>enno</strong></span> <span class='ocrx_word' id='word_1_93' title='bbox 1077 883 1361 956; x_wconf 87' lang='lat' dir='ltr'><strong>quadringentesimo</strong></span> <span class='ocrx_word' id='word_1_94' title='bbox 1374 885 1474 957; x_wconf 89' lang='lat' dir='ltr'><strong>quinto</strong></span> <span class='ocrx_word' id='word_1_95' title='bbox 1489 886 1558 940; x_wconf 88' lang='lat' dir='ltr'><strong>latus</strong></span> <span class='ocrx_word' id='word_1_96' title='bbox 1570 886 1695 943; x_wconf 90' lang='lat' dir='ltr'><strong>referen-</strong></span> 
     </span>
     <span class='ocr_line' id='line_1_9' title="bbox 77 968 1694 1046; baseline 0.003 -19"><span class='ocrx_word' id='word_1_97' title='bbox 77 968 231 1027; x_wconf 82' lang='lat' dir='ltr'><strong>desidiosis</strong></span> <span class='ocrx_word' id='word_1_98' title='bbox 255 975 347 1040; x_wconf 87' lang='lat' dir='ltr'><strong>erant,</strong></span> <span class='ocrx_word' id='word_1_99' title='bbox 374 971 424 1044; x_wconf 92' lang='lat' dir='ltr'><strong>qul</strong></span> <span class='ocrx_word' id='word_1_100' title='bbox 452 987 563 1028; x_wconf 90' lang='lat' dir='ltr'><strong>comam</strong></span> <span class='ocrx_word' id='word_1_101' title='bbox 588 977 686 1029; x_wconf 86' lang='lat' dir='ltr'><strong>contra</strong></span> <span class='ocrx_word' id='word_1_102' title='bbox 712 973 792 1028; x_wconf 89' lang='lat' dir='ltr'><strong>Pauli</strong></span> <span class='ocrx_word' id='word_1_103' title='bbox 845 973 914 1029; x_wconf 89' lang='lat' dir='ltr'><strong>dum</strong></span> <span class='ocrx_word' id='word_1_104' title='bbox 929 977 983 1042; x_wconf 88' lang='lat' dir='ltr'><strong>ost,</strong></span> <span class='ocrx_word' id='word_1_105' title='bbox 1002 990 1102 1030; x_wconf 83' lang='lat' dir='ltr'><strong>verum</strong></span> <span class='ocrx_word' id='word_1_106' title='bbox 1117 974 1153 1030; x_wconf 93' lang='lat' dir='ltr'><strong>ad</strong></span> <span class='ocrx_word' id='word_1_107' title='bbox 1170 973 1240 1030; x_wconf 89' lang='lat' dir='ltr'><strong>alias</strong></span> <span class='ocrx_word' id='word_1_108' title='bbox 1260 973 1446 1046; x_wconf 86' lang='lat' dir='ltr'><strong>antiquiores.</strong></span> <span class='ocrx_word' id='word_1_109' title='bbox 1467 974 1602 1040; x_wconf 74' lang='lat' dir='ltr'><strong>Quaedam</strong></span> <span class='ocrx_word' id='word_1_110' title='bbox 1616 976 1694 1032; x_wconf 89' lang='lat' dir='ltr'><strong>enim</strong></span> 
     </span>
     <span class='ocr_line' id='line_1_10' title="bbox 67 1058 1695 1137; baseline 0.004 -22"><span class='ocrx_word' id='word_1_111' title='bbox 67 1058 166 1115; x_wconf 84' lang='lat' dir='ltr'><strong>rntrire</strong></span> <span class='ocrx_word' id='word_1_112' title='bbox 180 1061 324 1128; x_wconf 78' lang='lat' dir='ltr'><strong>solerent3</strong></span> <span class='ocrx_word' id='word_1_113' title='bbox 340 1076 372 1116; x_wconf 87' lang='lat' dir='ltr'><strong>ae</strong></span> <span class='ocrx_word' id='word_1_114' title='bbox 387 1061 522 1117; x_wconf 88' lang='lat' dir='ltr'><strong>nonnulli</strong></span> <span class='ocrx_word' id='word_1_115' title='bbox 535 1061 652 1134; x_wconf 89' lang='lat' dir='ltr'><strong>quidem</strong></span> <span class='ocrx_word' id='word_1_116' title='bbox 665 1077 724 1117; x_wconf 91' lang='lat' dir='ltr'><strong>nou</strong></span> <span class='ocrx_word' id='word_1_117' title='bbox 736 1060 792 1116; x_wconf 91' lang='lat' dir='ltr'><strong>alio</strong></span> <span class='ocrx_word' id='word_1_118' title='bbox 846 1078 922 1118; x_wconf 88' lang='lat' dir='ltr'><strong>anno</strong></span> <span class='ocrx_word' id='word_1_119' title='bbox 946 1063 1145 1119; x_wconf 89' lang='lat' dir='ltr'><strong>trecentesimo</strong></span> <span class='ocrx_word' id='word_1_120' title='bbox 1168 1062 1379 1136; x_wconf 88' lang='lat' dir='ltr'><strong>septuagesimo</strong></span> <span class='ocrx_word' id='word_1_121' title='bbox 1406 1063 1537 1136; x_wconf 90' lang='lat' dir='ltr'><strong>septimo,</strong></span> <span class='ocrx_word' id='word_1_122' title='bbox 1562 1064 1695 1137; x_wconf 78' lang='lat' dir='ltr'><strong>quedam</strong></span> 
     </span>
     <span class='ocr_line' id='line_1_11' title="bbox 67 1147 1697 1228; baseline 0.005 -25"><span class='ocrx_word' id='word_1_123' title='bbox 67 1147 147 1221; x_wconf 87' lang='lat' dir='ltr'><strong>ique</strong></span> <span class='ocrx_word' id='word_1_124' title='bbox 163 1149 302 1220; x_wconf 89' lang='lat' dir='ltr'><strong>majorem</strong></span> <span class='ocrx_word' id='word_1_125' title='bbox 312 1149 366 1205; x_wconf 89' lang='lat' dir='ltr'><strong>sibi</strong></span> <span class='ocrx_word' id='word_1_126' title='bbox 374 1150 556 1222; x_wconf 89' lang='lat' dir='ltr'><strong>acquirerent</strong></span> <span class='ocrx_word' id='word_1_127' title='bbox 568 1149 791 1218; x_wconf 80' lang='lat' dir='ltr'><strong>uenerationem,</strong></span> <span class='ocrx_word' id='word_1_128' title='bbox 845 1151 977 1223; x_wconf 80' lang='lat' dir='ltr'><strong>sequenti</strong></span> <span class='ocrx_word' id='word_1_129' title='bbox 991 1153 1120 1223; x_wconf 89' lang='lat' dir='ltr'><strong>tempore</strong></span> <span class='ocrx_word' id='word_1_130' title='bbox 1135 1152 1250 1208; x_wconf 77' lang='lat' dir='ltr'><strong>sancite</strong></span> <span class='ocrx_word' id='word_1_131' title='bbox 1265 1152 1389 1208; x_wconf 89' lang='lat' dir='ltr'><strong>fuerant.</strong></span> <span class='ocrx_word' id='word_1_132' title='bbox 1408 1154 1440 1207; x_wconf 91' lang='lat' dir='ltr'><strong>Et</strong></span> <span class='ocrx_word' id='word_1_133' title='bbox 1453 1169 1521 1209; x_wconf 91' lang='lat' dir='ltr'><strong>sane</strong></span> <span class='ocrx_word' id='word_1_134' title='bbox 1535 1168 1612 1209; x_wconf 91' lang='lat' dir='ltr'><strong>auno</strong></span> <span class='ocrx_word' id='word_1_135' title='bbox 1626 1168 1697 1228; x_wconf 90' lang='lat' dir='ltr'><strong>qua-</strong></span> 
     </span>
     <span class='ocr_line' id='line_1_12' title="bbox 68 1239 1696 1313; baseline 0.004 -20"><span class='ocrx_word' id='word_1_136' title='bbox 68 1254 143 1294; x_wconf 79' lang='lat' dir='ltr'><strong>›rem</strong></span> <span class='ocrx_word' id='word_1_137' title='bbox 154 1243 299 1310; x_wconf 74' lang='lat' dir='ltr'><strong>quaestum</strong></span> <span class='ocrx_word' id='word_1_138' title='bbox 312 1240 478 1311; x_wconf 87' lang='lat' dir='ltr'><strong>hujusmodi</strong></span> <span class='ocrx_word' id='word_1_139' title='bbox 491 1239 661 1296; x_wconf 87' lang='lat' dir='ltr'><strong>humilitatis</strong></span> <span class='ocrx_word' id='word_1_140' title='bbox 675 1239 791 1296; x_wconf 86' lang='lat' dir='ltr'><strong>simula·</strong></span> <span class='ocrx_word' id='word_1_141' title='bbox 847 1239 1073 1312; x_wconf 88' lang='lat' dir='ltr'><strong>dringentesimo</strong></span> <span class='ocrx_word' id='word_1_142' title='bbox 1095 1241 1221 1296; x_wconf 90' lang='lat' dir='ltr'><strong>secundo</strong></span> <span class='ocrx_word' id='word_1_143' title='bbox 1236 1240 1379 1297; x_wconf 76' lang='lat' dir='ltr'><strong>fatebatur</strong></span> <span class='ocrx_word' id='word_1_144' title='bbox 1392 1241 1580 1313; x_wconf 71' lang='lat' dir='ltr'><strong>dragustinns,</strong></span> <span class='ocrx_word' id='word_1_145' title='bbox 1596 1242 1696 1300; x_wconf 89' lang='lat' dir='ltr'><strong>edictis</strong></span> 
     </span>
     <span class='ocr_line' id='line_1_13' title="bbox 68 1328 1695 1402; baseline 0.002 -19"><span class='ocrx_word' id='word_1_146' title='bbox 68 1333 166 1383; x_wconf 78' lang='lat' dir='ltr'><strong>erent.</strong></span> <span class='ocrx_word' id='word_1_147' title='bbox 189 1329 221 1383; x_wconf 96' lang='lat' dir='ltr'><strong>ln</strong></span> <span class='ocrx_word' id='word_1_148' title='bbox 243 1329 298 1384; x_wconf 91' lang='lat' dir='ltr'><strong>boc</strong></span> <span class='ocrx_word' id='word_1_149' title='bbox 311 1328 412 1384; x_wconf 88' lang='lat' dir='ltr'><strong>vitium</strong></span> <span class='ocrx_word' id='word_1_150' title='bbox 431 1329 564 1385; x_wconf 89' lang='lat' dir='ltr'><strong>monacbi</strong></span> <span class='ocrx_word' id='word_1_151' title='bbox 582 1332 686 1385; x_wconf 81' lang='lat' dir='ltr'><strong>caetera</strong></span> <span class='ocrx_word' id='word_1_152' title='bbox 699 1331 790 1386; x_wconf 88' lang='lat' dir='ltr'><strong>sancti</strong></span> <span class='ocrx_word' id='word_1_153' title='bbox 845 1329 1055 1402; x_wconf 89' lang='lat' dir='ltr'><strong>imperatorum</strong></span> <span class='ocrx_word' id='word_1_154' title='bbox 1078 1333 1194 1386; x_wconf 87' lang='lat' dir='ltr'><strong>cautum</strong></span> <span class='ocrx_word' id='word_1_155' title='bbox 1217 1346 1289 1398; x_wconf 90' lang='lat' dir='ltr'><strong>esse,</strong></span> <span class='ocrx_word' id='word_1_156' title='bbox 1317 1345 1352 1385; x_wconf 91' lang='lat' dir='ltr'><strong>ne</strong></span> <span class='ocrx_word' id='word_1_157' title='bbox 1376 1330 1474 1385; x_wconf 89' lang='lat' dir='ltr'><strong>liceret</strong></span> <span class='ocrx_word' id='word_1_158' title='bbox 1489 1331 1643 1387; x_wconf 85' lang='lat' dir='ltr'><strong>Donatistis</strong></span> <span class='ocrx_word' id='word_1_159' title='bbox 1664 1332 1695 1388; x_wconf 90' lang='lat' dir='ltr'><strong>in</strong></span> 
     </span>
     <span class='ocr_line' id='line_1_14' title="bbox 68 1415 1691 1493; baseline 0.003 -20"><span class='ocrx_word' id='word_1_160' title='bbox 68 1433 107 1487; x_wconf 88' lang='lat' dir='ltr'><strong>m,</strong></span> <span class='ocrx_word' id='word_1_161' title='bbox 135 1422 220 1490; x_wconf 89' lang='lat' dir='ltr'><strong>atque</strong></span> <span class='ocrx_word' id='word_1_162' title='bbox 243 1418 280 1474; x_wconf 92' lang='lat' dir='ltr'><strong>ab</strong></span> <span class='ocrx_word' id='word_1_163' title='bbox 303 1417 444 1490; x_wconf 89' lang='lat' dir='ltr'><strong>episcopis</strong></span> <span class='ocrx_word' id='word_1_164' title='bbox 466 1418 552 1489; x_wconf 91' lang='lat' dir='ltr'><strong>longe</strong></span> <span class='ocrx_word' id='word_1_165' title='bbox 577 1415 792 1490; x_wconf 86' lang='lat' dir='ltr'><strong>prudentissimi</strong></span> <span class='ocrx_word' id='word_1_166' title='bbox 845 1419 965 1475; x_wconf 90' lang='lat' dir='ltr'><strong>urbibus</strong></span> <span class='ocrx_word' id='word_1_167' title='bbox 978 1419 1149 1475; x_wconf 91' lang='lat' dir='ltr'><strong>commorari</strong></span> <span class='ocrx_word' id='word_1_168' title='bbox 1161 1418 1255 1491; x_wconf 77' lang='lat' dir='ltr'><strong>(cont.</strong></span> <span class='ocrx_word' id='word_1_169' title='bbox 1271 1420 1337 1475; x_wconf 82' lang='lat' dir='ltr'><strong>litt.</strong></span> <span class='ocrx_word' id='word_1_170' title='bbox 1352 1420 1444 1487; x_wconf 79' lang='lat' dir='ltr'><strong>Petit,</strong></span> <span class='ocrx_word' id='word_1_171' title='bbox 1461 1421 1507 1475; x_wconf 82' lang='lat' dir='ltr'><strong>tib.</strong></span> <span class='ocrx_word' id='word_1_172' title='bbox 1522 1422 1550 1487; x_wconf 78' lang='lat' dir='ltr'><strong>i,</strong></span> <span class='ocrx_word' id='word_1_173' title='bbox 1565 1435 1596 1476; x_wconf 88' lang='lat' dir='ltr'><strong>n.</strong></span> <span class='ocrx_word' id='word_1_174' title='bbox 1614 1421 1691 1493; x_wconf 75' lang='grc' dir='ltr'><strong>ιιι).</strong></span> 
     </span>
     <span class='ocr_line' id='line_1_15' title="bbox 70 1505 1697 1581; baseline 0.002 -19"><span class='ocrx_word' id='word_1_175' title='bbox 70 1505 232 1563; x_wconf 88' lang='lat' dir='ltr'><strong>inhonore</strong></span> <span class='ocrx_word' id='word_1_176' title='bbox 260 1507 350 1562; x_wconf 90' lang='lat' dir='ltr'><strong>babiti</strong></span> <span class='ocrx_word' id='word_1_177' title='bbox 373 1506 603 1563; x_wconf 85' lang='lat' dir='ltr'><strong>collabebantur:</strong></span> <span class='ocrx_word' id='word_1_178' title='bbox 629 1523 685 1579; x_wconf 90' lang='lat' dir='ltr'><strong>qua</strong></span> <span class='ocrx_word' id='word_1_179' title='bbox 709 1505 792 1577; x_wconf 89' lang='lat' dir='ltr'><strong>culpa</strong></span> <span class='ocrx_word' id='word_1_180' title='bbox 846 1511 1058 1581; x_wconf 82' lang='lat' dir='ltr'><strong>Nonnunquam</strong></span> <span class='ocrx_word' id='word_1_181' title='bbox 1082 1507 1168 1564; x_wconf 89' lang='lat' dir='ltr'><strong>etiem</strong></span> <span class='ocrx_word' id='word_1_182' title='bbox 1189 1508 1219 1563; x_wconf 93' lang='lat' dir='ltr'><strong>in</strong></span> <span class='ocrx_word' id='word_1_183' title='bbox 1234 1523 1282 1563; x_wconf 90' lang='lat' dir='ltr'><strong>eos</strong></span> <span class='ocrx_word' id='word_1_184' title='bbox 1295 1508 1372 1580; x_wconf 89' lang='lat' dir='ltr'><strong>leges</strong></span> <span class='ocrx_word' id='word_1_185' title='bbox 1389 1507 1524 1563; x_wconf 84' lang='lat' dir='ltr'><strong>adversus</strong></span> <span class='ocrx_word' id='word_1_186' title='bbox 1547 1508 1697 1565; x_wconf 75' lang='lat' dir='ltr'><strong>hereticos</strong></span> 
     </span>
     <span class='ocr_line' id='line_1_16' title="bbox 68 1594 1695 1668; baseline 0.002 -17"><span class='ocrx_word' id='word_1_187' title='bbox 68 1611 91 1651; x_wconf 91' lang='lat' dir='ltr'><strong>u</strong></span> <span class='ocrx_word' id='word_1_188' title='bbox 122 1595 335 1668; x_wconf 86' lang='lat' dir='ltr'><strong>perturbabant,</strong></span> <span class='ocrx_word' id='word_1_189' title='bbox 366 1595 617 1667; x_wconf 87' lang='lat' dir='ltr'><strong>periculosissimis</strong></span> <span class='ocrx_word' id='word_1_190' title='bbox 640 1594 792 1651; x_wconf 88' lang='lat' dir='ltr'><strong>dissensio·</strong></span> <span class='ocrx_word' id='word_1_191' title='bbox 845 1597 876 1652; x_wconf 89' lang='lat' dir='ltr'><strong>in</strong></span> <span class='ocrx_word' id='word_1_192' title='bbox 886 1596 1052 1653; x_wconf 79' lang='lat' dir='ltr'><strong>ranivorsum</strong></span> <span class='ocrx_word' id='word_1_193' title='bbox 1066 1596 1235 1652; x_wconf 90' lang='lat' dir='ltr'><strong>constitutas</strong></span> <span class='ocrx_word' id='word_1_194' title='bbox 1250 1596 1368 1652; x_wconf 89' lang='lat' dir='ltr'><strong>adhibet</strong></span> <span class='ocrx_word' id='word_1_195' title='bbox 1380 1595 1471 1666; x_wconf 85' lang='lat' dir='ltr'><strong>(Cout.</strong></span> <span class='ocrx_word' id='word_1_196' title='bbox 1488 1599 1577 1668; x_wconf 84' lang='lat' dir='ltr'><strong>Epist.</strong></span> <span class='ocrx_word' id='word_1_197' title='bbox 1591 1598 1695 1666; x_wconf 76' lang='lat' dir='ltr'><strong>Pomm,</strong></span> 
     </span>
     <span class='ocr_line' id='line_1_17' title="bbox 80 1683 1696 1758; baseline 0.001 -17"><span class='ocrx_word' id='word_1_198' title='bbox 80 1700 116 1741; x_wconf 81' lang='lat' dir='ltr'><strong>ea</strong></span> <span class='ocrx_word' id='word_1_199' title='bbox 129 1684 295 1750; x_wconf 76' lang='lat' dir='ltr'><strong>concitatis:</strong></span> <span class='ocrx_word' id='word_1_200' title='bbox 310 1700 376 1739; x_wconf 91' lang='lat' dir='ltr'><strong>cum</strong></span> <span class='ocrx_word' id='word_1_201' title='bbox 389 1684 466 1740; x_wconf 90' lang='lat' dir='ltr'><strong>inter</strong></span> <span class='ocrx_word' id='word_1_202' title='bbox 483 1685 657 1740; x_wconf 88' lang='lat' dir='ltr'><strong>orthodoxos</strong></span> <span class='ocrx_word' id='word_1_203' title='bbox 679 1683 739 1750; x_wconf 91' lang='lat' dir='ltr'><strong>alii,</strong></span> <span class='ocrx_word' id='word_1_204' title='bbox 754 1699 790 1738; x_wconf 90' lang='lat' dir='ltr'><strong>uc</strong></span> <span class='ocrx_word' id='word_1_205' title='bbox 845 1686 895 1743; x_wconf 86' lang='lat' dir='ltr'><strong>tib.</strong></span> <span class='ocrx_word' id='word_1_206' title='bbox 917 1690 942 1757; x_wconf 91' lang='lat' dir='ltr'><strong>l,</strong></span> <span class='ocrx_word' id='word_1_207' title='bbox 957 1702 981 1743; x_wconf 86' lang='lat' dir='ltr'><strong>o.</strong></span> <span class='ocrx_word' id='word_1_208' title='bbox 999 1686 1052 1758; x_wconf 78' lang='lat' dir='ltr'><strong>lt).</strong></span> <span class='ocrx_word' id='word_1_209' title='bbox 1072 1685 1235 1758; x_wconf 87' lang='lat' dir='ltr'><strong>Crispinum</strong></span> <span class='ocrx_word' id='word_1_210' title='bbox 1249 1702 1318 1758; x_wconf 84' lang='lat' dir='ltr'><strong>ergo</strong></span> <span class='ocrx_word' id='word_1_211' title='bbox 1333 1686 1503 1756; x_wconf 85' lang='lat' dir='ltr'><strong>Cartbagine</strong></span> <span class='ocrx_word' id='word_1_212' title='bbox 1516 1687 1696 1758; x_wconf 90' lang='lat' dir='ltr'><strong>forterepcr·</strong></span> 
     </span>
     <span class='ocr_line' id='line_1_18' title="bbox 69 1772 1697 1847; baseline 0.002 -19"><span class='ocrx_word' id='word_1_213' title='bbox 69 1778 111 1830; x_wconf 83' lang='lat' dir='ltr'><strong>uta</strong></span> <span class='ocrx_word' id='word_1_214' title='bbox 132 1773 328 1829; x_wconf 77' lang='lat' dir='ltr'><strong>sanctimoniae</strong></span> <span class='ocrx_word' id='word_1_215' title='bbox 351 1774 429 1829; x_wconf 88' lang='lat' dir='ltr'><strong>fama</strong></span> <span class='ocrx_word' id='word_1_216' title='bbox 450 1774 591 1845; x_wconf 87' lang='lat' dir='ltr'><strong>pollentes</strong></span> <span class='ocrx_word' id='word_1_217' title='bbox 610 1772 789 1840; x_wconf 87' lang='lat' dir='ltr'><strong>damnarent,</strong></span> <span class='ocrx_word' id='word_1_218' title='bbox 845 1778 907 1830; x_wconf 92' lang='lat' dir='ltr'><strong>tum</strong></span> <span class='ocrx_word' id='word_1_219' title='bbox 923 1776 1109 1847; x_wconf 74' lang='lat' dir='ltr'><strong>Augustinus,</strong></span> <span class='ocrx_word' id='word_1_220' title='bbox 1120 1775 1156 1830; x_wconf 94' lang='lat' dir='ltr'><strong>ud</strong></span> <span class='ocrx_word' id='word_1_221' title='bbox 1169 1774 1376 1847; x_wconf 90' lang='lat' dir='ltr'><strong>disputandum</strong></span> <span class='ocrx_word' id='word_1_222' title='bbox 1391 1774 1426 1829; x_wconf 91' lang='lat' dir='ltr'><strong>de</strong></span> <span class='ocrx_word' id='word_1_223' title='bbox 1440 1773 1514 1829; x_wconf 89' lang='lat' dir='ltr'><strong>fecte</strong></span> <span class='ocrx_word' id='word_1_224' title='bbox 1523 1774 1559 1829; x_wconf 91' lang='lat' dir='ltr'><strong>ab</strong></span> <span class='ocrx_word' id='word_1_225' title='bbox 1575 1774 1697 1831; x_wconf 80' lang='lat' dir='ltr'><strong>Ecclesia</strong></span> 
     </span>
     <span class='ocr_line' id='line_1_19' title="bbox 69 1861 1695 1936; baseline 0.001 -17"><span class='ocrx_word' id='word_1_226' title='bbox 69 1878 114 1919; x_wconf 86' lang='grc' dir='ltr'><strong>ιιιι</strong></span> <span class='ocrx_word' id='word_1_227' title='bbox 136 1862 308 1918; x_wconf 89' lang='lat' dir='ltr'><strong>seutentiam</strong></span> <span class='ocrx_word' id='word_1_228' title='bbox 339 1878 472 1936; x_wconf 84' lang='lat' dir='ltr'><strong>expresse</strong></span> <span class='ocrx_word' id='word_1_229' title='bbox 491 1863 572 1919; x_wconf 85' lang='lat' dir='ltr'><strong>Pauli</strong></span> <span class='ocrx_word' id='word_1_230' title='bbox 592 1862 677 1918; x_wconf 85' lang='lat' dir='ltr'><strong>verba</strong></span> <span class='ocrx_word' id='word_1_231' title='bbox 695 1862 791 1918; x_wconf 81' lang='lat' dir='ltr'><strong>detor·</strong></span> <span class='ocrx_word' id='word_1_232' title='bbox 845 1864 1014 1933; x_wconf 86' lang='lat' dir='ltr'><strong>secessione,</strong></span> <span class='ocrx_word' id='word_1_233' title='bbox 1037 1864 1124 1920; x_wconf 90' lang='lat' dir='ltr'><strong>etiam</strong></span> <span class='ocrx_word' id='word_1_234' title='bbox 1146 1869 1232 1936; x_wconf 91' lang='lat' dir='ltr'><strong>atque</strong></span> <span class='ocrx_word' id='word_1_235' title='bbox 1253 1863 1340 1920; x_wconf 88' lang='lat' dir='ltr'><strong>etiam</strong></span> <span class='ocrx_word' id='word_1_236' title='bbox 1364 1861 1499 1918; x_wconf 88' lang='lat' dir='ltr'><strong>invitaret</strong></span> <span class='ocrx_word' id='word_1_237' title='bbox 1524 1862 1625 1934; x_wconf 83' lang='lat' dir='ltr'><strong>(Epist.</strong></span> <span class='ocrx_word' id='word_1_238' title='bbox 1650 1866 1695 1934; x_wconf 79' lang='lat' dir='ltr'><strong>st,</strong></span> 
     </span>
     <span class='ocr_line' id='line_1_20' title="bbox 69 1950 1697 2026; baseline 0.002 -21"><span class='ocrx_word' id='word_1_239' title='bbox 69 1957 232 2025; x_wconf 75' lang='lat' dir='ltr'><strong>›gerentur3</strong></span> <span class='ocrx_word' id='word_1_240' title='bbox 256 1952 304 2007; x_wconf 91' lang='lat' dir='ltr'><strong>alii</strong></span> <span class='ocrx_word' id='word_1_241' title='bbox 320 1952 480 2024; x_wconf 90' lang='lat' dir='ltr'><strong>legitimum</strong></span> <span class='ocrx_word' id='word_1_242' title='bbox 495 1952 651 2023; x_wconf 79' lang='lat' dir='ltr'><strong>Scriptura:</strong></span> <span class='ocrx_word' id='word_1_243' title='bbox 673 1967 790 2006; x_wconf 89' lang='lat' dir='ltr'><strong>sensum</strong></span> <span class='ocrx_word' id='word_1_244' title='bbox 844 1969 872 2009; x_wconf 82' lang='lat' dir='ltr'><strong>a.</strong></span> <span class='ocrx_word' id='word_1_245' title='bbox 892 1954 916 2025; x_wconf 87' lang='lat' dir='ltr'><strong>l)</strong></span> <span class='ocrx_word' id='word_1_246' title='bbox 933 1969 941 2009; x_wconf 74' lang='grc' dir='ltr'><strong>ι</strong></span> <span class='ocrx_word' id='word_1_247' title='bbox 956 1953 1006 2009; x_wconf 91' lang='lat' dir='ltr'><strong>sed</strong></span> <span class='ocrx_word' id='word_1_248' title='bbox 1020 1958 1085 2026; x_wconf 89' lang='lat' dir='ltr'><strong>post</strong></span> <span class='ocrx_word' id='word_1_249' title='bbox 1103 1953 1283 2021; x_wconf 84' lang='lat' dir='ltr'><strong>nonnullam,</strong></span> <span class='ocrx_word' id='word_1_250' title='bbox 1300 1968 1421 2025; x_wconf 90' lang='lat' dir='ltr'><strong>eamque</strong></span> <span class='ocrx_word' id='word_1_251' title='bbox 1436 1950 1503 2007; x_wconf 88' lang='lat' dir='ltr'><strong>satis</strong></span> <span class='ocrx_word' id='word_1_252' title='bbox 1521 1967 1616 2008; x_wconf 91' lang='lat' dir='ltr'><strong>acrem</strong></span> <span class='ocrx_word' id='word_1_253' title='bbox 1631 1969 1697 2008; x_wconf 91' lang='lat' dir='ltr'><strong>con·</strong></span> 
     </span>
     <span class='ocr_line' id='line_1_21' title="bbox 72 2040 1695 2115; baseline 0 -17"><span class='ocrx_word' id='word_1_254' title='bbox 72 2040 240 2109; x_wconf 81' lang='lat' dir='ltr'><strong>defendere,</strong></span> <span class='ocrx_word' id='word_1_255' title='bbox 263 2057 351 2114; x_wconf 89' lang='lat' dir='ltr'><strong>quam</strong></span> <span class='ocrx_word' id='word_1_256' title='bbox 370 2041 505 2113; x_wconf 92' lang='lat' dir='ltr'><strong>cuiquam</strong></span> <span class='ocrx_word' id='word_1_257' title='bbox 527 2041 680 2097; x_wconf 91' lang='lat' dir='ltr'><strong>hominum</strong></span> <span class='ocrx_word' id='word_1_258' title='bbox 696 2055 791 2095; x_wconf 82' lang='lat' dir='ltr'><strong>essen</strong></span> <span class='ocrx_word' id='word_1_259' title='bbox 845 2042 1041 2111; x_wconf 86' lang='lat' dir='ltr'><strong>certationem,</strong></span> <span class='ocrx_word' id='word_1_260' title='bbox 1059 2042 1298 2115; x_wconf 88' lang='lat' dir='ltr'><strong>impedimentum</strong></span> <span class='ocrx_word' id='word_1_261' title='bbox 1308 2040 1427 2113; x_wconf 90' lang='lat' dir='ltr'><strong>aliquod</strong></span> <span class='ocrx_word' id='word_1_262' title='bbox 1440 2040 1470 2095; x_wconf 91' lang='lat' dir='ltr'><strong>in</strong></span> <span class='ocrx_word' id='word_1_263' title='bbox 1484 2056 1611 2112; x_wconf 81' lang='lat' dir='ltr'><strong>praesens</strong></span> <span class='ocrx_word' id='word_1_264' title='bbox 1622 2046 1695 2098; x_wconf 92' lang='lat' dir='ltr'><strong>tem·</strong></span> 
     </span>
     <span class='ocr_line' id='line_1_22' title="bbox 73 2128 1695 2204; baseline -0.002 -17"><span class='ocrx_word' id='word_1_265' title='bbox 73 2131 174 2187; x_wconf 89' lang='lat' dir='ltr'><strong>oniam</strong></span> <span class='ocrx_word' id='word_1_266' title='bbox 189 2130 319 2187; x_wconf 77' lang='lat' dir='ltr'><strong>Ecclesia</strong></span> <span class='ocrx_word' id='word_1_267' title='bbox 335 2130 566 2202; x_wconf 86' lang='lat' dir='ltr'><strong>Carthaginensis</strong></span> <span class='ocrx_word' id='word_1_268' title='bbox 580 2130 672 2187; x_wconf 77' lang='lat' dir='ltr'><strong>turbae</strong></span> <span class='ocrx_word' id='word_1_269' title='bbox 684 2129 720 2185; x_wconf 92' lang='lat' dir='ltr'><strong>ad</strong></span> <span class='ocrx_word' id='word_1_270' title='bbox 732 2131 790 2185; x_wconf 77' lang='lat' dir='ltr'><strong>Au·</strong></span> <span class='ocrx_word' id='word_1_271' title='bbox 846 2148 899 2204; x_wconf 91' lang='lat' dir='ltr'><strong>pus</strong></span> <span class='ocrx_word' id='word_1_272' title='bbox 912 2137 1094 2188; x_wconf 74' lang='lat' dir='ltr'><strong>excusaverat</strong></span> <span class='ocrx_word' id='word_1_273' title='bbox 1108 2131 1268 2203; x_wconf 83' lang='lat' dir='ltr'><strong>Crispinus3</strong></span> <span class='ocrx_word' id='word_1_274' title='bbox 1283 2130 1428 2204; x_wconf 91' lang='lat' dir='ltr'><strong>pollicitus</strong></span> <span class='ocrx_word' id='word_1_275' title='bbox 1441 2133 1538 2185; x_wconf 88' lang='lat' dir='ltr'><strong>temen</strong></span> <span class='ocrx_word' id='word_1_276' title='bbox 1552 2128 1695 2185; x_wconf 76' lang='lat' dir='ltr'><strong>intermis-</strong></span> 
     </span>
     <span class='ocr_line' id='line_1_23' title="bbox 69 2218 1695 2294; baseline 0 -18"><span class='ocrx_word' id='word_1_277' title='bbox 69 2224 168 2292; x_wconf 88' lang='lat' dir='ltr'><strong>ntpote</strong></span> <span class='ocrx_word' id='word_1_278' title='bbox 186 2220 263 2276; x_wconf 89' lang='lat' dir='ltr'><strong>itlius</strong></span> <span class='ocrx_word' id='word_1_279' title='bbox 287 2219 453 2289; x_wconf 89' lang='lat' dir='ltr'><strong>antistitem,</strong></span> <span class='ocrx_word' id='word_1_280' title='bbox 468 2236 527 2291; x_wconf 81' lang='lat' dir='ltr'><strong>prm</strong></span> <span class='ocrx_word' id='word_1_281' title='bbox 550 2219 661 2275; x_wconf 81' lang='lat' dir='ltr'><strong>caeteris</strong></span> <span class='ocrx_word' id='word_1_282' title='bbox 681 2223 789 2290; x_wconf 89' lang='lat' dir='ltr'><strong>specta·</strong></span> <span class='ocrx_word' id='word_1_283' title='bbox 846 2236 911 2276; x_wconf 89' lang='lat' dir='ltr'><strong>sum</strong></span> <span class='ocrx_word' id='word_1_284' title='bbox 930 2221 1106 2294; x_wconf 88' lang='lat' dir='ltr'><strong>colloquium</strong></span> <span class='ocrx_word' id='word_1_285' title='bbox 1121 2236 1150 2277; x_wconf 91' lang='lat' dir='ltr'><strong>se</strong></span> <span class='ocrx_word' id='word_1_286' title='bbox 1170 2221 1265 2277; x_wconf 91' lang='lat' dir='ltr'><strong>denuo</strong></span> <span class='ocrx_word' id='word_1_287' title='bbox 1285 2219 1486 2292; x_wconf 87' lang='lat' dir='ltr'><strong>repetiturum,</strong></span> <span class='ocrx_word' id='word_1_288' title='bbox 1505 2218 1556 2274; x_wconf 91' lang='lat' dir='ltr'><strong>ubi</strong></span> <span class='ocrx_word' id='word_1_289' title='bbox 1570 2235 1695 2276; x_wconf 88' lang='lat' dir='ltr'><strong>commo-</strong></span> 
     </span>
     <span class='ocr_line' id='line_1_24' title="bbox 70 2307 1694 2382; baseline -0.001 -17"><span class='ocrx_word' id='word_1_290' title='bbox 70 2309 275 2382; x_wconf 75' lang='lat' dir='ltr'><strong>bugustluum,</strong></span> <span class='ocrx_word' id='word_1_291' title='bbox 287 2309 317 2364; x_wconf 93' lang='lat' dir='ltr'><strong>iu</strong></span> <span class='ocrx_word' id='word_1_292' title='bbox 329 2309 403 2364; x_wconf 86' lang='lat' dir='ltr'><strong>trane</strong></span> <span class='ocrx_word' id='word_1_293' title='bbox 415 2324 476 2363; x_wconf 91' lang='lat' dir='ltr'><strong>rem</strong></span> <span class='ocrx_word' id='word_1_294' title='bbox 487 2308 596 2380; x_wconf 84' lang='lat' dir='ltr'><strong>aliquid</strong></span> <span class='ocrx_word' id='word_1_295' title='bbox 611 2308 716 2379; x_wconf 87' lang='lat' dir='ltr'><strong>scripto</strong></span> <span class='ocrx_word' id='word_1_296' title='bbox 727 2308 791 2363; x_wconf 91' lang='lat' dir='ltr'><strong>ede·</strong></span> <span class='ocrx_word' id='word_1_297' title='bbox 845 2310 910 2366; x_wconf 89' lang='lat' dir='ltr'><strong>dior</strong></span> <span class='ocrx_word' id='word_1_298' title='bbox 924 2326 985 2366; x_wconf 90' lang='lat' dir='ltr'><strong>sese</strong></span> <span class='ocrx_word' id='word_1_299' title='bbox 1006 2311 1133 2367; x_wconf 87' lang='lat' dir='ltr'><strong>dedisset</strong></span> <span class='ocrx_word' id='word_1_300' title='bbox 1152 2309 1271 2366; x_wconf 87' lang='lat' dir='ltr'><strong>occasio.</strong></span> <span class='ocrx_word' id='word_1_301' title='bbox 1290 2310 1415 2381; x_wconf 86' lang='lat' dir='ltr'><strong>Utroque</strong></span> <span class='ocrx_word' id='word_1_302' title='bbox 1433 2307 1522 2380; x_wconf 89' lang='lat' dir='ltr'><strong>igitur</strong></span> <span class='ocrx_word' id='word_1_303' title='bbox 1542 2308 1573 2363; x_wconf 89' lang='lat' dir='ltr'><strong>in</strong></span> <span class='ocrx_word' id='word_1_304' title='bbox 1595 2309 1694 2365; x_wconf 80' lang='lat' dir='ltr'><strong>Numl-</strong></span> 
     </span>
     <span class='ocr_line' id='line_1_25' title="bbox 70 2396 1695 2470; baseline 0 -15"><span class='ocrx_word' id='word_1_305' title='bbox 70 2398 142 2455; x_wconf 80' lang='lat' dir='ltr'><strong>erit:</strong></span> <span class='ocrx_word' id='word_1_306' title='bbox 158 2415 191 2454; x_wconf 93' lang='lat' dir='ltr'><strong>ac</strong></span> <span class='ocrx_word' id='word_1_307' title='bbox 206 2402 319 2454; x_wconf 89' lang='lat' dir='ltr'><strong>sauctus</strong></span> <span class='ocrx_word' id='word_1_308' title='bbox 333 2397 382 2453; x_wconf 87' lang='lat' dir='ltr'><strong>ille</strong></span> <span class='ocrx_word' id='word_1_309' title='bbox 401 2398 458 2464; x_wconf 85' lang='lat' dir='ltr'><strong>Vir,</strong></span> <span class='ocrx_word' id='word_1_310' title='bbox 474 2397 524 2470; x_wconf 93' lang='lat' dir='ltr'><strong>qui</strong></span> <span class='ocrx_word' id='word_1_311' title='bbox 541 2397 730 2452; x_wconf 88' lang='lat' dir='ltr'><strong>monasticum</strong></span> <span class='ocrx_word' id='word_1_312' title='bbox 746 2396 789 2452; x_wconf 93' lang='lat' dir='ltr'><strong>in·</strong></span> <span class='ocrx_word' id='word_1_313' title='bbox 845 2399 924 2456; x_wconf 90' lang='lat' dir='ltr'><strong>diam</strong></span> <span class='ocrx_word' id='word_1_314' title='bbox 939 2400 975 2458; x_wconf 92' lang='lat' dir='ltr'><strong>ad</strong></span> <span class='ocrx_word' id='word_1_315' title='bbox 996 2416 1063 2457; x_wconf 91' lang='lat' dir='ltr'><strong>suas</strong></span> <span class='ocrx_word' id='word_1_316' title='bbox 1084 2399 1220 2456; x_wconf 86' lang='lat' dir='ltr'><strong>Ecclesiae</strong></span> <span class='ocrx_word' id='word_1_317' title='bbox 1246 2414 1368 2461; x_wconf 83' lang='lat' dir='ltr'><strong>reverso,</strong></span> <span class='ocrx_word' id='word_1_318' title='bbox 1396 2413 1462 2454; x_wconf 89' lang='lat' dir='ltr'><strong>cum</strong></span> <span class='ocrx_word' id='word_1_319' title='bbox 1481 2413 1581 2453; x_wconf 89' lang='lat' dir='ltr'><strong>rumor</strong></span> <span class='ocrx_word' id='word_1_320' title='bbox 1603 2397 1695 2455; x_wconf 91' lang='lat' dir='ltr'><strong>iucre-</strong></span> 
     </span>
     <span class='ocr_line' id='line_1_26' title="bbox 75 2485 1696 2561; baseline -0.001 -18"><span class='ocrx_word' id='word_1_321' title='bbox 75 2528 85 2557; x_wconf 97' lang='lat'><strong>,</strong></span> <span class='ocrx_word' id='word_1_322' title='bbox 100 2487 175 2543; x_wconf 90' lang='lat' dir='ltr'><strong>sicut</strong></span> <span class='ocrx_word' id='word_1_323' title='bbox 187 2487 217 2542; x_wconf 94' lang='lat' dir='ltr'><strong>in</strong></span> <span class='ocrx_word' id='word_1_324' title='bbox 230 2487 351 2559; x_wconf 90' lang='lat' dir='ltr'><strong>reliquis</strong></span> <span class='ocrx_word' id='word_1_325' title='bbox 360 2487 438 2543; x_wconf 90' lang='lat' dir='ltr'><strong>orbis</strong></span> <span class='ocrx_word' id='word_1_326' title='bbox 447 2486 597 2542; x_wconf 81' lang='lat' dir='ltr'><strong>eluistiani</strong></span> <span class='ocrx_word' id='word_1_327' title='bbox 611 2485 788 2559; x_wconf 87' lang='lat' dir='ltr'><strong>regionibus,</strong></span> <span class='ocrx_word' id='word_1_328' title='bbox 845 2489 964 2560; x_wconf 90' lang='lat' dir='ltr'><strong>buisset,</strong></span> <span class='ocrx_word' id='word_1_329' title='bbox 980 2488 1135 2561; x_wconf 89' lang='lat' dir='ltr'><strong>quominus</strong></span> <span class='ocrx_word' id='word_1_330' title='bbox 1150 2492 1331 2544; x_wconf 88' lang='lat' dir='ltr'><strong>excuteretur</strong></span> <span class='ocrx_word' id='word_1_331' title='bbox 1342 2487 1503 2554; x_wconf 89' lang='lat' dir='ltr'><strong>dilllcnltas,</strong></span> <span class='ocrx_word' id='word_1_332' title='bbox 1520 2503 1573 2560; x_wconf 90' lang='lat' dir='ltr'><strong>per</strong></span> <span class='ocrx_word' id='word_1_333' title='bbox 1586 2486 1696 2560; x_wconf 87' lang='lat' dir='ltr'><strong>Crispi-</strong></span> 
     </span>
     <span class='ocr_line' id='line_1_27' title="bbox 70 2576 1696 2651; baseline 0.001 -20"><span class='ocrx_word' id='word_1_334' title='bbox 70 2577 217 2633; x_wconf 79' lang='lat' dir='ltr'><strong>.niversam</strong></span> <span class='ocrx_word' id='word_1_335' title='bbox 231 2577 356 2633; x_wconf 77' lang='lat' dir='ltr'><strong>Africam</strong></span> <span class='ocrx_word' id='word_1_336' title='bbox 368 2576 489 2633; x_wconf 82' lang='lat' dir='ltr'><strong>ditlundi</strong></span> <span class='ocrx_word' id='word_1_337' title='bbox 504 2576 792 2648; x_wconf 84' lang='lat' dir='ltr'><strong>vehementercupie-</strong></span> <span class='ocrx_word' id='word_1_338' title='bbox 844 2594 916 2635; x_wconf 90' lang='lat' dir='ltr'><strong>uum</strong></span> <span class='ocrx_word' id='word_1_339' title='bbox 931 2577 1099 2651; x_wconf 90' lang='lat' dir='ltr'><strong>neutiquam</strong></span> <span class='ocrx_word' id='word_1_340' title='bbox 1108 2581 1182 2633; x_wconf 88' lang='lat' dir='ltr'><strong>stare</strong></span> <span class='ocrx_word' id='word_1_341' title='bbox 1196 2576 1390 2649; x_wconf 77' lang='lat' dir='ltr'><strong>:Augustinus</strong></span> <span class='ocrx_word' id='word_1_342' title='bbox 1404 2576 1479 2633; x_wconf 88' lang='lat' dir='ltr'><strong>datis</strong></span> <span class='ocrx_word' id='word_1_343' title='bbox 1494 2576 1609 2632; x_wconf 89' lang='lat' dir='ltr'><strong>adeum</strong></span> <span class='ocrx_word' id='word_1_344' title='bbox 1623 2576 1696 2633; x_wconf 89' lang='lat' dir='ltr'><strong>litto·</strong></span> 
     </span>
     <span class='ocr_line' id='line_1_28' title="bbox 70 2664 1694 2738; baseline -0.001 -15"><span class='ocrx_word' id='word_1_345' title='bbox 70 2667 221 2723; x_wconf 75' lang='lat' dir='ltr'><strong>nudatam</strong></span> <span class='ocrx_word' id='word_1_346' title='bbox 235 2666 290 2723; x_wconf 92' lang='lat' dir='ltr'><strong>sibi</strong></span> <span class='ocrx_word' id='word_1_347' title='bbox 311 2667 346 2722; x_wconf 87' lang='lat' dir='ltr'><strong>eb</strong></span> <span class='ocrx_word' id='word_1_348' title='bbox 361 2682 395 2722; x_wconf 92' lang='lat' dir='ltr'><strong>eo</strong></span> <span class='ocrx_word' id='word_1_349' title='bbox 416 2664 593 2738; x_wconf 83' lang='lat' dir='ltr'><strong>provinciam</strong></span> <span class='ocrx_word' id='word_1_350' title='bbox 616 2666 670 2721; x_wconf 90' lang='lat' dir='ltr'><strong>hoc</strong></span> <span class='ocrx_word' id='word_1_351' title='bbox 694 2666 790 2721; x_wconf 89' lang='lat' dir='ltr'><strong>miuus</strong></span> <span class='ocrx_word' id='word_1_352' title='bbox 845 2667 894 2735; x_wconf 92' lang='lat' dir='ltr'><strong>ris,</strong></span> <span class='ocrx_word' id='word_1_353' title='bbox 909 2667 996 2723; x_wconf 87' lang='lat' dir='ltr'><strong>instat</strong></span> <span class='ocrx_word' id='word_1_354' title='bbox 1018 2672 1050 2723; x_wconf 94' lang='lat' dir='ltr'><strong>ut</strong></span> <span class='ocrx_word' id='word_1_355' title='bbox 1065 2667 1094 2722; x_wconf 91' lang='lat' dir='ltr'><strong>id</strong></span> <span class='ocrx_word' id='word_1_356' title='bbox 1116 2667 1167 2722; x_wconf 89' lang='lat' dir='ltr'><strong>liat</strong></span> <span class='ocrx_word' id='word_1_357' title='bbox 1182 2683 1188 2722; x_wconf 95' lang='lat'><strong>:</strong></span> <span class='ocrx_word' id='word_1_358' title='bbox 1206 2665 1442 2738; x_wconf 90' lang='lat' dir='ltr'><strong>quandoquidem</strong></span> <span class='ocrx_word' id='word_1_359' title='bbox 1463 2670 1531 2721; x_wconf 91' lang='lat' dir='ltr'><strong>tunc</strong></span> <span class='ocrx_word' id='word_1_360' title='bbox 1554 2665 1694 2738; x_wconf 83' lang='lat' dir='ltr'><strong>temporis</strong></span> 
     </span>
     <span class='ocr_line' id='line_1_29' title="bbox 70 2754 1694 2827; baseline -0.001 -16"><span class='ocrx_word' id='word_1_361' title='bbox 70 2772 192 2822; x_wconf 78' lang='lat' dir='ltr'><strong>causare,</strong></span> <span class='ocrx_word' id='word_1_362' title='bbox 211 2755 440 2827; x_wconf 88' lang='lat' dir='ltr'><strong>quodaChristo</strong></span> <span class='ocrx_word' id='word_1_363' title='bbox 453 2754 516 2827; x_wconf 91' lang='lat' dir='ltr'><strong>ipso</strong></span> <span class='ocrx_word' id='word_1_364' title='bbox 531 2755 561 2810; x_wconf 93' lang='lat' dir='ltr'><strong>id</strong></span> <span class='ocrx_word' id='word_1_365' title='bbox 575 2754 652 2810; x_wconf 83' lang='lat' dir='ltr'><strong>illius</strong></span> <span class='ocrx_word' id='word_1_366' title='bbox 666 2771 716 2810; x_wconf 90' lang='lat' dir='ltr'><strong>ore</strong></span> <span class='ocrx_word' id='word_1_367' title='bbox 736 2754 790 2810; x_wconf 91' lang='lat' dir='ltr'><strong>sibi</strong></span> <span class='ocrx_word' id='word_1_368' title='bbox 845 2755 918 2811; x_wconf 91' lang='lat' dir='ltr'><strong>uibil</strong></span> <span class='ocrx_word' id='word_1_369' title='bbox 941 2756 972 2810; x_wconf 92' lang='lat' dir='ltr'><strong>in</strong></span> <span class='ocrx_word' id='word_1_370' title='bbox 997 2770 1080 2812; x_wconf 90' lang='lat' dir='ltr'><strong>mora</strong></span> <span class='ocrx_word' id='word_1_371' title='bbox 1101 2759 1185 2823; x_wconf 90' lang='lat' dir='ltr'><strong>esset,</strong></span> <span class='ocrx_word' id='word_1_372' title='bbox 1214 2771 1246 2810; x_wconf 92' lang='lat' dir='ltr'><strong>ac</strong></span> <span class='ocrx_word' id='word_1_373' title='bbox 1261 2770 1313 2827; x_wconf 92' lang='lat' dir='ltr'><strong>per</strong></span> <span class='ocrx_word' id='word_1_374' title='bbox 1338 2754 1487 2825; x_wconf 87' lang='lat' dir='ltr'><strong>utriusque</strong></span> <span class='ocrx_word' id='word_1_375' title='bbox 1505 2754 1694 2810; x_wconf 89' lang='lat' dir='ltr'><strong>Ecclesiarum</strong></span> 
     </span>
     <span class='ocr_line' id='line_1_30' title="bbox 71 2840 1697 2917; baseline -0.002 -17"><span class='ocrx_word' id='word_1_376' title='bbox 71 2845 154 2901; x_wconf 88' lang='lat' dir='ltr'><strong>luon</strong></span> <span class='ocrx_word' id='word_1_377' title='bbox 174 2844 326 2901; x_wconf 89' lang='lat' dir='ltr'><strong>dubitaret.</strong></span> <span class='ocrx_word' id='word_1_378' title='bbox 346 2845 537 2917; x_wconf 74' lang='lat' dir='ltr'><strong>scriptionem</strong></span> <span class='ocrx_word' id='word_1_379' title='bbox 557 2860 626 2916; x_wconf 88' lang='lat' dir='ltr'><strong>ergo</strong></span> <span class='ocrx_word' id='word_1_380' title='bbox 651 2844 731 2898; x_wconf 89' lang='lat' dir='ltr'><strong>illum</strong></span> <span class='ocrx_word' id='word_1_381' title='bbox 756 2844 791 2899; x_wconf 92' lang='lat' dir='ltr'><strong>ad</strong></span> <span class='ocrx_word' id='word_1_382' title='bbox 845 2843 979 2900; x_wconf 84' lang='lat' dir='ltr'><strong>viciniam</strong></span> <span class='ocrx_word' id='word_1_383' title='bbox 1002 2843 1102 2899; x_wconf 87' lang='lat' dir='ltr'><strong>liceret</strong></span> <span class='ocrx_word' id='word_1_384' title='bbox 1114 2843 1244 2915; x_wconf 90' lang='lat' dir='ltr'><strong>repetitis</strong></span> <span class='ocrx_word' id='word_1_385' title='bbox 1259 2843 1333 2899; x_wconf 90' lang='lat' dir='ltr'><strong>ultro</strong></span> <span class='ocrx_word' id='word_1_386' title='bbox 1356 2842 1486 2913; x_wconf 88' lang='lat' dir='ltr'><strong>citroque</strong></span> <span class='ocrx_word' id='word_1_387' title='bbox 1499 2840 1623 2913; x_wconf 91' lang='lat' dir='ltr'><strong>scriptis,</strong></span> <span class='ocrx_word' id='word_1_388' title='bbox 1637 2858 1697 2897; x_wconf 92' lang='lat' dir='ltr'><strong>om·</strong></span> 
     </span>
     <span class='ocr_line' id='line_1_31' title="bbox 71 2928 1696 3006; baseline -0.004 -15"><span class='ocrx_word' id='word_1_389' title='bbox 71 2934 153 2991; x_wconf 74' lang='lat' dir='ltr'><strong>andos</strong></span> <span class='ocrx_word' id='word_1_390' title='bbox 168 2934 274 3006; x_wconf 91' lang='lat' dir='ltr'><strong>pigros,</strong></span> <span class='ocrx_word' id='word_1_391' title='bbox 290 2950 354 3006; x_wconf 81' lang='lat' dir='ltr'><strong>qua:</strong></span> <span class='ocrx_word' id='word_1_392' title='bbox 366 2937 403 2989; x_wconf 85' lang='lat' dir='ltr'><strong>De</strong></span> <span class='ocrx_word' id='word_1_393' title='bbox 422 2934 506 3005; x_wconf 84' lang='lat' dir='ltr'><strong>Opere</strong></span> <span class='ocrx_word' id='word_1_394' title='bbox 516 2935 706 2990; x_wconf 78' lang='lat' dir='ltr'><strong>monachorum</strong></span> <span class='ocrx_word' id='word_1_395' title='bbox 720 2948 792 3005; x_wconf 80' lang='lat' dir='ltr'><strong>prae·</strong></span> <span class='ocrx_word' id='word_1_396' title='bbox 846 2948 911 2988; x_wconf 90' lang='lat' dir='ltr'><strong>nem</strong></span> <span class='ocrx_word' id='word_1_397' title='bbox 927 2931 1094 3005; x_wconf 72' lang='lat' dir='ltr'><strong>questionis</strong></span> <span class='ocrx_word' id='word_1_398' title='bbox 1104 2930 1306 2987; x_wconf 86' lang='lat' dir='ltr'><strong>obscuritatem</strong></span> <span class='ocrx_word' id='word_1_399' title='bbox 1318 2931 1430 2986; x_wconf 88' lang='lat' dir='ltr'><strong>tollere.</strong></span> <span class='ocrx_word' id='word_1_400' title='bbox 1447 2931 1510 2985; x_wconf 86' lang='lat' dir='ltr'><strong>Nou</strong></span> <span class='ocrx_word' id='word_1_401' title='bbox 1524 2928 1602 2985; x_wconf 88' lang='lat' dir='ltr'><strong>euim</strong></span> <span class='ocrx_word' id='word_1_402' title='bbox 1612 2929 1696 2985; x_wconf 87' lang='lat' dir='ltr'><strong>aliter</strong></span> 
     </span>
     <span class='ocr_line' id='line_1_32' title="bbox 82 3016 1695 3093; baseline -0.004 -14"><span class='ocrx_word' id='word_1_403' title='bbox 82 3022 280 3079; x_wconf 82' lang='lat' dir='ltr'><strong>elucubravit:</strong></span> <span class='ocrx_word' id='word_1_404' title='bbox 301 3020 353 3076; x_wconf 92' lang='lat' dir='ltr'><strong>sub</strong></span> <span class='ocrx_word' id='word_1_405' title='bbox 369 3020 449 3090; x_wconf 89' lang='lat' dir='ltr'><strong>cnjus</strong></span> <span class='ocrx_word' id='word_1_406' title='bbox 470 3021 557 3076; x_wconf 89' lang='lat' dir='ltr'><strong>finem</strong></span> <span class='ocrx_word' id='word_1_407' title='bbox 580 3020 728 3075; x_wconf 81' lang='lat' dir='ltr'><strong>Aurelium</strong></span> <span class='ocrx_word' id='word_1_408' title='bbox 748 3035 793 3074; x_wconf 93' lang='lat' dir='ltr'><strong>ro·</strong></span> <span class='ocrx_word' id='word_1_409' title='bbox 846 3021 877 3078; x_wconf 90' lang='lat' dir='ltr'><strong>iu</strong></span> <span class='ocrx_word' id='word_1_410' title='bbox 892 3022 944 3077; x_wconf 87' lang='lat' dir='ltr'><strong>bac</strong></span> <span class='ocrx_word' id='word_1_411' title='bbox 967 3037 1063 3092; x_wconf 90' lang='lat' dir='ltr'><strong>causa,</strong></span> <span class='ocrx_word' id='word_1_412' title='bbox 1085 3035 1172 3093; x_wconf 91' lang='lat' dir='ltr'><strong>quam</strong></span> <span class='ocrx_word' id='word_1_413' title='bbox 1197 3018 1302 3092; x_wconf 91' lang='lat' dir='ltr'><strong>scripto</strong></span> <span class='ocrx_word' id='word_1_414' title='bbox 1327 3016 1634 3091; x_wconf 88' lang='lat' dir='ltr'><strong>ege1·eoonstituerat;</strong></span> <span class='ocrx_word' id='word_1_415' title='bbox 1659 3033 1695 3073; x_wconf 88' lang='lat' dir='ltr'><strong>ne</strong></span> 
     </span>
     <span class='ocr_line' id='line_1_33' title="bbox 71 3105 1695 3183; baseline -0.002 -16"><span class='ocrx_word' id='word_1_416' title='bbox 71 3110 121 3167; x_wconf 88' lang='lat' dir='ltr'><strong>uid</strong></span> <span class='ocrx_word' id='word_1_417' title='bbox 133 3109 164 3165; x_wconf 92' lang='lat' dir='ltr'><strong>iu</strong></span> <span class='ocrx_word' id='word_1_418' title='bbox 178 3126 211 3165; x_wconf 85' lang='lat' dir='ltr'><strong>ea</strong></span> <span class='ocrx_word' id='word_1_419' title='bbox 221 3110 265 3165; x_wconf 86' lang='lat' dir='ltr'><strong>rel</strong></span> <span class='ocrx_word' id='word_1_420' title='bbox 275 3108 510 3181; x_wconf 87' lang='lat' dir='ltr'><strong>expungendum,</strong></span> <span class='ocrx_word' id='word_1_421' title='bbox 520 3109 563 3163; x_wconf 86' lang='grc' dir='ltr'><strong>ιιι</strong></span> <span class='ocrx_word' id='word_1_422' title='bbox 577 3107 790 3163; x_wconf 88' lang='lat' dir='ltr'><strong>immutandum</strong></span> <span class='ocrx_word' id='word_1_423' title='bbox 845 3109 918 3167; x_wconf 92' lang='lat' dir='ltr'><strong>forte</strong></span> <span class='ocrx_word' id='word_1_424' title='bbox 931 3109 1008 3183; x_wconf 93' lang='lat' dir='ltr'><strong>quod</strong></span> <span class='ocrx_word' id='word_1_425' title='bbox 1023 3114 1136 3166; x_wconf 90' lang='lat' dir='ltr'><strong>tantum</strong></span> <span class='ocrx_word' id='word_1_426' title='bbox 1149 3109 1212 3164; x_wconf 83' lang='lat' dir='ltr'><strong>visa</strong></span> <span class='ocrx_word' id='word_1_427' title='bbox 1225 3125 1293 3164; x_wconf 81' lang='lat' dir='ltr'><strong>soce</strong></span> <span class='ocrx_word' id='word_1_428' title='bbox 1314 3111 1466 3164; x_wconf 88' lang='lat' dir='ltr'><strong>tractatum</strong></span> <span class='ocrx_word' id='word_1_429' title='bbox 1481 3110 1564 3176; x_wconf 89' lang='lat' dir='ltr'><strong>esset,</strong></span> <span class='ocrx_word' id='word_1_430' title='bbox 1580 3105 1695 3163; x_wconf 86' lang='lat' dir='ltr'><strong>excide·</strong></span> 
     </span>
     <span class='ocr_line' id='line_1_34' title="bbox 72 3195 1695 3271; baseline -0.003 -14"><span class='ocrx_word' id='word_1_431' title='bbox 72 3200 180 3270; x_wconf 85' lang='lat' dir='ltr'><strong>aderit,</strong></span> <span class='ocrx_word' id='word_1_432' title='bbox 195 3200 224 3256; x_wconf 95' lang='lat' dir='ltr'><strong>id</strong></span> <span class='ocrx_word' id='word_1_433' title='bbox 234 3199 289 3255; x_wconf 93' lang='lat' dir='ltr'><strong>sibi</strong></span> <span class='ocrx_word' id='word_1_434' title='bbox 303 3215 340 3255; x_wconf 92' lang='lat' dir='ltr'><strong>ne</strong></span> <span class='ocrx_word' id='word_1_435' title='bbox 355 3203 488 3271; x_wconf 83' lang='lat' dir='ltr'><strong>gravetur</strong></span> <span class='ocrx_word' id='word_1_436' title='bbox 501 3197 676 3269; x_wconf 88' lang='lat' dir='ltr'><strong>significare.</strong></span> <span class='ocrx_word' id='word_1_437' title='bbox 694 3196 793 3253; x_wconf 83' lang='lat' dir='ltr'><strong>Reoln·</strong></span> <span class='ocrx_word' id='word_1_438' title='bbox 845 3206 890 3256; x_wconf 91' lang='lat' dir='ltr'><strong>ret</strong></span> <span class='ocrx_word' id='word_1_439' title='bbox 903 3215 919 3255; x_wconf 90' lang='lat' dir='ltr'><strong>e</strong></span> <span class='ocrx_word' id='word_1_440' title='bbox 933 3199 1092 3268; x_wconf 68' lang='lat' dir='ltr'><strong>memoria,</strong></span> <span class='ocrx_word' id='word_1_441' title='bbox 1106 3199 1192 3255; x_wconf 93' lang='lat' dir='ltr'><strong>simul</strong></span> <span class='ocrx_word' id='word_1_442' title='bbox 1207 3201 1239 3255; x_wconf 92' lang='lat' dir='ltr'><strong>ut</strong></span> <span class='ocrx_word' id='word_1_443' title='bbox 1253 3197 1358 3270; x_wconf 89' lang='lat' dir='ltr'><strong>quibus</strong></span> <span class='ocrx_word' id='word_1_444' title='bbox 1372 3201 1448 3253; x_wconf 90' lang='lat' dir='ltr'><strong>esset</strong></span> <span class='ocrx_word' id='word_1_445' title='bbox 1465 3195 1544 3252; x_wconf 93' lang='lat' dir='ltr'><strong>cordi</strong></span> <span class='ocrx_word' id='word_1_446' title='bbox 1557 3195 1695 3268; x_wconf 80' lang='lat' dir='ltr'><strong>quaestio-</strong></span> 
     </span>
     <span class='ocr_line' id='line_1_35' title="bbox 72 3283 1695 3362; baseline -0.004 -15"><span class='ocrx_word' id='word_1_447' title='bbox 72 3295 105 3347; x_wconf 86' lang='grc' dir='ltr'><strong>ιιι</strong></span> <span class='ocrx_word' id='word_1_448' title='bbox 117 3294 227 3359; x_wconf 84' lang='lat' dir='ltr'><strong>vocant,</strong></span> <span class='ocrx_word' id='word_1_449' title='bbox 243 3293 329 3360; x_wconf 90' lang='lat' dir='ltr'><strong>atque</strong></span> <span class='ocrx_word' id='word_1_450' title='bbox 343 3288 373 3343; x_wconf 92' lang='lat' dir='ltr'><strong>in</strong></span> <span class='ocrx_word' id='word_1_451' title='bbox 397 3288 452 3354; x_wconf 88' lang='lat' dir='ltr'><strong>bis,</strong></span> <span class='ocrx_word' id='word_1_452' title='bbox 478 3303 579 3343; x_wconf 89' lang='lat' dir='ltr'><strong>eornm</strong></span> <span class='ocrx_word' id='word_1_453' title='bbox 603 3301 719 3358; x_wconf 90' lang='lat' dir='ltr'><strong>quoque</strong></span> <span class='ocrx_word' id='word_1_454' title='bbox 741 3287 792 3358; x_wconf 93' lang='lat' dir='ltr'><strong>qui</strong></span> <span class='ocrx_word' id='word_1_455' title='bbox 845 3305 912 3346; x_wconf 90' lang='lat' dir='ltr'><strong>nem</strong></span> <span class='ocrx_word' id='word_1_456' title='bbox 926 3304 1107 3362; x_wconf 78' lang='lat' dir='ltr'><strong>cognoscere,</strong></span> <span class='ocrx_word' id='word_1_457' title='bbox 1134 3287 1212 3345; x_wconf 89' lang='lat' dir='ltr'><strong>idox</strong></span> <span class='ocrx_word' id='word_1_458' title='bbox 1236 3285 1350 3353; x_wconf 91' lang='lat' dir='ltr'><strong>litteris,</strong></span> <span class='ocrx_word' id='word_1_459' title='bbox 1364 3285 1387 3340; x_wconf 93' lang='lat' dir='ltr'><strong>si</strong></span> <span class='ocrx_word' id='word_1_460' title='bbox 1402 3283 1607 3341; x_wconf 88' lang='lat' dir='ltr'><strong>concertationi</strong></span> <span class='ocrx_word' id='word_1_461' title='bbox 1621 3284 1695 3340; x_wconf 89' lang='lat' dir='ltr'><strong>forte</strong></span> 
     </span>
     <span class='ocr_line' id='line_1_36' title="bbox 72 3371 1696 3451; baseline -0.005 -16"><span class='ocrx_word' id='word_1_462' title='bbox 72 3378 200 3435; x_wconf 81' lang='lat' dir='ltr'><strong>unullis</strong></span> <span class='ocrx_word' id='word_1_463' title='bbox 220 3377 368 3443; x_wconf 83' lang='lat' dir='ltr'><strong>secabant,</strong></span> <span class='ocrx_word' id='word_1_464' title='bbox 384 3374 559 3431; x_wconf 89' lang='lat' dir='ltr'><strong>mentionem</strong></span> <span class='ocrx_word' id='word_1_465' title='bbox 581 3374 613 3430; x_wconf 94' lang='lat' dir='ltr'><strong>in</strong></span> <span class='ocrx_word' id='word_1_466' title='bbox 636 3374 691 3430; x_wconf 90' lang='lat' dir='ltr'><strong>boo</strong></span> <span class='ocrx_word' id='word_1_467' title='bbox 717 3375 791 3431; x_wconf 90' lang='lat' dir='ltr'><strong>libro</strong></span> <span class='ocrx_word' id='word_1_468' title='bbox 845 3378 982 3434; x_wconf 91' lang='lat' dir='ltr'><strong>interesse</strong></span> <span class='ocrx_word' id='word_1_469' title='bbox 1004 3377 1074 3451; x_wconf 85' lang='lat' dir='ltr'><strong>ipsis</strong></span> <span class='ocrx_word' id='word_1_470' title='bbox 1088 3392 1147 3432; x_wconf 91' lang='lat' dir='ltr'><strong>non</strong></span> <span class='ocrx_word' id='word_1_471' title='bbox 1169 3374 1303 3442; x_wconf 78' lang='lat' dir='ltr'><strong>licuisset,</strong></span> <span class='ocrx_word' id='word_1_472' title='bbox 1319 3377 1435 3446; x_wconf 91' lang='lat' dir='ltr'><strong>possent</strong></span> <span class='ocrx_word' id='word_1_473' title='bbox 1453 3371 1600 3446; x_wconf 89' lang='lat' dir='ltr'><strong>consequi.</strong></span> <span class='ocrx_word' id='word_1_474' title='bbox 1622 3372 1696 3437; x_wconf 85' lang='lat' dir='ltr'><strong>Quin</strong></span> 
     </span>
     <span class='ocr_line' id='line_1_37' title="bbox 72 3459 1696 3536; baseline -0.004 -13"><span class='ocrx_word' id='word_1_475' title='bbox 72 3465 227 3525; x_wconf 86' lang='lat' dir='ltr'><strong>rorificam.</strong></span> <span class='ocrx_word' id='word_1_476' title='bbox 256 3466 306 3522; x_wconf 90' lang='lat' dir='ltr'><strong>llic</strong></span> <span class='ocrx_word' id='word_1_477' title='bbox 337 3465 422 3521; x_wconf 89' lang='lat' dir='ltr'><strong>etiam</strong></span> <span class='ocrx_word' id='word_1_478' title='bbox 448 3463 478 3520; x_wconf 90' lang='lat' dir='ltr'><strong>id</strong></span> <span class='ocrx_word' id='word_1_479' title='bbox 501 3464 640 3536; x_wconf 90' lang='lat' dir='ltr'><strong>temporis</strong></span> <span class='ocrx_word' id='word_1_480' title='bbox 662 3463 791 3521; x_wconf 88' lang='lat' dir='ltr'><strong>obortam</strong></span> <span class='ocrx_word' id='word_1_481' title='bbox 846 3467 925 3523; x_wconf 87' lang='lat' dir='ltr'><strong>addit</strong></span> <span class='ocrx_word' id='word_1_482' title='bbox 939 3466 1057 3522; x_wconf 84' lang='lat' dir='ltr'><strong>forsitan</strong></span> <span class='ocrx_word' id='word_1_483' title='bbox 1086 3465 1172 3521; x_wconf 88' lang='lat' dir='ltr'><strong>etium</strong></span> <span class='ocrx_word' id='word_1_484' title='bbox 1190 3464 1331 3530; x_wconf 87' lang='lat' dir='ltr'><strong>futurum,</strong></span> <span class='ocrx_word' id='word_1_485' title='bbox 1355 3467 1388 3517; x_wconf 94' lang='lat' dir='ltr'><strong>ut</strong></span> <span class='ocrx_word' id='word_1_486' title='bbox 1406 3462 1468 3517; x_wconf 83' lang='lat' dir='ltr'><strong>baec</strong></span> <span class='ocrx_word' id='word_1_487' title='bbox 1488 3460 1553 3535; x_wconf 91' lang='lat' dir='ltr'><strong>ipsa</strong></span> <span class='ocrx_word' id='word_1_488' title='bbox 1576 3459 1696 3533; x_wconf 85' lang='lat' dir='ltr'><strong>epistola</strong></span> 
     </span>
     <span class='ocr_line' id='line_1_38' title="bbox 72 3549 1697 3628; baseline -0.005 -15"><span class='ocrx_word' id='word_1_489' title='bbox 72 3572 105 3613; x_wconf 79' lang='lat' dir='ltr'><strong>se</strong></span> <span class='ocrx_word' id='word_1_490' title='bbox 120 3555 326 3628; x_wconf 79' lang='lat' dir='ltr'><strong>Hieronymum</strong></span> <span class='ocrx_word' id='word_1_491' title='bbox 341 3555 377 3611; x_wconf 93' lang='lat' dir='ltr'><strong>de</strong></span> <span class='ocrx_word' id='word_1_492' title='bbox 391 3555 474 3610; x_wconf 87' lang='lat' dir='ltr'><strong>Petro</strong></span> <span class='ocrx_word' id='word_1_493' title='bbox 484 3557 513 3611; x_wconf 90' lang='lat' dir='ltr'><strong>et</strong></span> <span class='ocrx_word' id='word_1_494' title='bbox 527 3553 615 3610; x_wconf 89' lang='lat' dir='ltr'><strong>Paulo</strong></span> <span class='ocrx_word' id='word_1_495' title='bbox 629 3558 792 3611; x_wconf 79' lang='lat' dir='ltr'><strong>controuer-</strong></span> <span class='ocrx_word' id='word_1_496' title='bbox 846 3554 1036 3628; x_wconf 87' lang='lat' dir='ltr'><strong>responsioni,</strong></span> <span class='ocrx_word' id='word_1_497' title='bbox 1054 3569 1141 3627; x_wconf 72' lang='lat' dir='ltr'><strong>«quem</strong></span> <span class='ocrx_word' id='word_1_498' title='bbox 1157 3553 1192 3608; x_wconf 89' lang='lat' dir='ltr'><strong>ab</strong></span> <span class='ocrx_word' id='word_1_499' title='bbox 1207 3551 1336 3624; x_wconf 87' lang='lat' dir='ltr'><strong>Crispino</strong></span> <span class='ocrx_word' id='word_1_500' title='bbox 1350 3550 1453 3606; x_wconf 86' lang='lat' dir='ltr'><strong>obnixe</strong></span> <span class='ocrx_word' id='word_1_501' title='bbox 1475 3549 1558 3622; x_wconf 88' lang='lat' dir='ltr'><strong>petit,</strong></span> <span class='ocrx_word' id='word_1_502' title='bbox 1577 3549 1697 3622; x_wconf 87' lang='lat' dir='ltr'><strong>conjun-</strong></span> 
     </span>
     <span class='ocr_line' id='line_1_39' title="bbox 72 3637 1697 3712; baseline -0.004 -10"><span class='ocrx_word' id='word_1_503' title='bbox 72 3644 150 3702; x_wconf 78' lang='lat' dir='ltr'><strong>licat.</strong></span> <span class='ocrx_word' id='word_1_504' title='bbox 846 3649 901 3712; x_wconf 90' lang='lat' dir='ltr'><strong>cta,</strong></span> <span class='ocrx_word' id='word_1_505' title='bbox 928 3642 1104 3700; x_wconf 79' lang='lat' dir='ltr'><strong>exsolvendis</strong></span> <span class='ocrx_word' id='word_1_506' title='bbox 1133 3642 1269 3697; x_wconf 91' lang='lat' dir='ltr'><strong>omnibus</strong></span> <span class='ocrx_word' id='word_1_507' title='bbox 1294 3639 1496 3696; x_wconf 80' lang='lat' dir='ltr'><strong>difficultatum</strong></span> <span class='ocrx_word' id='word_1_508' title='bbox 1523 3637 1608 3695; x_wconf 91' lang='lat' dir='ltr'><strong>nodis</strong></span> <span class='ocrx_word' id='word_1_509' title='bbox 1635 3639 1697 3695; x_wconf 89' lang='lat' dir='ltr'><strong>sola</strong></span> 
     </span>
    </p>

    <p class='ocr_par' dir='ltr' id='par_1_3' title="bbox 72 3725 1697 5407">
     <span class='ocr_line' id='line_1_40' title="bbox 281 3725 1696 3799; baseline -0.005 -10"><span class='ocrx_word' id='word_1_510' title='bbox 281 3734 394 3789; x_wconf 81' lang='lat' dir='ltr'><strong>CAPUT</strong></span> <span class='ocrx_word' id='word_1_511' title='bbox 412 3733 448 3788; x_wconf 92' lang='grc' dir='ltr'><strong>ιι.</strong></span> <span class='ocrx_word' id='word_1_512' title='bbox 846 3732 975 3788; x_wconf 80' lang='lat' dir='ltr'><strong>sufficiat</strong></span> <span class='ocrx_word' id='word_1_513' title='bbox 991 3730 1184 3799; x_wconf 78' lang='lat' dir='ltr'><strong>Quamobrem</strong></span> <span class='ocrx_word' id='word_1_514' title='bbox 1194 3732 1260 3785; x_wconf 87' lang='lat' dir='ltr'><strong>ante</strong></span> <span class='ocrx_word' id='word_1_515' title='bbox 1269 3727 1368 3785; x_wconf 90' lang='lat' dir='ltr'><strong>omnia</strong></span> <span class='ocrx_word' id='word_1_516' title='bbox 1378 3726 1565 3792; x_wconf 83' lang='lat' dir='ltr'><strong>demonstrat,</strong></span> <span class='ocrx_word' id='word_1_517' title='bbox 1582 3725 1696 3798; x_wconf 80' lang='lat' dir='ltr'><strong>gravius</strong></span> 
     </span>
     <span class='ocr_line' id='line_1_41' title="bbox 72 3814 1695 3895; baseline -0.005 -17"><span class='ocrx_word' id='word_1_518' title='bbox 72 3824 166 3895; x_wconf 66' lang='lat' dir='ltr'><strong>meum</strong></span> <span class='ocrx_word' id='word_1_519' title='bbox 191 3825 397 3879; x_wconf 74' lang='lat' dir='ltr'><strong>Durotisturam</strong></span> <span class='ocrx_word' id='word_1_520' title='bbox 427 3824 581 3892; x_wconf 83' lang='lat' dir='ltr'><strong>episcopum</strong></span> <span class='ocrx_word' id='word_1_521' title='bbox 610 3821 792 3879; x_wconf 75' lang='lat' dir='ltr'><strong>Colummrsem</strong></span> <span class='ocrx_word' id='word_1_522' title='bbox 845 3819 1000 3878; x_wconf 78' lang='lat' dir='ltr'><strong>enimenin</strong></span> <span class='ocrx_word' id='word_1_523' title='bbox 1023 3819 1176 3875; x_wconf 86' lang='lat' dir='ltr'><strong>schismate</strong></span> <span class='ocrx_word' id='word_1_524' title='bbox 1190 3833 1223 3873; x_wconf 91' lang='lat' dir='ltr'><strong>ac</strong></span> <span class='ocrx_word' id='word_1_525' title='bbox 1246 3815 1367 3872; x_wconf 89' lang='lat' dir='ltr'><strong>discidio</strong></span> <span class='ocrx_word' id='word_1_526' title='bbox 1390 3814 1541 3884; x_wconf 87' lang='lat' dir='ltr'><strong>contineri,</strong></span> <span class='ocrx_word' id='word_1_527' title='bbox 1556 3830 1645 3888; x_wconf 89' lang='lat' dir='ltr'><strong>quom</strong></span> <span class='ocrx_word' id='word_1_528' title='bbox 1664 3814 1695 3871; x_wconf 95' lang='lat' dir='ltr'><strong>in</strong></span> 
     </span>
     <span class='ocr_line' id='line_1_42' title="bbox 73 3904 1697 3983; baseline -0.004 -16"><span class='ocrx_word' id='word_1_529' title='bbox 73 3916 105 3967; x_wconf 89' lang='grc' dir='ltr'><strong>ιιι</strong></span> <span class='ocrx_word' id='word_1_530' title='bbox 119 3913 231 3981; x_wconf 81' lang='lat' dir='ltr'><strong>scripti:</strong></span> <span class='ocrx_word' id='word_1_531' title='bbox 250 3914 320 3967; x_wconf 81' lang='lat' dir='ltr'><strong>iuter</strong></span> <span class='ocrx_word' id='word_1_532' title='bbox 333 3927 361 3966; x_wconf 85' lang='lat' dir='ltr'><strong>se</strong></span> <span class='ocrx_word' id='word_1_533' title='bbox 379 3913 509 3979; x_wconf 73' lang='lat' dir='ltr'><strong>confectis</strong></span> <span class='ocrx_word' id='word_1_534' title='bbox 528 3915 660 3966; x_wconf 81' lang='lat' dir='ltr'><strong>tractetur</strong></span> <span class='ocrx_word' id='word_1_535' title='bbox 679 3914 791 3980; x_wconf 83' lang='lat' dir='ltr'><strong>qaeestio</strong></span> <span class='ocrx_word' id='word_1_536' title='bbox 845 3925 993 3983; x_wconf 80' lang='lat' dir='ltr'><strong>sacrorum</strong></span> <span class='ocrx_word' id='word_1_537' title='bbox 1007 3908 1139 3965; x_wconf 90' lang='lat' dir='ltr'><strong>codicum</strong></span> <span class='ocrx_word' id='word_1_538' title='bbox 1148 3905 1303 3963; x_wconf 86' lang='lat' dir='ltr'><strong>traditione</strong></span> <span class='ocrx_word' id='word_1_539' title='bbox 1314 3923 1322 3977; x_wconf 84' lang='lat'><em>3</em></span> <span class='ocrx_word' id='word_1_540' title='bbox 1334 3906 1411 3978; x_wconf 91' lang='lat' dir='ltr'><strong>quod</strong></span> <span class='ocrx_word' id='word_1_541' title='bbox 1425 3908 1522 3961; x_wconf 86' lang='lat' dir='ltr'><strong>tamen</strong></span> <span class='ocrx_word' id='word_1_542' title='bbox 1533 3920 1624 3961; x_wconf 90' lang='lat' dir='ltr'><strong>unum</strong></span> <span class='ocrx_word' id='word_1_543' title='bbox 1639 3904 1697 3961; x_wconf 82' lang='lat' dir='ltr'><strong>Cae·</strong></span> 
     </span>
     <span class='ocr_line' id='line_1_43' title="bbox 73 3993 1697 4070; baseline -0.005 -13"><span class='ocrx_word' id='word_1_544' title='bbox 73 4015 107 4057; x_wconf 84' lang='lat' dir='ltr'><strong>so</strong></span> <span class='ocrx_word' id='word_1_545' title='bbox 118 4002 283 4056; x_wconf 62' lang='lat' dir='ltr'><strong>schematis.</strong></span> <span class='ocrx_word' id='word_1_546' title='bbox 300 4004 317 4056; x_wconf 75' lang='grc' dir='ltr'><strong>ι</strong></span> <span class='ocrx_word' id='word_1_547' title='bbox 333 4004 371 4056; x_wconf 80' lang='grc' dir='ltr'><strong>ιιι</strong></span> <span class='ocrx_word' id='word_1_548' title='bbox 383 4000 477 4056; x_wconf 72' lang='lat' dir='ltr'><strong>eodm</strong></span> <span class='ocrx_word' id='word_1_549' title='bbox 492 4002 638 4070; x_wconf 78' lang='lat' dir='ltr'><strong>questione</strong></span> <span class='ocrx_word' id='word_1_550' title='bbox 651 4016 711 4056; x_wconf 80' lang='lat' dir='ltr'><strong>cem</strong></span> <span class='ocrx_word' id='word_1_551' title='bbox 725 4001 791 4058; x_wconf 86' lang='lat' dir='ltr'><strong>Clu·</strong></span> <span class='ocrx_word' id='word_1_552' title='bbox 845 3999 961 4067; x_wconf 89' lang='lat' dir='ltr'><strong>ciliano,</strong></span> <span class='ocrx_word' id='word_1_553' title='bbox 975 3999 1020 4054; x_wconf 82' lang='lat' dir='ltr'><strong>sel</strong></span> <span class='ocrx_word' id='word_1_554' title='bbox 1043 3998 1071 4054; x_wconf 90' lang='lat' dir='ltr'><strong>ei</strong></span> <span class='ocrx_word' id='word_1_555' title='bbox 1090 3996 1219 4070; x_wconf 88' lang='lat' dir='ltr'><strong>potiusa</strong></span> <span class='ocrx_word' id='word_1_556' title='bbox 1239 4011 1297 4068; x_wconf 91' lang='lat' dir='ltr'><strong>quo</strong></span> <span class='ocrx_word' id='word_1_557' title='bbox 1322 3994 1471 4051; x_wconf 89' lang='lat' dir='ltr'><strong>ordinatus</strong></span> <span class='ocrx_word' id='word_1_558' title='bbox 1492 3994 1596 4062; x_wconf 91' lang='lat' dir='ltr'><strong>fuerat,</strong></span> <span class='ocrx_word' id='word_1_559' title='bbox 1615 3993 1697 4049; x_wconf 91' lang='lat' dir='ltr'><strong>nulla</strong></span> 
     </span>
     <span class='ocr_line' id='line_1_44' title="bbox 77 4081 1695 4159; baseline -0.004 -16"><span class='ocrx_word' id='word_1_560' title='bbox 77 4103 130 4159; x_wconf 85' lang='lat' dir='ltr'><strong>per</strong></span> <span class='ocrx_word' id='word_1_561' title='bbox 143 4089 249 4143; x_wconf 81' lang='lat' dir='ltr'><strong>litterae</strong></span> <span class='ocrx_word' id='word_1_562' title='bbox 269 4087 306 4142; x_wconf 83' lang='lat' dir='ltr'><strong>od</strong></span> <span class='ocrx_word' id='word_1_563' title='bbox 319 4087 509 4144; x_wconf 82' lang='lat' dir='ltr'><strong>Noacetiouem</strong></span> <span class='ocrx_word' id='word_1_564' title='bbox 527 4091 613 4156; x_wconf 75' lang='lat' dir='ltr'><strong>opum</strong></span> <span class='ocrx_word' id='word_1_565' title='bbox 633 4087 753 4158; x_wconf 75' lang='lat' dir='ltr'><strong>Alypius</strong></span> <span class='ocrx_word' id='word_1_566' title='bbox 767 4093 793 4144; x_wconf 88' lang='lat' dir='ltr'><strong>et</strong></span> <span class='ocrx_word' id='word_1_567' title='bbox 845 4087 1077 4145; x_wconf 90' lang='lat' dir='ltr'><strong>testimoniorum</strong></span> <span class='ocrx_word' id='word_1_568' title='bbox 1097 4086 1155 4143; x_wconf 91' lang='lat' dir='ltr'><strong>flde</strong></span> <span class='ocrx_word' id='word_1_569' title='bbox 1182 4084 1225 4141; x_wconf 83' lang='lat' dir='ltr'><strong>vel</strong></span> <span class='ocrx_word' id='word_1_570' title='bbox 1255 4083 1422 4147; x_wconf 87' lang='lat' dir='ltr'><strong>auctoritate</strong></span> <span class='ocrx_word' id='word_1_571' title='bbox 1447 4081 1523 4147; x_wconf 85' lang='lat' dir='ltr'><strong>freti,</strong></span> <span class='ocrx_word' id='word_1_572' title='bbox 1540 4082 1695 4156; x_wconf 88' lang='lat' dir='ltr'><strong>exprobra·</strong></span> 
     </span>
     <span class='ocr_line' id='line_1_45' title="bbox 73 4170 1696 4251; baseline -0.004 -17"><span class='ocrx_word' id='word_1_573' title='bbox 73 4179 156 4234; x_wconf 75' lang='lat' dir='ltr'><strong>tissa</strong></span> <span class='ocrx_word' id='word_1_574' title='bbox 175 4181 190 4233; x_wconf 85' lang='lat'>3</span> <span class='ocrx_word' id='word_1_575' title='bbox 210 4179 259 4232; x_wconf 85' lang='lat' dir='ltr'><strong>llic</strong></span> <span class='ocrx_word' id='word_1_576' title='bbox 292 4177 446 4233; x_wconf 79' lang='lat' dir='ltr'><strong>Severinum</strong></span> <span class='ocrx_word' id='word_1_577' title='bbox 466 4177 692 4244; x_wconf 76' lang='lat' dir='ltr'><strong>consanguineum</strong></span> <span class='ocrx_word' id='word_1_578' title='bbox 713 4191 792 4232; x_wconf 84' lang='lat' dir='ltr'><strong>suum</strong></span> <span class='ocrx_word' id='word_1_579' title='bbox 845 4180 915 4236; x_wconf 88' lang='lat' dir='ltr'><strong>bant</strong></span> <span class='ocrx_word' id='word_1_580' title='bbox 929 4193 937 4234; x_wconf 78' lang='grc' dir='ltr'><strong>ι</strong></span> <span class='ocrx_word' id='word_1_581' title='bbox 950 4177 1134 4251; x_wconf 90' lang='lat' dir='ltr'><strong>itaquenullo</strong></span> <span class='ocrx_word' id='word_1_582' title='bbox 1149 4178 1231 4248; x_wconf 85' lang='lat' dir='ltr'><strong>paeto</strong></span> <span class='ocrx_word' id='word_1_583' title='bbox 1245 4173 1356 4230; x_wconf 90' lang='lat' dir='ltr'><strong>licitum</strong></span> <span class='ocrx_word' id='word_1_584' title='bbox 1366 4172 1423 4229; x_wconf 91' lang='lat' dir='ltr'><strong>illis</strong></span> <span class='ocrx_word' id='word_1_585' title='bbox 1437 4170 1534 4240; x_wconf 90' lang='lat' dir='ltr'><strong>fuisse,</strong></span> <span class='ocrx_word' id='word_1_586' title='bbox 1545 4174 1696 4244; x_wconf 88' lang='lat' dir='ltr'><strong>quantum·</strong></span> 
     </span>
     <span class='ocr_line' id='line_1_46' title="bbox 73 4258 1693 4336; baseline -0.005 -12"><span class='ocrx_word' id='word_1_587' title='bbox 73 4269 178 4324; x_wconf 74' lang='lat' dir='ltr'><strong>sirmate</strong></span> <span class='ocrx_word' id='word_1_588' title='bbox 200 4268 303 4336; x_wconf 84' lang='lat' dir='ltr'><strong>eripere</strong></span> <span class='ocrx_word' id='word_1_589' title='bbox 325 4265 425 4321; x_wconf 82' lang='lat' dir='ltr'><strong>studet.</strong></span> <span class='ocrx_word' id='word_1_590' title='bbox 441 4264 519 4320; x_wconf 72' lang='lat' dir='ltr'><strong>illd</strong></span> <span class='ocrx_word' id='word_1_591' title='bbox 540 4265 702 4322; x_wconf 79' lang='lat' dir='ltr'><strong>(tenerorum</strong></span> <span class='ocrx_word' id='word_1_592' title='bbox 719 4268 792 4321; x_wconf 82' lang='lat' dir='ltr'><strong>seri-</strong></span> <span class='ocrx_word' id='word_1_593' title='bbox 846 4268 887 4323; x_wconf 84' lang='lat' dir='ltr'><strong>ris</strong></span> <span class='ocrx_word' id='word_1_594' title='bbox 902 4282 969 4323; x_wconf 90' lang='lat' dir='ltr'><strong>reus</strong></span> <span class='ocrx_word' id='word_1_595' title='bbox 987 4265 1138 4322; x_wconf 83' lang='lat' dir='ltr'><strong>exstitisset</strong></span> <span class='ocrx_word' id='word_1_596' title='bbox 1157 4262 1336 4333; x_wconf 78' lang='lat' dir='ltr'><strong>cecilianus,</strong></span> <span class='ocrx_word' id='word_1_597' title='bbox 1360 4261 1396 4316; x_wconf 92' lang='lat' dir='ltr'><strong>ab</strong></span> <span class='ocrx_word' id='word_1_598' title='bbox 1411 4259 1534 4316; x_wconf 84' lang='lat' dir='ltr'><strong>Ecclesia</strong></span> <span class='ocrx_word' id='word_1_599' title='bbox 1552 4258 1693 4316; x_wconf 86' lang='lat' dir='ltr'><strong>secedere.</strong></span> 
     </span>
     <span class='ocr_line' id='line_1_47' title="bbox 83 4348 1694 4426; baseline -0.006 -13"><span class='ocrx_word' id='word_1_600' title='bbox 83 4356 168 4413; x_wconf 78' lang='lat' dir='ltr'><strong>illudi</strong></span> <span class='ocrx_word' id='word_1_601' title='bbox 186 4356 240 4412; x_wconf 83' lang='lat' dir='ltr'><strong>sibi</strong></span> <span class='ocrx_word' id='word_1_602' title='bbox 252 4356 379 4426; x_wconf 80' lang='lat' dir='ltr'><strong>potietur</strong></span> <span class='ocrx_word' id='word_1_603' title='bbox 391 4353 578 4424; x_wconf 74' lang='lat' dir='ltr'><strong>opresbptero</strong></span> <span class='ocrx_word' id='word_1_604' title='bbox 601 4353 719 4423; x_wconf 83' lang='lat' dir='ltr'><strong>quodum</strong></span> <span class='ocrx_word' id='word_1_605' title='bbox 738 4357 791 4410; x_wconf 84' lang='lat' dir='ltr'><strong>Do·</strong></span> <span class='ocrx_word' id='word_1_606' title='bbox 846 4359 924 4414; x_wconf 81' lang='lat' dir='ltr'><strong>llanc</strong></span> <span class='ocrx_word' id='word_1_607' title='bbox 944 4370 1006 4412; x_wconf 91' lang='lat' dir='ltr'><strong>rem</strong></span> <span class='ocrx_word' id='word_1_608' title='bbox 1023 4354 1100 4426; x_wconf 89' lang='lat' dir='ltr'><strong>ipsos</strong></span> <span class='ocrx_word' id='word_1_609' title='bbox 1121 4353 1280 4425; x_wconf 81' lang='lat' dir='ltr'><strong>agnovisse,</strong></span> <span class='ocrx_word' id='word_1_610' title='bbox 1302 4366 1366 4407; x_wconf 90' lang='lat' dir='ltr'><strong>cum</strong></span> <span class='ocrx_word' id='word_1_611' title='bbox 1386 4348 1560 4405; x_wconf 85' lang='lat' dir='ltr'><strong>Eelicianum</strong></span> <span class='ocrx_word' id='word_1_612' title='bbox 1574 4352 1605 4404; x_wconf 91' lang='lat' dir='ltr'><strong>et</strong></span> <span class='ocrx_word' id='word_1_613' title='bbox 1617 4348 1694 4405; x_wconf 77' lang='lat' dir='ltr'><strong>Prae·</strong></span> 
     </span>
     <span class='ocr_line' id='line_1_48' title="bbox 74 4438 1692 4517; baseline -0.009 -8"><span class='ocrx_word' id='word_1_614' title='bbox 74 4461 89 4503; x_wconf 73' lang='grc' dir='ltr'><strong>ι·</strong></span> <span class='ocrx_word' id='word_1_615' title='bbox 845 4449 995 4511; x_wconf 83' lang='grc' dir='ltr'><strong>ιιιιιιιιιιι,</strong></span> <span class='ocrx_word' id='word_1_616' title='bbox 1008 4460 1082 4517; x_wconf 91' lang='lat' dir='ltr'><strong>quos</strong></span> <span class='ocrx_word' id='word_1_617' title='bbox 1094 4448 1162 4499; x_wconf 89' lang='lat' dir='ltr'><strong>ante</strong></span> <span class='ocrx_word' id='word_1_618' title='bbox 1176 4439 1336 4498; x_wconf 84' lang='lat' dir='ltr'><strong>schismatis</strong></span> <span class='ocrx_word' id='word_1_619' title='bbox 1349 4438 1565 4509; x_wconf 78' lang='lat' dir='ltr'><strong>damnaverant,</strong></span> <span class='ocrx_word' id='word_1_620' title='bbox 1580 4441 1692 4494; x_wconf 83' lang='lat' dir='ltr'><strong>serrato</strong></span> 
     </span>
     <span class='ocr_line' id='line_1_49' title="bbox 74 4525 1695 4606; baseline -0.004 -17"><span class='ocrx_word' id='word_1_621' title='bbox 74 4533 193 4591; x_wconf 86' lang='lat' dir='ltr'><strong>efessam</strong></span> <span class='ocrx_word' id='word_1_622' title='bbox 205 4533 290 4589; x_wconf 89' lang='lat' dir='ltr'><strong>simul</strong></span> <span class='ocrx_word' id='word_1_623' title='bbox 304 4549 356 4605; x_wconf 91' lang='lat' dir='ltr'><strong>per</strong></span> <span class='ocrx_word' id='word_1_624' title='bbox 369 4532 396 4590; x_wconf 95' lang='lat' dir='ltr'><strong>id</strong></span> <span class='ocrx_word' id='word_1_625' title='bbox 408 4532 548 4604; x_wconf 88' lang='lat' dir='ltr'><strong>temporis</strong></span> <span class='ocrx_word' id='word_1_626' title='bbox 561 4530 646 4587; x_wconf 89' lang='lat' dir='ltr'><strong>dabat</strong></span> <span class='ocrx_word' id='word_1_627' title='bbox 661 4546 790 4603; x_wconf 90' lang='lat' dir='ltr'><strong>operam,</strong></span> <span class='ocrx_word' id='word_1_628' title='bbox 845 4534 954 4592; x_wconf 87' lang='lat' dir='ltr'><strong>eisdem</strong></span> <span class='ocrx_word' id='word_1_629' title='bbox 972 4532 1138 4606; x_wconf 88' lang='lat' dir='ltr'><strong>episcopatu</strong></span> <span class='ocrx_word' id='word_1_630' title='bbox 1160 4533 1353 4602; x_wconf 88' lang='lat' dir='ltr'><strong>receperunt:</strong></span> <span class='ocrx_word' id='word_1_631' title='bbox 1369 4531 1399 4583; x_wconf 87' lang='grc' dir='ltr'><strong>ιι</strong></span> <span class='ocrx_word' id='word_1_632' title='bbox 1421 4525 1565 4597; x_wconf 90' lang='lat' dir='ltr'><strong>siquidem</strong></span> <span class='ocrx_word' id='word_1_633' title='bbox 1582 4525 1627 4583; x_wconf 93' lang='lat' dir='ltr'><strong>illi</strong></span> <span class='ocrx_word' id='word_1_634' title='bbox 1639 4526 1695 4582; x_wconf 91' lang='lat' dir='ltr'><strong>hoc</strong></span> 
     </span>
     <span class='ocr_line' id='line_1_50' title="bbox 74 4611 1695 4690; baseline -0.006 -13"><span class='ocrx_word' id='word_1_635' title='bbox 74 4622 145 4679; x_wconf 70' lang='lat' dir='ltr'><strong>»lirae</strong></span> <span class='ocrx_word' id='word_1_636' title='bbox 167 4623 285 4677; x_wconf 85' lang='lat' dir='ltr'><strong>unitatis</strong></span> <span class='ocrx_word' id='word_1_637' title='bbox 311 4623 418 4678; x_wconf 91' lang='lat' dir='ltr'><strong>amicos</strong></span> <span class='ocrx_word' id='word_1_638' title='bbox 451 4621 616 4677; x_wconf 88' lang='lat' dir='ltr'><strong>conciliaret</strong></span> <span class='ocrx_word' id='word_1_639' title='bbox 644 4621 787 4675; x_wconf 78' lang='lat' dir='ltr'><strong>Ecclesia.</strong></span> <span class='ocrx_word' id='word_1_640' title='bbox 845 4622 951 4677; x_wconf 90' lang='lat' dir='ltr'><strong>scelere</strong></span> <span class='ocrx_word' id='word_1_641' title='bbox 969 4618 1140 4687; x_wconf 82' lang='lat' dir='ltr'><strong>vacaverint,</strong></span> <span class='ocrx_word' id='word_1_642' title='bbox 1160 4617 1284 4690; x_wconf 90' lang='lat' dir='ltr'><strong>potuisse</strong></span> <span class='ocrx_word' id='word_1_643' title='bbox 1303 4612 1406 4670; x_wconf 90' lang='lat' dir='ltr'><strong>itidem</strong></span> <span class='ocrx_word' id='word_1_644' title='bbox 1428 4611 1502 4681; x_wconf 83' lang='lat' dir='ltr'><strong>fleri,</strong></span> <span class='ocrx_word' id='word_1_645' title='bbox 1529 4617 1562 4668; x_wconf 91' lang='lat' dir='ltr'><strong>ut</strong></span> <span class='ocrx_word' id='word_1_646' title='bbox 1574 4611 1695 4684; x_wconf 88' lang='lat' dir='ltr'><strong>perinde</strong></span> 
     </span>
     <span class='ocr_line' id='line_1_51' title="bbox 74 4700 1696 4785; baseline -0.006 -18"><span class='ocrx_word' id='word_1_647' title='bbox 74 4716 200 4785; x_wconf 80' lang='lat' dir='ltr'><strong>spectem</strong></span> <span class='ocrx_word' id='word_1_648' title='bbox 214 4711 324 4783; x_wconf 88' lang='lat' dir='ltr'><strong>aliquot</strong></span> <span class='ocrx_word' id='word_1_649' title='bbox 339 4727 398 4767; x_wconf 92' lang='lat' dir='ltr'><strong>non</strong></span> <span class='ocrx_word' id='word_1_650' title='bbox 425 4726 519 4782; x_wconf 82' lang='lat' dir='ltr'><strong>praem</strong></span> <span class='ocrx_word' id='word_1_651' title='bbox 536 4708 621 4764; x_wconf 86' lang='lat' dir='ltr'><strong>molis</strong></span> <span class='ocrx_word' id='word_1_652' title='bbox 646 4708 792 4763; x_wconf 86' lang='lat' dir='ltr'><strong>volumina</strong></span> <span class='ocrx_word' id='word_1_653' title='bbox 844 4709 979 4783; x_wconf 92' lang='lat' dir='ltr'><strong>imposito</strong></span> <span class='ocrx_word' id='word_1_654' title='bbox 994 4708 1114 4765; x_wconf 91' lang='lat' dir='ltr'><strong>crimine</strong></span> <span class='ocrx_word' id='word_1_655' title='bbox 1128 4705 1251 4763; x_wconf 89' lang='lat' dir='ltr'><strong>caruerit</strong></span> <span class='ocrx_word' id='word_1_656' title='bbox 1264 4701 1450 4758; x_wconf 73' lang='lat' dir='ltr'><strong>cecilianus:</strong></span> <span class='ocrx_word' id='word_1_657' title='bbox 1466 4700 1543 4773; x_wconf 92' lang='lat' dir='ltr'><strong>ipsos</strong></span> <span class='ocrx_word' id='word_1_658' title='bbox 1556 4705 1696 4775; x_wconf 77' lang='lat' dir='ltr'><strong>praeterea</strong></span> 
     </span>
     <span class='ocr_line' id='line_1_52' title="bbox 74 4787 1694 4873; baseline -0.009 -15"><span class='ocrx_word' id='word_1_659' title='bbox 74 4816 142 4858; x_wconf 81' lang='lat' dir='ltr'><strong>tuuc</strong></span> <span class='ocrx_word' id='word_1_660' title='bbox 154 4801 248 4873; x_wconf 89' lang='lat' dir='ltr'><strong>ipsum</strong></span> <span class='ocrx_word' id='word_1_661' title='bbox 258 4816 365 4856; x_wconf 91' lang='lat' dir='ltr'><strong>annum</strong></span> <span class='ocrx_word' id='word_1_662' title='bbox 377 4797 695 4872; x_wconf 88' lang='lat' dir='ltr'><strong>quadringentesimum</strong></span> <span class='ocrx_word' id='word_1_663' title='bbox 703 4798 789 4866; x_wconf 89' lang='lat' dir='ltr'><strong>edita,</strong></span> <span class='ocrx_word' id='word_1_664' title='bbox 845 4815 897 4854; x_wconf 88' lang='lat' dir='ltr'><strong>sua</strong></span> <span class='ocrx_word' id='word_1_665' title='bbox 910 4814 976 4854; x_wconf 92' lang='lat' dir='ltr'><strong>cum</strong></span> <span class='ocrx_word' id='word_1_666' title='bbox 991 4794 1206 4855; x_wconf 69' lang='lat' dir='ltr'><strong>fleximlanistis</strong></span> <span class='ocrx_word' id='word_1_667' title='bbox 1225 4791 1329 4865; x_wconf 88' lang='lat' dir='ltr'><strong>agendi</strong></span> <span class='ocrx_word' id='word_1_668' title='bbox 1341 4790 1452 4847; x_wconf 84' lang='lat' dir='ltr'><strong>ratione</strong></span> <span class='ocrx_word' id='word_1_669' title='bbox 1474 4789 1571 4862; x_wconf 89' lang='lat' dir='ltr'><strong>palam</strong></span> <span class='ocrx_word' id='word_1_670' title='bbox 1584 4787 1694 4858; x_wconf 86' lang='lat' dir='ltr'><strong>fecisse,</strong></span> 
     </span>
     <span class='ocr_line' id='line_1_53' title="bbox 74 4877 1688 4961; baseline -0.009 -14"><span class='ocrx_word' id='word_1_671' title='bbox 74 4889 164 4947; x_wconf 80' lang='lat' dir='ltr'><strong>series</strong></span> <span class='ocrx_word' id='word_1_672' title='bbox 183 4890 329 4961; x_wconf 90' lang='lat' dir='ltr'><strong>epistolas.</strong></span> <span class='ocrx_word' id='word_1_673' title='bbox 345 4891 384 4945; x_wconf 84' lang='lat' dir='ltr'><strong>Ex</strong></span> <span class='ocrx_word' id='word_1_674' title='bbox 396 4888 442 4944; x_wconf 90' lang='lat' dir='ltr'><strong>bis</strong></span> <span class='ocrx_word' id='word_1_675' title='bbox 459 4888 523 4944; x_wconf 82' lang='lat' dir='ltr'><strong>duae</strong></span> <span class='ocrx_word' id='word_1_676' title='bbox 544 4891 610 4944; x_wconf 90' lang='lat' dir='ltr'><strong>suut</strong></span> <span class='ocrx_word' id='word_1_677' title='bbox 632 4887 669 4942; x_wconf 83' lang='lat' dir='ltr'><strong>ad</strong></span> <span class='ocrx_word' id='word_1_678' title='bbox 690 4886 792 4958; x_wconf 87' lang='lat' dir='ltr'><strong>Crispi·</strong></span> <span class='ocrx_word' id='word_1_679' title='bbox 846 4904 903 4944; x_wconf 89' lang='lat' dir='ltr'><strong>uon</strong></span> <span class='ocrx_word' id='word_1_680' title='bbox 912 4904 1012 4944; x_wconf 88' lang='lat' dir='ltr'><strong>omnes</strong></span> <span class='ocrx_word' id='word_1_681' title='bbox 1022 4887 1088 4959; x_wconf 85' lang='lat' dir='ltr'><strong>jure</strong></span> <span class='ocrx_word' id='word_1_682' title='bbox 1098 4881 1293 4949; x_wconf 85' lang='lat' dir='ltr'><strong>condemnari,</strong></span> <span class='ocrx_word' id='word_1_683' title='bbox 1306 4878 1436 4953; x_wconf 89' lang='lat' dir='ltr'><strong>aquibus</strong></span> <span class='ocrx_word' id='word_1_684' title='bbox 1443 4877 1494 4934; x_wconf 88' lang='lat' dir='ltr'><strong>alli</strong></span> <span class='ocrx_word' id='word_1_685' title='bbox 1508 4878 1688 4944; x_wconf 75' lang='lat' dir='ltr'><strong>divexentur,</strong></span> 
     </span>
     <span class='ocr_line' id='line_1_54' title="bbox 75 4966 1693 5053; baseline -0.008 -18"><span class='ocrx_word' id='word_1_686' title='bbox 75 4994 191 5053; x_wconf 88' lang='lat' dir='ltr'><strong>scopum</strong></span> <span class='ocrx_word' id='word_1_687' title='bbox 207 4979 374 5035; x_wconf 81' lang='lat' dir='ltr'><strong>Donatianae</strong></span> <span class='ocrx_word' id='word_1_688' title='bbox 390 4978 479 5050; x_wconf 89' lang='lat' dir='ltr'><strong>partis</strong></span> <span class='ocrx_word' id='word_1_689' title='bbox 494 4978 709 5034; x_wconf 85' lang='lat' dir='ltr'><strong>Culsmensem:</strong></span> <span class='ocrx_word' id='word_1_690' title='bbox 725 4993 792 5048; x_wconf 86' lang='lat' dir='ltr'><strong>qna·</strong></span> <span class='ocrx_word' id='word_1_691' title='bbox 845 4977 905 5032; x_wconf 92' lang='lat' dir='ltr'><strong>imo</strong></span> <span class='ocrx_word' id='word_1_692' title='bbox 913 4993 965 5033; x_wconf 93' lang='lat' dir='ltr'><strong>nec</strong></span> <span class='ocrx_word' id='word_1_693' title='bbox 974 4990 1089 5047; x_wconf 86' lang='lat' dir='ltr'><strong>semper</strong></span> <span class='ocrx_word' id='word_1_694' title='bbox 1097 4966 1693 5039; x_wconf 85' lang='lat' dir='ltr'><strong>necessumesse,eosomnesiternmeblui,</strong></span> 
     </span>
     <span class='ocr_line' id='line_1_55' title="bbox 75 5055 1691 5140; baseline -0.009 -15"><span class='ocrx_word' id='word_1_695' title='bbox 75 5084 101 5125; x_wconf 83' lang='grc' dir='ltr'><strong>ιι·</strong></span> <span class='ocrx_word' id='word_1_696' title='bbox 112 5084 180 5124; x_wconf 90' lang='lat' dir='ltr'><strong>cnm</strong></span> <span class='ocrx_word' id='word_1_697' title='bbox 194 5068 261 5124; x_wconf 89' lang='lat' dir='ltr'><strong>deta</strong></span> <span class='ocrx_word' id='word_1_698' title='bbox 272 5068 309 5123; x_wconf 89' lang='lat' dir='ltr'><strong>sit</strong></span> <span class='ocrx_word' id='word_1_699' title='bbox 329 5074 394 5140; x_wconf 90' lang='lat' dir='ltr'><strong>post</strong></span> <span class='ocrx_word' id='word_1_700' title='bbox 409 5067 505 5140; x_wconf 85' lang='lat' dir='ltr'><strong>Optati</strong></span> <span class='ocrx_word' id='word_1_701' title='bbox 520 5066 648 5139; x_wconf 87' lang='lat' dir='ltr'><strong>quidem,</strong></span> <span class='ocrx_word' id='word_1_702' title='bbox 663 5065 712 5121; x_wconf 88' lang='lat' dir='ltr'><strong>sed</strong></span> <span class='ocrx_word' id='word_1_703' title='bbox 726 5069 791 5121; x_wconf 88' lang='lat' dir='ltr'><strong>aute</strong></span> <span class='ocrx_word' id='word_1_704' title='bbox 846 5066 895 5139; x_wconf 87' lang='lat' dir='ltr'><strong>qui</strong></span> <span class='ocrx_word' id='word_1_705' title='bbox 907 5065 1081 5137; x_wconf 78' lang='lat' dir='ltr'><strong>baptismum</strong></span> <span class='ocrx_word' id='word_1_706' title='bbox 1093 5067 1278 5119; x_wconf 76' lang='lat' dir='ltr'><strong>extremmm</strong></span> <span class='ocrx_word' id='word_1_707' title='bbox 1289 5060 1340 5117; x_wconf 84' lang='lat' dir='ltr'><strong>llei</strong></span> <span class='ocrx_word' id='word_1_708' title='bbox 1348 5059 1500 5116; x_wconf 86' lang='lat' dir='ltr'><strong>Ecclesiam</strong></span> <span class='ocrx_word' id='word_1_709' title='bbox 1511 5055 1691 5129; x_wconf 86' lang='lat' dir='ltr'><strong>accepissent.</strong></span> 
     </span>
     <span class='ocr_line' id='line_1_56' title="bbox 75 5146 1693 5228; baseline -0.008 -16"><span class='ocrx_word' id='word_1_710' title='bbox 75 5156 102 5215; x_wconf 84' lang='lat' dir='ltr'><strong>ui</strong></span> <span class='ocrx_word' id='word_1_711' title='bbox 119 5156 241 5224; x_wconf 91' lang='lat' dir='ltr'><strong>obitum,</strong></span> <span class='ocrx_word' id='word_1_712' title='bbox 257 5173 314 5212; x_wconf 90' lang='lat' dir='ltr'><strong>non</strong></span> <span class='ocrx_word' id='word_1_713' title='bbox 329 5160 423 5228; x_wconf 90' lang='lat' dir='ltr'><strong>potest</strong></span> <span class='ocrx_word' id='word_1_714' title='bbox 442 5156 474 5210; x_wconf 93' lang='lat' dir='ltr'><strong>in</strong></span> <span class='ocrx_word' id='word_1_715' title='bbox 494 5155 550 5211; x_wconf 92' lang='lat' dir='ltr'><strong>alio</strong></span> <span class='ocrx_word' id='word_1_716' title='bbox 573 5155 631 5210; x_wconf 90' lang='lat' dir='ltr'><strong>ullo</strong></span> <span class='ocrx_word' id='word_1_717' title='bbox 661 5158 791 5226; x_wconf 88' lang='lat' dir='ltr'><strong>tempore</strong></span> <span class='ocrx_word' id='word_1_718' title='bbox 845 5155 983 5211; x_wconf 83' lang='lat' dir='ltr'><strong>stabilitis</strong></span> <span class='ocrx_word' id='word_1_719' title='bbox 1007 5154 1085 5210; x_wconf 87' lang='lat' dir='ltr'><strong>bisce</strong></span> <span class='ocrx_word' id='word_1_720' title='bbox 1099 5151 1250 5224; x_wconf 89' lang='lat' dir='ltr'><strong>capitibus,</strong></span> <span class='ocrx_word' id='word_1_721' title='bbox 1265 5150 1414 5223; x_wconf 90' lang='lat' dir='ltr'><strong>inquibus</strong></span> <span class='ocrx_word' id='word_1_722' title='bbox 1435 5146 1564 5205; x_wconf 75' lang='lat' dir='ltr'><strong>Ecclesia·</strong></span> <span class='ocrx_word' id='word_1_723' title='bbox 1588 5159 1620 5200; x_wconf 87' lang='lat' dir='ltr'><strong>ec</strong></span> <span class='ocrx_word' id='word_1_724' title='bbox 1640 5146 1693 5200; x_wconf 84' lang='lat' dir='ltr'><strong>flo-</strong></span> 
     </span>
     <span class='ocr_line' id='line_1_57' title="bbox 75 5233 1693 5317; baseline -0.011 -13"><span class='ocrx_word' id='word_1_725' title='bbox 75 5245 213 5305; x_wconf 77' lang='lat' dir='ltr'><strong>:ollocari</strong></span> <span class='ocrx_word' id='word_1_726' title='bbox 243 5246 315 5301; x_wconf 89' lang='lat' dir='ltr'><strong>Nam</strong></span> <span class='ocrx_word' id='word_1_727' title='bbox 335 5244 499 5302; x_wconf 82' lang='lat' dir='ltr'><strong>Praetexteti</strong></span> <span class='ocrx_word' id='word_1_728' title='bbox 517 5260 550 5301; x_wconf 88' lang='lat' dir='ltr'><strong>ec</strong></span> <span class='ocrx_word' id='word_1_729' title='bbox 572 5242 708 5301; x_wconf 87' lang='lat' dir='ltr'><strong>Feliciaui</strong></span> <span class='ocrx_word' id='word_1_730' title='bbox 728 5243 791 5317; x_wconf 87' lang='lat' dir='ltr'><strong>peri</strong></span> <span class='ocrx_word' id='word_1_731' title='bbox 844 5243 1014 5300; x_wconf 88' lang='lat' dir='ltr'><strong>natistamm</strong></span> <span class='ocrx_word' id='word_1_732' title='bbox 1036 5241 1228 5298; x_wconf 84' lang='lat' dir='ltr'><strong>controversia</strong></span> <span class='ocrx_word' id='word_1_733' title='bbox 1250 5243 1310 5297; x_wconf 88' lang='lat' dir='ltr'><strong>tota</strong></span> <span class='ocrx_word' id='word_1_734' title='bbox 1337 5236 1509 5305; x_wconf 80' lang='lat' dir='ltr'><strong>vertebatur,</strong></span> <span class='ocrx_word' id='word_1_735' title='bbox 1533 5233 1693 5305; x_wconf 89' lang='lat' dir='ltr'><strong>iisdemque</strong></span> 
     </span>
     <span class='ocr_line' id='line_1_58' title="bbox 75 5318 1694 5407; baseline -0.009 -14"><span class='ocrx_word' id='word_1_736' title='bbox 75 5335 155 5393; x_wconf 92' lang='lat' dir='ltr'><strong>nodo</strong></span> <span class='ocrx_word' id='word_1_737' title='bbox 170 5334 312 5402; x_wconf 90' lang='lat' dir='ltr'><strong>meminit,</strong></span> <span class='ocrx_word' id='word_1_738' title='bbox 329 5352 362 5391; x_wconf 91' lang='lat' dir='ltr'><strong>ac</strong></span> <span class='ocrx_word' id='word_1_739' title='bbox 386 5336 422 5392; x_wconf 91' lang='lat' dir='ltr'><strong>de</strong></span> <span class='ocrx_word' id='word_1_740' title='bbox 443 5340 576 5407; x_wconf 90' lang='lat' dir='ltr'><strong>utroque,</strong></span> <span class='ocrx_word' id='word_1_741' title='bbox 602 5333 681 5407; x_wconf 93' lang='lat' dir='ltr'><strong>quod</strong></span> <span class='ocrx_word' id='word_1_742' title='bbox 703 5333 790 5390; x_wconf 90' lang='lat' dir='ltr'><strong>etiam</strong></span> <span class='ocrx_word' id='word_1_743' title='bbox 844 5333 876 5389; x_wconf 91' lang='lat' dir='ltr'><strong>iu</strong></span> <span class='ocrx_word' id='word_1_744' title='bbox 889 5334 965 5388; x_wconf 89' lang='lat' dir='ltr'><strong>calce</strong></span> <span class='ocrx_word' id='word_1_745' title='bbox 988 5330 1117 5404; x_wconf 79' lang='lat' dir='ltr'><strong>epistole</strong></span> <span class='ocrx_word' id='word_1_746' title='bbox 1140 5328 1306 5387; x_wconf 89' lang='lat' dir='ltr'><strong>summatim</strong></span> <span class='ocrx_word' id='word_1_747' title='bbox 1320 5325 1454 5392; x_wconf 90' lang='lat' dir='ltr'><strong>collectis,</strong></span> <span class='ocrx_word' id='word_1_748' title='bbox 1471 5318 1634 5394; x_wconf 90' lang='lat' dir='ltr'><strong>Crispinum</strong></span> <span class='ocrx_word' id='word_1_749' title='bbox 1648 5321 1694 5378; x_wconf 93' lang='lat' dir='ltr'><strong>ob·</strong></span> 
     </span>
    </p>
   </div>
   <div class='ocr_carea' id='block_1_3' title="bbox 76 5407 1693 5581">
    <p class='ocr_par' dir='ltr' id='par_1_4' title="bbox 76 5407 1693 5581">
     <span class='ocr_line' id='line_1_59' title="bbox 76 5407 1692 5495; baseline -0.009 -17"><span class='ocrx_word' id='word_1_750' title='bbox 76 5423 170 5480; x_wconf 80' lang='lat' dir='ltr'><strong>‚lidius</strong></span> <span class='ocrx_word' id='word_1_751' title='bbox 183 5427 236 5494; x_wconf 90' lang='lat' dir='ltr'><strong>est,</strong></span> <span class='ocrx_word' id='word_1_752' title='bbox 250 5422 282 5478; x_wconf 90' lang='lat' dir='ltr'><strong>in</strong></span> <span class='ocrx_word' id='word_1_753' title='bbox 303 5423 364 5479; x_wconf 81' lang='lat' dir='ltr'><strong>haec</strong></span> <span class='ocrx_word' id='word_1_754' title='bbox 385 5421 625 5495; x_wconf 64' lang='lat' dir='ltr'><strong>rerbaloqnitur:</strong></span> <span class='ocrx_word' id='word_1_755' title='bbox 645 5423 789 5493; x_wconf 71' lang='lat' dir='ltr'><strong>Quotquot,</strong></span> <span class='ocrx_word' id='word_1_756' title='bbox 845 5423 975 5486; x_wconf 88' lang='lat' dir='ltr'><strong>testatur,</strong></span> <span class='ocrx_word' id='word_1_757' title='bbox 999 5423 1032 5475; x_wconf 89' lang='lat' dir='ltr'><strong>ut</strong></span> <span class='ocrx_word' id='word_1_758' title='bbox 1051 5417 1242 5490; x_wconf 58' lang='lat' dir='ltr'><strong>respondean</strong></span> <span class='ocrx_word' id='word_1_759' title='bbox 1266 5419 1304 5483; x_wconf 87' lang='lat' dir='ltr'><strong>et,</strong></span> <span class='ocrx_word' id='word_1_760' title='bbox 1329 5413 1472 5486; x_wconf 91' lang='lat' dir='ltr'><strong>siquidem</strong></span> <span class='ocrx_word' id='word_1_761' title='bbox 1495 5408 1568 5465; x_wconf 93' lang='lat' dir='ltr'><strong>illud</strong></span> <span class='ocrx_word' id='word_1_762' title='bbox 1591 5407 1692 5480; x_wconf 89' lang='lat' dir='ltr'><strong>possit,</strong></span> 
     </span>
     <span class='ocr_line' id='line_1_60' title="bbox 76 5498 1693 5581; baseline -0.011 -10"><span class='ocrx_word' id='word_1_763' title='bbox 76 5515 227 5581; x_wconf 69' lang='lat' dir='ltr'><strong>timaeus,</strong></span> <span class='ocrx_word' id='word_1_764' title='bbox 251 5527 294 5571; x_wconf 80' lang='lat' dir='ltr'><strong>eos</strong></span> <span class='ocrx_word' id='word_1_765' title='bbox 315 5528 384 5570; x_wconf 82' lang='lat' dir='ltr'><strong>nuuc</strong></span> <span class='ocrx_word' id='word_1_766' title='bbox 411 5528 501 5570; x_wconf 72' lang='lat' dir='ltr'><strong>mum</strong></span> <span class='ocrx_word' id='word_1_767' title='bbox 518 5526 551 5568; x_wconf 86' lang='lat' dir='ltr'><strong>oc</strong></span> <span class='ocrx_word' id='word_1_768' title='bbox 572 5510 711 5568; x_wconf 70' lang='lat' dir='ltr'><strong>sebasan</strong></span> <span class='ocrx_word' id='word_1_769' title='bbox 740 5511 791 5567; x_wconf 80' lang='lat' dir='ltr'><strong>to·</strong></span> <span class='ocrx_word' id='word_1_770' title='bbox 845 5508 978 5566; x_wconf 89' lang='lat' dir='ltr'><strong>ostendat</strong></span> <span class='ocrx_word' id='word_1_771' title='bbox 995 5508 1039 5565; x_wconf 85' lang='lat' dir='ltr'><strong>rel</strong></span> <span class='ocrx_word' id='word_1_772' title='bbox 1062 5507 1237 5565; x_wconf 78' lang='lat' dir='ltr'><strong>levissimam</strong></span> <span class='ocrx_word' id='word_1_773' title='bbox 1260 5500 1437 5562; x_wconf 79' lang='lat' dir='ltr'><strong>difficultatis</strong></span> <span class='ocrx_word' id='word_1_774' title='bbox 1457 5498 1599 5568; x_wconf 82' lang='lat' dir='ltr'><strong>umbram,</strong></span> <span class='ocrx_word' id='word_1_775' title='bbox 1627 5513 1693 5573; x_wconf 79' lang='lat' dir='ltr'><strong>qum</strong></span> 
     </span>
    </p>
   </div>
   <div class='ocr_carea' id='block_1_4' title="bbox 0 0 1951 6112">
    <p class='ocr_par' dir='ltr' id='par_1_5' title="bbox 0 0 1951 6112">
     <span class='ocr_line' id='line_1_61' title="bbox 0 0 1951 6112; baseline 0 0"><span class='ocrx_word' id='word_1_776' title='bbox 0 0 1951 6112; x_wconf 95' lang='lat' dir='ltr'><strong> </strong></span> 
     </span>
    </p>
   </div>
  </div>
 </body>
</html>
