3884 6112
1712 186 1721 214 Ι

94 247 141 300 547
709 235 790 290 vnn
809 235 836 289 S.
857 232 1044 288 nuausrutt
1065 230 1231 286 EPlSCOPl.
1805 232 1854 286 ete

94 370 245 432 humanas,
261 368 292 418 ut
315 363 364 431 ait,
380 360 566 432 cogitationes
581 375 632 430 pro
657 359 778 412 caelestis
793 361 821 411 et
840 357 943 410 divinae

94 455 193 527 gratiae
216 453 353 507 charitate
377 454 506 505 certaret.
529 451 599 504 lVam
623 449 669 504 ille
694 448 753 520 ips'c
777 447 944 515 monachus,

94 544 175 614 cujus
198 543 293 597 animo
318 543 480 595 occurrerat
511 538 652 610 ejusmodi
682 537 826 607 cogitatio,
852 534 945 606 potuit

94 636 171 688 recto
186 631 217 686 iu
234 632 324 685 Deum
344 628 428 684 eorde
441 645 497 683 non
513 627 639 681 abaliud
656 632 783 680 mentem
798 626 832 679 de
848 625 899 678 bac
914 640 944 677 re

95 738 177 777 suam
192 719 314 790 aperire,
329 718 385 772 nisi
401 721 431 771 ut
446 717 530 770 istum
546 731 661 787 quoqne
676 715 781 769 nodum
794 713 944 768 solertissi·

94 825 159 863 mus
182 824 214 861 ac
239 804 497 878 perspicacissimus
528 803 627 874 gratiae
655 803 757 856 Ductor
780 801 943 871 explicaret.

95 896 234 967 Explicuit
250 911 317 949 saue
333 910 473 965 perquam
494 892 648 963 diligenter
667 891 717 946 uei
732 891 844 961 adjutus
865 907 944 944 reve·

94 986 213 1046 latione:
231 1000 287 1055 quo
303 983 334 1037 lit
349 987 453 1036 utnon
469 981 577 1052 injuria
591 981 696 1035 librum
717 996 801 1034 suum
818 980 873 1033 lroc
888 979 944 1032 liue

93 1073 242 1127 concludat
258 1089 264 1126 :
283 1072 348 1138 Quae
362 1087 421 1124 cum
437 1075 475 1124 ita
490 1073 555 1136 sint,
577 1086 623 1124 nec
637 1068 729 1138 qratia
745 1068 871 1137 prohibet
885 1083 944 1122 car·

92 1165 250 1232 reptionem,
266 1177 312 1214 nec
336 1162 469 1229 correptio
488 1163 569 1226 alequi
582 1162 721 1226 qratiam:
736 1163 760 1212 et
775 1158 834 1211 ideo
848 1159 887 1210 sic
905 1162 945 1211 cst

90 1250 275 1320 precipienda
287 1249 410 1318 justitia,
423 1254 452 1301 nt
468 1251 549 1302 aDeo
564 1250 663 1315 qratia,
679 1263 734 1315 qua
749 1247 779 1300 id
793 1246 865 1311 quoti
876 1262 945 1315 pra-

91 1342 193 1409 cipitur
215 1341 274 1407 put,
290 1336 367 1407 fideti
388 1338 508 1390 oratione
523 1339 663 1404 poscatur,
684 1338 709 1389 et
731 1334 777 1388 troc
802 1340 944 1403 utrumque

91 1430 132 1482 ita
153 1426 312 1494 samaritum
333 1429 528 1492 aeterneque
543 1424 622 1493 justa
636 1425 768 1493 correptio
790 1425 944 1492 neptiputur

92 1518 138 1585 (lte
162 1514 336 1583 correptione
359 1518 383 1567 ct
407 1513 513 1578 Gratia,
534 1529 563 1566 n.
587 1514 641 1582 49).
659 1512 709 1567 llic
733 1512 849 1583 quidem
872 1512 945 1566 liber

92 1620 196 1674 parvus
220 1604 297 1657 mole
321 1606 372 1668 est,
390 1602 439 1656 sed
461 1600 589 1655 doctrina
613 1601 769 1667 marimus;
785 1604 860 1654 totus
885 1616 944 1670 my-

91 1692 184 1746 steriis
200 1691 331 1755 refertus,
344 1690 507 1744 universam
521 1689 624 1744 divinas
640 1689 739 1759 gratiae
752 1688 943 1745 oeconomiam

92 1781 180 1837 oculis
204 1779 328 1851 subjicit,
347 1784 377 1834 ut
395 1781 459 1851 jure
483 1779 586 1834 merito
606 1795 710 1833 aureus
732 1795 749 1832 a
773 1777 943 1834 doctissimis

92 1866 941 1941 nuncupetur.quqnidem,eminentissimivirirerbasunt,

91 1961 161 2015 lianc
177 1959 276 2014 tibrum
291 1960 360 2014 soleo
375 1959 514 2028 appellare
528 1959 637 2025 clarem,
656 1974 711 2026 qua
730 1957 768 2011 ad
789 1959 943 2039 altinensem

91 2051 243 2118 Anqustim'
257 2048 399 2102 dedistne
414 2049 504 2115 qratia
519 2052 544 2101 et
563 2047 646 2101 libero
661 2048 779 2101 aabitrio
791 2047 943 2101 doctrinam

91 2135 184 2191 aditus
200 2137 323 2204 aperitur
337 2133 438 2204 (Neris,
456 2135 581 2187 Historia
592 2134 684 2201 Petoq.
697 2132 744 2186 tib.
763 2136 788 2200 l,
801 2148 861 2201 cap.
877 2132 921 2202 23)
935 2152 942 2199 3

90 2240 177 2296 quem
197 2239 264 2276 sane
287 2221 393 2276 librum
418 2225 530 2274 sanctus
552 2222 675 2290 Prosper
697 2220 798 2274 merite
824 2222 942 2290 plenum

90 2311 193 2367 divinae
209 2309 384 2364 auctoritatis
400 2308 429 2362 in
445 2308 565 2379 epistole
580 2309 615 2363 ad
629 2308 822 2379 augustinum
835 2326 943 2364 nuncu·

90 2400 168 2471 perit
182 2399 279 2470 (Apud
291 2398 486 2465 Anqustinum,
503 2399 592 2466 Epist.
607 2399 669 2460 225,
686 2412 714 2452 n.
727 2399 764 2467 tl.

422 2486 534 2540 CAPL'T
553 2485 610 2539 Vll.

93 2581 102 2630 l
117 2577 217 2632 Contra
227 2575 368 2644 Pelaqiaui
380 2578 479 2629 erroris
489 2576 620 2642 reliquias
631 2576 659 2627 in
671 2575 758 2629 Vitali
765 2574 942 2644 deprenensus

28 2655 32 2664 Χ
126 2667 297 2734 Anqustinus
309 2667 426 2732 puqnat,
442 2668 466 2717 et
481 2665 627 2717 sententias
650 2663 788 2729 depretia
803 2664 942 2719 duodecim

123 2756 237 2824 profert.
253 2756 270 2807 2
284 2753 440 2807 Palatinum
455 2755 553 2817 monet,
567 2752 712 2822 petendum
735 2769 753 2806 a
775 2755 827 2807 ltro
847 2756 942 2820 qratia

126 2843 294 2912 ‹rdjutorium
309 2842 346 2896 ad
358 2840 588 2911 perseuerandum
599 2843 628 2895 in
642 2840 717 2895 barro.
734 2843 749 2895 3
763 2842 873 2910 leporii
883 2857 942 2897 con-

127 2937 171 2987 tra
189 2932 270 3003 fidem
292 2931 492 2986 liecurnationis
511 2933 536 2983 et
557 2932 654 2998 qratia
672 2945 775 2984 errores
793 2932 822 2984 in
844 2932 941 2987 Galliis

17 3050 23 3058 ‚
127 3021 336 3075 damnanturl
358 3020 405 3075 Aa
424 3034 519 3073 sartam
542 3019 621 3087 adun
644 3023 785 3073 reuocetur
808 3020 941 3088 leporius

128 3124 209 3178 opera
234 3109 394 3177 Auqustini.
418 3109 433 3160 5
458 3108 509 3160 llic
533 3107 700 3161 recensendis
726 3109 781 3161 suis
805 3109 940 3176 opusculis

127 3195 266 3256 incumbit.
283 3197 299 3248 b
315 3195 456 3264 Speculum
471 3209 505 3248 ea
518 3196 650 3249 universe
662 3195 811 3265 Scriptura
826 3195 889 3248 locis
904 3195 941 3248 ad

125 3283 332 3349 corriormandos
356 3283 398 3337 cet
426 3282 604 3337 emendandos
627 3298 712 3338 mores
737 3283 840 3337 idoneis
865 3285 941 3336 insti·

127 3375 188 3428 ruit.

126 3466 150 3518 l.
166 3460 245 3516 Circa
265 3459 453 3532 quaestionem
470 3461 505 3516 de
529 3460 620 3532 gratia
635 3460 686 3515 uei
708 3465 735 3514 et
751 3460 841 3514 libero
862 3460 940 3515 arbi-

88 3550 144 3605 trio
158 3549 305 3605 laborabat
320 3549 417 3603 Vitalis
433 3549 561 3621 quidam,
573 3548 692 3619 perinde
708 3551 793 3619 atque
808 3549 940 3603 monachi

88 3632 322 3691 Adrumetenses.
342 3636 390 3690 Vir
404 3636 452 3692 illa
468 3636 496 3690 in
512 3637 729 3708 Carthaginensi
744 3637 865 3692 Ecclesia
878 3654 940 3709 eru·

87 3720 164 3776 ditus
188 3726 286 3793 [Epist.
308 3727 370 3792 etr,
395 3741 422 3779 n.
439 3728 479 3794 t),
496 3742 526 3779 ac
549 3725 614 3779 vitae
636 3725 756 3780 forsitan
779 3743 883 3798 genere
909 3744 940 3781 ac

88 3809 264 3881 professione
287 3813 443 3867 monachus
458 3818 536 3881 erat;
553 3814 588 3867 ob
603 3813 690 3883 idque
706 3830 765 3868 nen
782 3815 838 3869 alia
853 3832 938 3887 quani

89 3896 185 3951 fratris
196 3896 387 3968 appellatione
398 3899 550 3955 decoratur
563 3901 598 3955 ab
608 3901 768 3972 Augustino
778 3922 785 3970 3
795 3903 845 3974 qui
854 3904 939 3958 etiam

91 3988 120 4038 ut
134 3985 171 4039 ad
181 3985 255 4040 servi
265 3986 325 4054 Dei,
338 3986 383 4042 cui
396 3988 518 4043 salutem
528 3989 606 4057 dicit,
619 4006 679 4044 sese
692 3991 809 4045 modum
822 4008 939 4062 compo·

88 4078 148 4144 nat,
163 4073 334 4146 sibimetipsi
349 4092 429 4131 servo
444 4076 546 4132 Christi
567 4094 598 4132 ac
610 4094 663 4149 per
676 4078 770 4150 ipsum
784 4096 865 4135 serso
879 4097 938 4135 ser·

88 4179 189 4219 rorum
200 4164 411 4236 ipsiuslitnlum
421 4166 518 4221 sumit.
529 4167 940 4239 lllumquidemnoncredebar

87 4253 254 4309 hereticum
277 4271 337 4309 esse
362 4255 564 4326 Pelagiauum3
593 4256 641 4312 sed
665 4267 724 4312 tam
750 4257 939 4319 orthodoxum

88 4356 148 4395 esse
164 4342 288 4413 volebat,
300 4347 332 4398 ut
345 4342 417 4397 nihil
432 4342 514 4398 istius
529 4344 564 4399 ad
581 4345 676 4415 ipsum
688 4346 833 4413 transiret,
848 4347 891 4401 rel
909 4346 939 4401 in

87 4429 150 4500 ipso
176 4431 390 4503 relmqueretur
417 4432 523 4487 erroris
541 4433 636 4505 (leid,
656 4450 685 4488 n.
714 4436 768 4505 25).
794 4435 939 4507 Pelagiani

88 4520 188 4587 quippe
202 4523 293 4574 omnia
314 4521 351 4575 ad
364 4519 471 4592 fitetem
483 4524 614 4592 piamque
627 4524 712 4577 uitem
731 4524 868 4578 bominum
878 4541 940 4594 per·

88 4608 203 4660 tinentia
217 4611 258 4662 ita
273 4610 407 4680 tribuunt,
423 4610 517 4682 inquit
535 4615 649 4665 sanctus
669 4611 782 4680 lloctor,
798 4613 879 4667 libero
893 4628 938 4667 ao-

88 4695 201 4750 tuntatis
222 4696 395 4768 arbitrium
414 4700 539 4756 babendo
562 4716 595 4754 eu
618 4700 706 4763 notis,
721 4716 774 4755 non
793 4717 810 4755 a
832 4704 939 4757 Domino

84 4788 183 4854 putent
197 4800 252 4839 esse
267 4788 420 4854 poscenda:
438 4795 467 4844 tu
481 4794 581 4856 autem,
597 4791 623 4845 si
636 4806 667 4845 eu
688 4807 747 4861 qne
769 4791 802 4845 de
817 4796 841 4845 te
856 4792 938 4847 (tuitio

85 4888 149 4928 uero
159 4879 234 4939 snat,
242 4874 351 4929 initium
360 4876 434 4945 fidei,
441 4878 489 4933 uti
497 4884 536 4934 est
545 4882 626 4934 etiam
635 4881 746 4935 initium
757 4874 939 4950 benediceret

85 4965 139 5032 piae
159 4963 388 5029 voluntatatem
409 4967 451 5019 ais
473 4965 573 5021 donam
597 4981 652 5022 esse
669 4969 732 5032 Dei;
750 4967 797 5022 sed
811 4984 844 5022 ea
862 4969 938 5024 notis

84 5066 132 5107 nos
145 5050 243 5106 tabere
256 5050 394 5105 contendis
413 5057 444 5107 ut
457 5055 563 5109 credere
575 5057 738 5125 incipiamus
757 5073 762 5110 :
779 5061 875 5111 catera
887 5073 939 5111 au-

87 5145 138 5195 tem
150 5141 283 5207 reliqiosae
294 5139 357 5192 uite
372 5136 441 5192 tona
454 5141 538 5196 licum
547 5158 598 5211 per
611 5145 732 5210 qratiam
742 5159 821 5199 suam
830 5144 890 5213 jum
902 5161 936 5199 aa

84 5231 137 5299 pde
145 5229 310 5301 petentibus,
328 5229 521 5297 querentibus,
536 5232 708 5300 pulsantibus
721 5232 822 5288 donare
832 5249 939 5288 censen-

87 5320 122 5372 tis
135 5318 226 5388 (leid,
237 5334 265 5373 n.
276 5317 331 5388 ιθ).
347 5313 444 5370 Vitatis
455 5332 522 5387 ergo
533 5316 642 5374 divinas
654 5320 838 5376 auctoritates
848 5320 938 5376 errori

85 5420 136 5458 suo
158 5407 314 5462 contrarias
335 5404 391 5460 alio
410 5403 610 5478 detorquebat,
626 5423 662 5462 ne
683 5424 718 5464 ex
737 5409 794 5464 illis
815 5410 937 5480 gratiam

85 5492 136 5547 Dei
151 5493 184 5550 ad
196 5494 309 5552 initium
321 5510 437 5567 quoque
450 5493 518 5550 lldei
530 5511 561 5550 uc
573 5495 628 5565 pice
638 5496 792 5553 voluntatis
803 5514 934 5554 necessa·

1001 356 1074 410 riam
1084 371 1144 409 esse
1153 356 1304 408 constaret.
1318 353 1388 407 Nam
1395 351 1429 406 ad
1441 351 1511 407 illud
1518 352 1660 424 Apostoli,
1675 354 1748 407 Deus
1758 358 1800 407 est
1810 356 1855 421 qai

1000 449 1128 513 operatur
1141 445 1171 497 iu
1185 441 1260 496 cotis
1275 447 1301 495 et
1314 442 1381 496 nette
1394 445 1419 496 el
1431 440 1561 512 perficere
1568 441 1699 512 (Philipp.
1708 458 1739 509 n,
1751 443 1855 512 13),ιο-

999 533 1167 604 spondebat,
1183 548 1235 603 per
1245 532 1338 602 legem
1348 546 1441 596 suam,
1453 545 1504 601 per
1514 529 1752 602 Scripturassuaa
1765 531 1855 586 Deam

1000 621 1113 692 operari
1130 625 1161 676 ut
1173 620 1303 687 velimus,
1315 636 1387 691 squas
1398 620 1439 674 vel
1454 619 1578 692 legimus
1587 621 1631 675 rel
1643 619 1799 687 audimus,
1809 622 1856 676 ael

999 711 1040 765 eis
1056 710 1217 765 consentire
1227 709 1271 764 vel
1286 725 1342 763 non
1358 709 1530 776 consentire,
1543 709 1582 764 ita
1594 713 1728 764 uestrum
1740 724 1817 776 ease,
1826 715 1857 765 ut

1000 800 1023 853 si
1034 799 1155 853 velimus
1167 800 1225 864 liat,
1242 800 1266 853 si
1280 803 1377 853 autern
1388 798 1523 863 uelimus,
1536 798 1743 853 nihiliunobis
1754 815 1855 870 opera·

1000 889 1108 945 tionem
1120 888 1170 943 llci
1182 889 1273 942 valere
1285 887 1422 945 faciamus
1431 888 1598 958 (Epist‘tti.
1608 904 1637 943 a.
1652 889 1688 959 tl.
1705 888 1764 943 Nec
1776 904 1855 943 secus

999 978 1241 1049 interpretabatur
1264 977 1528 1049 Psalmographum
1555 976 1662 1031 idcirco
1678 975 1790 1032 dictum
1804 993 1853 1049 pu·

999 1070 1071 1132 tans,
1088 1083 1201 1137 gressus
1216 1066 1341 1121 hominis
1365 1065 1450 1136 dirigi
1465 1083 1482 1120 a
1496 1065 1630 1134 Domino,
1653 1071 1687 1121 ut
1702 1065 1782 1121 riam
1798 1065 1853 1137 ejus

998 1156 1065 1211 rclil
1079 1153 1162 1226 (l'sat.
1179 1173 1266 1223 xxxrr,
1282 1157 1346 1224 23);
1367 1155 1436 1226 (pria
1452 1155 1514 1226 ejus
1529 1155 1704 1223 doctrinam,
1720 1154 1849 1211 suasione

999 1245 1186 1317 praecedente,
1203 1244 1395 1314 subsequente
1411 1244 1598 1300 consensione
1613 1247 1761 1312 sectatur,
1780 1246 1850 1317 quod

998 1335 1130 1388 libertate
1146 1331 1270 1387 natiuali
1286 1331 1310 1386 si
1324 1333 1385 1386 vult
1402 1331 1479 1398 lacit,
1495 1332 1518 1385 si
1534 1333 1672 1388 nonnuli
1698 1348 1760 1388 neu
1780 1331 1849 1401 facit,

998 1439 1051 1493 pro
1076 1438 1109 1476 eo
1137 1421 1213 1493 qued
1228 1420 1337 1487 lecerit,
1363 1421 1517 1492 praemium
1531 1421 1575 1476 vel
1590 1419 1770 1493 supplicium
1783 1438 1850 1477 reee-

998 1515 1110 1581 pturus.
1135 1510 1177 1565 nd
1203 1509 1337 1564 cumdem
1352 1510 1482 1573 modum,
1503 1526 1555 1581 per
1578 1511 1674 1580 legem
1694 1510 1749 1565 Dei
1770 1515 1850 1584 atqua

999 1598 1157 1653 doctrinam
1165 1598 1376 1670 Scripturarum
1392 1597 1617 1660 lieridicebatur.
1628 1598 1848 1670 quodscriptuu

998 1692 1052 1755 est,
1074 1689 1251 1758 Praeparetur
1264 1688 1389 1742 noluntas
1413 1688 1559 1743 aDamino
1580 1688 1675 1757 (Pron.
1698 1704 1761 1756 vni,
1788 1689 1846 1758 ¹5)²

998 1793 1030 1831 ac
1055 1792 1114 1830 non
1147 1793 1200 1847 per
1232 1776 1371 1830 occultam
1399 1775 1617 1848 inspirationem
1653 1775 1758 1847 gratim
1795 1777 1845 1832 [lei.

998 1866 1102 1919 Contra
1117 1864 1194 1919 huuc
1215 1864 1312 1919 Vitatis
1333 1881 1459 1918 errorem
1483 1864 1662 1936 Augustinus
1681 1863 1714 1920 in
1734 1864 1848 1935 epistola

997 1953 1110 2008 circiter
1124 1953 1178 2007 hoc
1194 1958 1307 2024 tempus
1322 1953 1357 2008 ad
1373 1970 1440 2008 eum
1454 1953 1559 2024 scripta
1571 1953 1682 2023 prefert
1696 1970 1847 2025 argumen-

997 2047 1059 2096 tum
1074 2058 1108 2096 ex
1123 2042 1255 2112 precibus
1273 2041 1413 2106 Ecclesiae,
1427 2041 1536 2112 judicio
1552 2058 1613 2109 suo,
1630 2057 1664 2096 ae
1684 2058 1718 2096 re
1739 2058 1847 2115 quoque

996 2130 1069 2201 ipsa,
1085 2147 1224 2201 perquam
1238 2130 1374 2194 validum,
1386 2135 1414 2185 et
1428 2130 1633 2202 persuadendae
1644 2131 1761 2186 veritati
1775 2131 1847 2187 ratde

997 2221 1145 2275 idoneum.
1165 2220 1286 2275 Ecclesia
1301 2221 1407 2293 quippe
1426 2225 1454 2274 et
1468 2237 1521 2291 pro
1536 2220 1705 2275 inlidelibus
1720 2224 1802 2292 rogat
1819 2226 1847 2277 ut

998 2313 1212 2376 convertantur,
1235 2312 1264 2364 et
1277 2325 1330 2379 pro
1350 2308 1452 2364 iisdem
1467 2309 1609 2363 conversis
1628 2309 1665 2365 ad
1684 2308 1774 2364 fldem
1788 2324 1845 2381 gra·

998 2397 1052 2451 tias
1066 2397 1144 2468 agit;
1163 2397 1405 2468 quemadmodum
1421 2401 1449 2452 et
1459 2413 1510 2468 pro
1526 2396 1595 2468 ipsis
1609 2396 1748 2452 fidelibus
1762 2397 1846 2453 licum

995 2492 1140 2556 precatur,
1158 2491 1189 2541 ut
1210 2486 1239 2540 in
1261 2487 1389 2557 eoquod
1410 2502 1472 2541 esse
1487 2488 1635 2557 coeperunt
1650 2485 1714 2556 ejus
1735 2502 1846 2542 munere

996 2578 1189 2644 perseverent.
1205 2575 1304 2644 Atqui,
1321 2575 1371 2640 ait,
1393 2576 1448 2629 trac
1471 2577 1614 2631 altamira
1639 2575 1777 2645 poscenda
1798 2592 1847 2631 esse

996 2679 1049 2717 non
1060 2666 1152 2718 rentas
1165 2681 1171 2730 ;
1186 2664 1254 2731 quid
1267 2667 1361 2729 restat,
1377 2666 1467 2729 trater
1479 2664 1587 2731 Vitatis,
1603 2665 1662 2717 nisi
1671 2666 1705 2717 ut
1715 2663 1750 2718 ab
1762 2664 1808 2718 ille
1819 2678 1847 2718 ea

996 2750 1095 2805 (tortari
1116 2753 1244 2819 sarteas-is,
1260 2768 1277 2806 ιι
1292 2768 1344 2821 quo
1363 2751 1500 2821 poscenda
1516 2767 1571 2806 esse
1589 2753 1725 2806 consentis
1749 2753 1846 2824 (Epist.

997 2841 1060 2906 tlt,
1076 2856 1104 2895 n.
1122 2841 1222 2911 bsqq).
1241 2841 1328 2911 Urget
1352 2839 1485 2894 eumdem
1507 2839 1675 2895 auctoritate
1699 2841 1790 2895 sancti
1803 2840 1847 2911 Cy·

996 2927 1091 2998 priani
1111 2930 1146 2983 de
1166 2929 1239 2982 libro
1253 2930 1282 2982 iu
1298 2929 1464 2983 Orationem
1481 2927 1671 2996 dominicam,
1688 2933 1718 2984 et
1732 2929 1803 2984 libro
1815 2928 1846 2982 dc

996 3017 1174 3072 llortalitate.
1201 3018 1315 3072 tlouem
1334 3016 1436 3072 deinde
1456 3021 1497 3082 ut,
1524 3017 1547 3072 si
1569 3034 1635 3072 rere
1650 3017 1787 3073 volumus
1800 3016 1846 3072 dc·

995 3103 1112 3160 tendere
1128 3105 1250 3160 liberum
1265 3105 1426 3169 arbitrium,
1451 3122 1487 3160 ne
1508 3120 1713 3177 oppugnemus
1728 3105 1805 3160 uude
1818 3103 1848 3158 llt

994 3194 1128 3262 liberum,
1148 3193 1231 3250 decet
1249 3194 1400 3249 arbitrium
1428 3210 1538 3260 corum,
1571 3193 1622 3265 qui
1642 3193 1744 3249 lideles
1766 3193 1845 3260 hunt,

994 3299 1046 3356 per
1065 3282 1208 3338 Christum
1222 3283 1339 3339 liberari
1352 3302 1368 3337 a
1380 3282 1485 3338 diaboli
1500 3287 1667 3354 postestate,
1681 3287 1714 3337 ut
1728 3283 1779 3337 illo
1792 3297 1847 3337 uon

994 3371 1168 3442 impediente
1183 3372 1300 3427 credant
1322 3372 1351 3427 in
1367 3372 1462 3444 ipsum
1484 3372 1574 3427 libera
1595 3373 1757 3428 voluntate.
1773 3373 1845 3437 Quo·

995 3458 1073 3514 uiam
1088 3459 1203 3514 landem
1218 3460 1338 3531 quaestio
1352 3460 1485 3515 adversus
1495 3461 1616 3516 Vitalem
1630 3460 1845 3516 haetaudahoee

995 3547 1114 3602 omniuo
1130 3551 1200 3618 erat,
1216 3552 1313 3603 utrum
1328 3549 1470 3621 praecedat
1484 3549 1585 3620 gratia,
1603 3564 1641 3604 au
1655 3548 1844 3620 subsequatur

994 3635 1105 3691 homini
1121 3637 1308 3706 voluntatem,
1320 3638 1373 3693 hec
1387 3643 1439 3705 est,
1457 3645 1554 3693 utrum
1569 3637 1652 3693 uobis
1668 3637 1765 3704 detur,
1781 3636 1844 3709 quia

994 3727 1135 3792 velumus,
1157 3743 1192 3780 an
1218 3744 1269 3798 per
1292 3727 1385 3797 ipsam
1410 3728 1485 3782 lJeus
1506 3727 1593 3782 etiam
1615 3727 1670 3782 hoc
1687 3726 1802 3793 efficiat,
1817 3728 1844 3779 ut

993 3814 1132 3882 velimus3
1150 3814 1285 3886 proponit
1300 3815 1341 3869 illi
1357 3815 1508 3871 duodecim
1521 3815 1678 3871 sententias
1694 3813 1843 3887 degrada,

994 3920 1059 3975 quse
1074 3907 1166 3959 totam
1180 3904 1255 3958 hanc
1270 3904 1460 3975 quaestionem
1480 3904 1621 3958 dirimunt
1636 3919 1643 3958 :
1661 3919 1729 3959 cum
1744 3919 1778 3958 ex
1794 3901 1844 3957 illis

994 4008 1053 4046 nou
1067 3993 1161 4047 solnm
1176 3992 1322 4061 omnibns,
1338 3993 1387 4048 sed
1403 3993 1489 4047 etiam
1500 3992 1621 4064 siugulis
1632 3992 1661 4048 id
1668 3992 1844 4058 conficiatur,

994 4086 1026 4135 ut
1039 4081 1228 4136 conliteamur
1242 4081 1333 4154 gratia
1347 4082 1397 4137 Dei
1413 4081 1565 4154 praeveniri
1584 4081 1739 4137 homiuum
1750 4083 1844 4138 voluu-

993 4173 1084 4238 tates3
1107 4175 1135 4225 ct
1148 4187 1201 4242 per
1220 4172 1292 4226 lianc
1308 4188 1355 4226 eas
1368 4171 1463 4242 potius
1478 4172 1645 4242 praeparari,
1670 4187 1762 4244 quam
1775 4171 1843 4243 tpro-

994 4263 1059 4329 pter
1073 4274 1172 4313 aarum
1194 4259 1328 4314 meritum
1347 4259 1417 4314 dari.
1438 4261 1503 4315 llam
1522 4262 1619 4319 autem
1637 4259 1673 4314 ad
1694 4274 1845 4316 numerum

994 4347 1204 4402 duodenarium
1219 4348 1332 4418 redigit,
1340 4352 1372 4403 ut
1381 4347 1492 4403 facilius
1501 4348 1649 4404 memoriae
1666 4349 1844 4409 mandentur.

993 4435 1211 4508 distinctiusque
1223 4442 1382 4491 teneantur.
1399 4438 1478 4504 Sese,
1494 4454 1559 4492 cum
1575 4437 1612 4491 sit
1627 4437 1758 4511 propitio
1771 4436 1843 4494 Chri·

993 4529 1037 4580 ato
1052 4525 1223 4580 christianus
1244 4526 1408 4593 catholicus,
1429 4526 1528 4581 asserit
1546 4525 1748 4582 indubitanter
1766 4525 1842 4586 seire.

992 4613 1054 4668 hue
1070 4612 1119 4668 illu
1128 4613 1248 4669 totidem
1263 4614 1399 4685 dogmata
1413 4630 1473 4670 esse
1485 4614 1624 4669 catholica
1638 4619 1721 4670 extra
1736 4619 1843 4670 couno

992 4701 1113 4756 versiam
1124 4717 1240 4757 omnem
1256 4702 1357 4773 posita,
1373 4719 1390 4757 a
1405 4702 1509 4774 quibus
1524 4702 1843 4776 recederenequaquam

992 4790 1099 4856 liceret,
1117 4807 1216 4862 quaere
1238 4791 1274 4846 ad
1290 4790 1377 4847 tidem
1398 4792 1541 4864 pertinere
1554 4807 1590 4846 ue
1607 4792 1709 4847 Vitatis
1729 4791 1842 4865 quidem

992 4894 1153 4950 repugnare
1168 4883 1276 4948 posset.
1296 4880 1326 4935 Si
1343 4885 1438 4935 tamen
1463 4897 1495 4934 ei
1519 4880 1559 4934 eis
1581 4880 1700 4952 aliquod
1715 4886 1799 4949 esset,
1814 4880 1843 4936 de

992 4984 1049 5040 quo
1063 4974 1192 5023 censeret
1204 4967 1406 5036 dubitandum,
1423 4970 1544 5040 rogabat
1557 4969 1585 5025 id
1601 4969 1656 5024 sibi
1665 4969 1840 5042 significatu

992 5062 1024 5111 ut
1038 5057 1132 5112 eidem
1146 5056 1207 5128 ipse
1222 5074 1275 5128 pro
1291 5073 1334 5121 ea,
1352 5074 1438 5130 quam
1452 5059 1590 5114 Dominus
1604 5058 1698 5125 daret,
1714 5059 1843 5115 facultate

992 5147 1188 5217 responderet.
1201 5145 1319 5201 Interim
1331 5163 1396 5218 quae
1406 5151 1504 5202 contra
1516 5147 1750 5220 prolerrepotuit
1759 5148 1841 5205 irater

992 5234 1101 5303 Vitatis,
1127 5239 1156 5290 et
1177 5251 1242 5307 quae
1270 5235 1376 5307 partim
1395 5237 1542 5307 protulere
1565 5241 1666 5308 postea
1684 5237 1738 5311 qui
1764 5237 1844 5310 vulgo

991 5323 1126 5380 dicuntur
1145 5324 1379 5397 semipelagiani,
1394 5343 1428 5380 ea
1446 5325 1531 5381 diluit
1553 5330 1581 5382 et
1595 5326 1700 5383 evertit
1714 5326 1843 5400 egregius

991 5410 1091 5482 gratiae
1105 5411 1244 5468 defensor.
1261 5412 1390 5485 Denique
1405 5412 1436 5469 in
1448 5417 1574 5468 extrema
1592 5413 1718 5485 epistola
1731 5416 1789 5472 hoc
1800 5414 1845 5472 ad·

992 5500 1045 5565 dit,
1061 5499 1084 5556 si
1096 5501 1251 5558 contendat
1263 5501 1311 5559 ilic
1330 5518 1384 5574 pre
1407 5501 1513 5574 eisqui
1537 5501 1652 5560 credere
1679 5504 1796 5576 nolunt,
1818 5506 1844 5559 ut
