3884 6112
686 227 792 286 LIBER
814 227 1000 288 SEPTIMUS.
1162 180 1164 185 Α
1665 239 1718 294 466

71 349 75 404 Ι
100 348 222 405 minima
251 349 475 420 exspectabatur,
505 349 659 418 damnavit,
687 355 808 424 atquea
856 353 1020 421 ‘bumilitau
1034 369 1100 422 erpa
1114 369 1203 411 amires
1218 356 1353 421 alacritas;
1369 358 1399 410 in
1409 357 1541 426 beneficiis
1552 360 1717 428 praetendis

71 462 74 489 t
86 438 217 495 truncari
233 438 329 511 jussit.
353 439 427 504 Quin
442 436 529 493 etiam
543 454 601 510 quo
614 439 707 512 magis
719 456 807 512 nego·
862 442 997 509 facilitas,
1010 443 1041 497 in
1051 444 1175 512 perarate
1183 443 1285 513 pudor,
1299 445 1329 499 in
1340 448 1411 499 recte
1421 446 1504 511 sactis
1515 461 1600 512 amor,
1615 449 1646 502 in
1657 461 1716 517 pec·

71 530 247 594 aturaretur,
268 528 364 582 locam
379 526 474 581 eidem
489 525 644 598 assignavit
659 528 739 600 prius
751 545 809 584 nou
862 533 931 586 catis
947 532 1024 588 dolor
1033 535 1043 586 !
1055 533 1190 598 Quantam
1200 534 1280 588 decus
1290 534 1447 602 innatatis,
1460 536 1509 602 qui
1518 535 1644 604 splendor
1652 551 1717 603 pra·

71 632 107 673 rm
121 615 282 688 suppliciis,
294 616 342 671 sed
354 615 434 670 urbis
447 621 614 672 ornamento
625 617 807 672 destinatum.
862 621 916 687 tia,
929 636 988 690 qua
997 635 1063 675 cura
1071 623 1199 691 manta!
1214 622 1277 688 Qua
1287 624 1316 676 iu
1329 622 1508 677 subveniendo
1518 624 1715 691 misericordia,

80 704 285 761 damnatorum
301 704 442 774 sanguine
456 721 604 776 nunquam
621 710 703 760 antea
716 706 810 761 ficerat
861 710 891 762 in
906 709 1069 776 ipnosceudo
1084 710 1276 778 benevolentia,
1291 711 1321 763 in
1336 711 1438 765 orando
1451 710 1714 778 iducialandsa·

71 797 123 864 tus,
144 793 200 848 nisi
219 792 297 864 quod
316 792 413 863 paucis
426 798 493 848 anta
507 794 607 849 diebus
620 811 684 848 reos
698 795 809 865 aliquot
862 795 976 851 lubritar
989 797 1101 865 sciebat,
1110 813 1164 866 qua
1176 798 1306 852 modestia
1317 799 1492 866 loquebatur!
1503 799 1715 869 quadiuutilitcr

71 897 109 938 tm
131 882 173 938 ibi
188 898 302 953 poenam
318 882 396 936 luere
411 882 554 947 voluerat;
571 882 657 954 idque
672 883 707 937 dc
721 883 807 938 indu·
861 884 1007 954 nesciebat,
1020 901 1074 954 qua
1087 886 1232 953 ‹litipeutia
1240 886 1430 941 scrutabatur!
1441 889 1600 958 Quanmmn
1610 904 1638 943 eo
1652 903 1715 944 cou-

71 976 149 1026 ctum
164 971 200 1025 ab
214 971 264 1025 illo
279 971 529 1042 persuasissimum
542 971 607 1040 luit,
625 975 658 1026 ut
676 989 713 1026 ne
727 972 806 1026 vida·
861 976 978 1042 temptas
997 988 1088 1027 raum
1100 976 1290 1043 praesentium!
1305 978 1409 1043 quanta
1424 989 1494 1045 spes,
1510 979 1536 1029 et
1549 976 1714 1031 desiderium

71 1075 185 1114 erousso
213 1059 320 1114 ibidem
345 1060 517 1127 Marcellino,
540 1060 582 1114 rei
606 1060 807 1132 indignitatem
861 1062 990 1116 bonorum
1015 1065 1190 1116 eternorum!
1210 1065 1250 1119 Ne
1270 1065 1371 1117 relictis
1394 1064 1516 1119 omnibus
1539 1064 1713 1120 sacularibus

71 1164 160 1220 mque
186 1147 241 1202 loci
265 1152 383 1219 augeret
406 1148 567 1202 insolentia.
591 1150 654 1203 Non
679 1149 757 1204 enim
780 1148 807 1203 ai
860 1151 1012 1205 canonibus
1024 1153 1169 1220 susciperet
1193 1152 1330 1218 cinqulum
1351 1153 1456 1207 militia
1471 1153 1635 1219 christiana,
1652 1155 1712 1208 uin-

79 1250 140 1290 esse
155 1235 320 1304 obscurum,
331 1251 419 1306 qnam
434 1235 561 1290 luctuosa
572 1236 701 1291 Ecclesia
710 1237 806 1291 lutura
859 1240 948 1294 culum
961 1239 1145 1308 prepediebat
1156 1241 1294 1304 ararium,
1306 1254 1358 1307 quo
1365 1240 1426 1308 jam
1440 1241 1586 1296 inlaudatus
1598 1246 1713 1312 caperat

71 1322 264 1390 adamnatio;
290 1338 347 1393 qua
369 1325 473 1376 sancta
492 1321 535 1376 illi
549 1322 634 1377 matri
648 1323 805 1378 emaciatum
858 1328 1043 1396 concupiscere
1067 1327 1190 1392 meliora,
1219 1325 1328 1395 quanda
1357 1327 1419 1394 jam
1447 1341 1500 1381 nou
1527 1327 1624 1382 licebat
1651 1330 1711 1395 illa,

73 1426 132 1467 non
146 1411 264 1478 veritus,
285 1427 319 1465 eo
333 1411 458 1483 graviori
479 1410 584 1465 scelera
607 1428 637 1466 se
658 1412 803 1483 obligavit,
859 1415 983 1484 quamuis
997 1415 1141 1481 interiora,
1157 1414 1335 1483 disrumpere.
1350 1414 1422 1479 Quid
1433 1429 1495 1481 erpo
1509 1416 1570 1469 liuic
1585 1418 1615 1470 in
1628 1420 1713 1471 marte

71 1516 149 1573 psum
164 1500 241 1555 inter
264 1500 325 1571 ejus
339 1499 414 1554 filios
432 1500 570 1555 retulerat
590 1500 697 1572 accepti
718 1501 754 1556 ab
772 1516 805 1555 ea
858 1502 959 1558 accidit
968 1503 1044 1571 mali,
1059 1518 1091 1557 ac
1105 1518 1158 1557 nan
1170 1504 1262 1572 potius
1275 1504 1426 1572 plurimum
1439 1503 1512 1570 boni,
1525 1518 1584 1558 curn
1598 1504 1653 1558 trac
1666 1504 1713 1558 lra-

71 1588 92 1644 n
110 1587 292 1644 beneficium.
315 1589 422 1655 Frater,
444 1588 526 1659 cujus
546 1588 595 1643 illa
609 1589 760 1644 consilium
774 1590 805 1644 in
858 1591 921 1646 beris
940 1591 1013 1646 dorsa
1026 1591 1064 1645 acl
1081 1592 1228 1658 Christum,
1247 1593 1305 1646 sine
1319 1606 1372 1661 quo
1386 1593 1506 1647 inaniter
1521 1592 1664 1659 habentur,
1678 1608 1712 1647 ea

71 1678 159 1734 celare
182 1681 296 1732 secutus
316 1681 369 1744 est,
392 1677 535 1748 qnondam
550 1677 582 1732 in
596 1676 697 1749 capitis
711 1677 805 1732 discri·
858 1682 909 1736 tac
921 1682 1141 1748 uitamiprocit?
1156 1682 1254 1750 (Epist.
1273 1683 1333 1743 161,
1349 1696 1395 1735 nn.
1409 1683 1435 1748 6,
1453 1681 1509 1750 tat.

71 1767 215 1823 institutus
230 1766 384 1837 coningere
399 1766 434 1821 ad
448 1766 580 1821 Ecclesia
594 1782 677 1838 opem
692 1770 804 1822 coactus
888 1773 919 1823 Ἰ7.
941 1770 1009 1823 Post
1030 1768 1110 1823 illam
1133 1768 1234 1824 Marini
1253 1767 1366 1822 comitis
1386 1773 1444 1823 tam
1460 1767 1580 1839 impiam
1593 1772 1711 1842 tamque

79 1854 218 1925 imoLvero
230 1855 355 1910 Marinus
367 1855 438 1925 ipse,
450 1870 516 1909 cnm
525 1854 681 1926 aliquando
691 1855 805 1926 patroni
858 1857 1003 1912 crudelem
1016 1856 1179 1928 perfidiam,
1195 1872 1252 1910 non
1267 1856 1360 1926 potuit
1373 1856 1424 1910 abs
1437 1873 1468 1910 sa
1483 1856 1637 1928 impetrare
1651 1860 1710 1913 Au-

71 1947 117 2000 set
136 1943 275 1999 offensam
298 1943 332 2012 (is
352 1943 430 1998 enim
453 1943 599 2014 insperata
619 1943 754 1999 felicitate
769 1943 805 2000 ad
857 1944 999 2018 gostinus,
1024 1949 1056 1999 ut
1075 1944 1245 2016 Carthagine
1268 1943 1375 1999 diutius
1390 1949 1559 2000 moraretur.
1574 1945 1711 2010 Quocirca

82 2033 242 2107 potentiam
269 2032 444 2101 devenerat),
464 2032 594 2088 Ecclesiae
612 2032 804 2103 patrocinium
857 2033 995 2106 postridie
1009 2033 1070 2104 ejus
1080 2032 1170 2103 ipsius
1185 2032 1241 2087 diei
1252 2047 1282 2088 se
1296 2032 1375 2088 dedit
1389 2032 1486 2088 itineri
1502 2032 1629 2105 scieque,
1644 2049 1710 2088 cum

71 2119 82 2177 i
97 2121 160 2176 loco
175 2119 388 2191 imploraverat,
406 2119 483 2190 quod
497 2118 539 2174 illi
550 2135 732 2191 nequaquam
745 2119 804 2174 ine
857 2121 940 2177 illum
955 2121 1064 2193 alloqui
1078 2119 1246 2177 Caecilianus
1269 2120 1415 2188 voluisset,
1435 2121 1460 2175 is
1472 2121 1506 2176 de
1520 2124 1663 2176 maturato
1678 2120 1711 2176 il-

71 2212 193 2282 egntum.
857 2210 912 2265 lius
932 2209 1056 2265 discessu
1079 2209 1184 2264 certior
1205 2209 1298 2264 factus
1320 2212 1370 2264 est.
1397 2208 1503 2264 Idcirco
1528 2212 1626 2264 autem
1649 2225 1710 2264 sesa

71 2297 182 2355 labatur
206 2297 325 2370 quidem
346 2299 489 2368 praeopto
512 2294 706 2368 Imperatoris,
727 2297 804 2367 quad
858 2299 1019 2354 clanculum
1034 2314 1068 2352 ex
1082 2298 1152 2352 urba
1168 2297 1321 2369 subripuit,
1333 2300 1366 2353 ut
1377 2313 1414 2352 na
1428 2297 1614 2353 distineretur
1623 2296 1711 2370 gemi-

88 2386 198 2442 litteras
220 2385 412 2457 significatum
427 2385 611 2456 predicabat,
627 2384 803 2456 obsequendi
857 2386 941 2454 tibus,
967 2385 1110 2457 lacrymis,
1126 2384 1356 2456 clamoribusque
1377 2384 1571 2456 plurimorum
1585 2401 1601 2440 e
1614 2385 1712 2440 claris·

71 2479 151 2532 atam
165 2474 321 2530 obtendere
345 2492 352 2529 z
374 2474 423 2529 sed
435 2473 513 2547 quod
526 2474 638 2544 legatus
652 2458 804 2544 episcopus
857 2474 937 2530 simis
951 2474 1072 2541 civibus,
1088 2473 1147 2546 qni,
1161 2476 1193 2528 ut
1207 2472 1325 2528 Comitis
1335 2472 1464 2528 iurarem
1481 2477 1568 2544 atque
1582 2472 1711 2544 gladium

71 2567 173 2621 cratorc
186 2564 355 2619 mandatum
374 2563 460 2635 plane
475 2562 651 2618 contrarium
666 2562 801 2627 obtinuit,
858 2562 1043 2629 declinarent,
1055 2561 1085 2616 in
1100 2560 1226 2616 ecclesiae
1238 2561 1349 2633 asylum
1362 2560 1559 2631 confugerant.
1572 2560 1622 2615 llic
1632 2560 1710 2616 enim

91 2653 293 2726 planissimum
315 2651 382 2706 iecit
406 2651 524 2708 Comitis
551 2650 743 2721 mendacium.
771 2653 804 2706 Et
858 2669 1025 2725 quanquam
1040 2653 1155 2708 illorum
1170 2652 1228 2706 vila
1242 2651 1363 2706 minime
1375 2650 1601 2721 periclitabatur,
1612 2655 1709 2706 tamen

71 2742 188 2800 cntinuo
211 2745 360 2797 revocatus
375 2756 409 2796 ex
424 2739 529 2807 Ainea,
546 2743 574 2794 et
588 2754 707 2794 munere
723 2739 803 2794 omni
857 2742 934 2798 haud
951 2741 1037 2797 dubie
1051 2741 1134 2796 illum
1158 2743 1241 2795 erant
1254 2738 1436 2806 obsecraluri,
1451 2742 1484 2793 ut
1495 2753 1548 2808 pro
1563 2754 1592 2791 sa
1605 2737 1710 2796 comiti

71 2831 139 2888 itate
157 2831 305 2902 spoliatus,
321 2828 502 2884 conscientiae
524 2827 661 2899 propriae,
683 2832 716 2883 ut
739 2844 803 2883 cam
857 2826 1495 2902 supplicaret3qucdsanedccorinequaquam
1508 2824 1708 2880 sinebatratio.

71 2919 130 2977 iliae
144 2935 204 2974 sura
218 2919 263 2974 vel
277 2934 369 2990 poenae
382 2920 483 2972 testem
503 2917 631 2983 haberet,
646 2916 803 2988 permissus
857 2918 1098 2974 Namsiadversns
1108 2915 1250 2971 Comitem
1259 2914 1309 2969 Vir
1319 2918 1475 2969 sanctuseo
1485 2912 1638 2967 verborum
1649 2915 1708 2966 ter·

71 3010 143 3075 aias,
163 3006 289 3063 Historia
304 3007 351 3061 lib.
370 3009 398 3073 7,
420 3021 480 3076 cap.
504 3005 560 3076 tr).
577 3005 658 3070 Quod
673 3006 709 3060 ad
730 3006 804 3060 Mar-
856 3023 921 3061 rore
933 3022 1001 3061 usus
1010 3005 1118 3072 fuisset,
1130 3004 1206 3076 quod
1215 3018 1330 3058 necesse
1341 3002 1376 3057 ad
1386 3000 1596 3073 procurandam
1603 3000 1710 3056 animoe

71 3113 97 3165 n,
116 3097 142 3152 is
165 3096 283 3168 quidem
303 3094 362 3149 vita
384 3094 477 3161 cessit,
502 3110 560 3148 non
579 3093 719 3149 virtutum
740 3110 802 3148 sua·
856 3095 977 3150 salutem
991 3092 1150 3158 videbatur,
1166 3090 1196 3147 id
1206 3091 1254 3146 ille
1268 3104 1418 3161 nunquam
1429 3088 1498 3143 boni
1509 3088 1707 3144 consuluisset.

71 3185 126 3254 Mo,
144 3189 375 3255 susceptornmve
389 3198 441 3254 pro
457 3181 579 3238 Ecclesia
588 3182 719 3238 laborum
730 3198 803 3237 mer·
856 3186 949 3250 Quare
974 3184 1084 3237 tantem
1113 3179 1316 3252 indignitatem
1345 3194 1402 3232 non
1430 3177 1536 3243 terens,
1563 3177 1707 3233 abscessit.

71 3290 93 3330 rc
104 3273 242 3343 fructum,
252 3273 301 3328 sed
317 3271 404 3327 ctiam
419 3271 651 3327 meritametiuso
662 3272 802 3343 sanguina
855 3273 982 3329 Dolebarn
1002 3274 1132 3340 praviter,
1150 3268 1245 3340 inquit
1259 3282 1381 3338 magnus
1396 3264 1516 3332 Praesul,
1529 3267 1613 3319 uicem
1630 3279 1708 3319 uene·

71 3364 227 3419 alauream
242 3365 424 3432 recepturum
439 3378 496 3433 quo
510 3360 705 3416 eumnomine
716 3362 803 3416 donat
855 3362 951 3417 rabilis
969 3361 1120 3429 coepiscopi
1141 3360 1194 3413 mei
1218 3360 1300 3413 tantae
1322 3356 1433 3410 rectoris
1453 3354 1587 3416 Ecclesia,
1604 3352 1642 3407 all
1662 3368 1709 3408 cu·

81 3451 114 3507 in
128 3452 258 3506 Romana
272 3450 491 3521 Martyrologio:
506 3449 555 3505 ubi
568 3465 619 3504 cur
629 3452 727 3504 octavo
737 3449 802 3504 idus
852 3450 900 3521 jus
909 3451 1046 3519 pertinere
1059 3446 1201 3502 dicebatur
1213 3446 1343 3514 officium,
1354 3447 1415 3512 post
1429 3443 1546 3496 bominis
1561 3445 1617 3495 tom
1630 3441 1709 3506 neta-

71 3540 229 3596 catebretur
249 3539 310 3610 ojus
325 3537 475 3603 memoria,
495 3552 611 3592 causam
623 3536 667 3591 vel
680 3535 801 3591 auctori·
855 3540 927 3592 manv
949 3536 1092 3604 (allatam
1111 3534 1199 3588 adlruc
1214 3548 1242 3587 se
1253 3531 1372 3600 pratae
1388 3530 1526 3598 numilem,
1541 3544 1593 3598 quo
1607 3529 1709 3583 catana

71 3629 159 3685 ullam
171 3628 304 3683 afferunt.
319 3626 469 3681 Enimvero
479 3625 561 3680 illum
574 3624 801 3696 idibnsseptam·
853 3629 1013 3696 parceretur
1037 3639 1044 3677 ε
1067 3621 1102 3675 iis
1124 3620 1265 3685 videlicet,
1282 3618 1331 3689 qui
1347 3634 1377 3673 se
1395 3620 1561 3687 receperant
1575 3615 1605 3670 in
1620 3615 1709 3670 eccla-

71 3716 130 3773 idie
143 3715 274 3770 videlicet
288 3715 349 3786 ejus
366 3714 423 3768 diei
438 3713 488 3785 qni
510 3712 644 3785 Cypriani
668 3713 801 3784 passione
856 3713 942 3780 siam;
964 3710 1021 3766 nisi
1039 3710 1111 3763 forte
1124 3706 1258 3764 nonnulli
1270 3706 1358 3760 etiam
1380 3705 1410 3759 in
1424 3703 1553 3759 custodia
1567 3703 1708 3759 haberen-

71 3807 170 3872 sarat,
184 3819 352 3876 percussum
367 3801 501 3857 vidimus.
513 3802 595 3867 Quod
608 3805 640 3857 ut
649 3801 800 3868 constabit,
856 3805 913 3857 tur.
936 3802 1046 3867 Fateor,
1069 3796 1159 3863 addit,
1181 3810 1241 3850 cum
1262 3799 1369 3849 tantum
1391 3794 1493 3848 matum
1505 3793 1580 3847 nullo
1591 3794 1709 3862 pectoris

71 3939 73 3947 ,
97 3892 212 3948 nullum
236 3891 300 3957 erit,
320 3890 391 3961 quin
414 3890 477 3960 ejus
501 3887 647 3960 percussio
676 3888 802 3944 evenerit
855 3890 949 3945 robore
961 3889 1110 3959 potuissem
1124 3885 1248 3951 tolerare,
1271 3883 1385 3940 discessi
1404 3882 1497 3950 (itia,
1512 3896 1541 3936 n.
1558 3883 1597 3951 3).
1613 3880 1709 3945 Quan-

71 3981 194 4047 iann03
209 3996 275 4034 cum
289 3983 317 4033 et
332 3978 521 4033 detectionem
535 3977 694 4032 Heracliani
707 3976 744 4031 sit
757 3993 801 4031 sc·
856 3993 944 4049 quam
958 3975 1029 4031 alias
1044 3974 1142 4040 otiam,
1158 3976 1265 4044 prater
1278 3970 1434 4027 Marcellini
1448 3986 1558 4039 necem,
1572 3970 1709 4025 discessus

71 4076 77 4127 t
99 4068 282 4126 antecesserit
307 4068 399 4139 legem
425 4069 489 4138 post
507 4066 617 4121 obitum
643 4066 704 4137 ejus
717 4064 802 4120 tortio
857 4063 901 4118 soi
925 4078 1024 4118 causas
1045 4061 1142 4128 affcrt3
1168 4060 1310 4133 (quarum)
1329 4076 1385 4115 una
1399 4063 1445 4123 est,
1461 4058 1566 4129 inquit,
1582 4059 1710 4127 quoniam

71 4175 88 4214 a
114 4156 283 4229 septembris
306 4155 375 4210 anni
398 4153 675 4227 quadringentesimi
699 4152 803 4208 decimi
856 4152 983 4219 laborem,
1004 4166 1082 4222 quem
1104 4152 1134 4204 iu
1147 4151 1197 4205 illa
1218 4149 1514 4225 urbeperpetineccsse
1531 4148 1581 4211 est,
1596 4148 1709 4213 atquem

71 4245 158 4303 latam
173 4245 209 4300 ab
224 4244 357 4310 Honorio,
371 4259 428 4315 qua
442 4242 467 4298 is
478 4247 559 4313 gesta
570 4241 802 4308 collationis,cni
855 4243 881 4297 si
901 4255 1032 4311 exponere
1054 4240 1146 4307 aelim,
1164 4238 1242 4293 aliud
1263 4242 1369 4292 tautum
1391 4235 1552 4305 loquendum
1580 4235 1628 4298 cst,
1647 4233 1709 4301 jam

71 4339 130 4391 inus
143 4334 307 4406 pvaeinerat,
321 4332 427 4388 habere
445 4331 506 4386 vult
520 4333 689 4400 perpetuam
711 4328 801 4383 flrmi·
856 4333 988 4385 sustinere
1004 4342 1059 4383 non
1078 4342 1200 4397 possum,
1224 4327 1297 4395 quod
1321 4324 1477 4406 infirmitati
1495 4335 1558 4375 mea
1575 4321 1707 4389 propriae,

71 4422 175 4495 [Codice
203 4422 312 4489 Tbecd,
339 4421 372 4475 de
386 4421 537 4487 Hernicis,
564 4417 619 4486 lepe
640 4418 694 4487 55).
716 4416 803 4472 isthic
856 4432 916 4488 quae
928 4420 994 4472 noto
1007 4420 1046 4471 est
1060 4414 1182 4470 omnibus
1196 4416 1245 4485 qui
1264 4414 1433 4481 familiarius
1447 4411 1640 4476 manaverunt,
1659 4423 1708 4462 ac-

71 4515 123 4582 tor,
138 4514 170 4567 nt
184 4509 426 4567 existimationem
445 4508 531 4576 illius,
557 4521 723 4579 quanquam
736 4522 802 4577 par·
856 4509 934 4563 cessit
948 4507 1030 4561 abana
1044 4509 1174 4572 senectus,
1195 4518 1254 4574 qua
1268 4504 1372 4571 pencris
1387 4499 1499 4554 bumont
1508 4500 1548 4552 est
1561 4498 1708 4552 communis

71 4601 107 4658 ris
131 4600 225 4673 specie
250 4598 395 4666 trucidati,
418 4601 523 4652 sartam
550 4599 654 4651 tactam
678 4596 749 4651 velle
772 4613 802 4652 se
856 4593 1132 4665 internitentium
1152 4595 1302 4660 causaest,
1324 4588 1396 4659 quod
1416 4588 1513 4653 statui,
1535 4585 1708 4641 siDominus

71 4694 92 4759 t,
107 4690 204 4762 ipsum
219 4688 380 4761 spectabilis
391 4685 540 4742 memoriae
552 4685 647 4740 virum
657 4685 801 4757 appellat:
855 4687 930 4753 uelit,
946 4688 1078 4755 quantum
1093 4683 1163 4738 mibi
1176 4697 1210 4737 ea
1225 4680 1282 4735 illis
1294 4675 1524 4747 occupationibus,
1537 4688 1606 4744 quas
1615 4673 1708 4729 Eccle-

71 4794 129 4835 nns
141 4795 208 4834 vero
222 4778 355 4833 eumdem
364 4775 571 4846 nonreligiosae
581 4779 693 4830 tantum
702 4775 800 4847 (Epist.
856 4773 913 4841 sia,
929 4775 975 4829 cui
985 4774 1099 4843 proprio
1111 4785 1219 4825 munere
1233 4769 1329 4832 servio,
1341 4767 1485 4820 necessitas
1498 4763 1708 4832 (lapitatdotur

71 4872 105 4935 ⁷3
120 4871 214 4938 Epist.
243 4870 303 4936 169,
323 4883 351 4922 n.
378 4867 433 4937 13),
456 4864 607 4927 sedetiam
623 4868 726 4919 sanctae
744 4880 803 4920 me·
857 4864 996 4932 temporis,
1015 4861 1047 4915 id
1071 4863 1154 4916 totum
1176 4855 1329 4926 impendere
1343 4853 1430 4908 labori
1443 4852 1597 4907 studiorum
1611 4851 1649 4906 ad
1663 4867 1707 4906 ec-

74 4955 161 5012 titulo
178 4956 311 5011 nobilitat
329 4958 374 5026 (lte
396 4957 505 5011 Natura
525 4958 550 5009 et
575 4954 681 5020 Gratia,
697 4970 723 5008 n.
741 4953 801 5023 2513
856 4952 1021 5006 ctesiasticos
1041 4946 1169 5004 scientias
1191 4944 1401 5014 pertinentium
1420 4941 1468 4995 ubi
1481 4955 1523 4995 me
1537 4940 1667 5007 arbitror,
1683 4942 1708 4995 si

71 5044 140 5102 mici
158 5044 212 5101 sibi
231 5043 390 5100 charissimi
414 5045 510 5113 (Epist.
539 5043 647 5110 19611.
670 5043 716 5112 20)
731 5045 760 5096 at
772 5041 804 5096 in
856 5040 909 5095 Dei
919 5036 1111 5094 misericordia
1122 5035 1222 5105 placet,
1234 5033 1316 5087 ctiam
1328 5031 1443 5100 posteris
1457 5028 1566 5099 aliquid
1578 5029 1706 5099 aarum·

71 5135 208 5193 manuae
222 5134 375 5207 gratissimi
399 5135 500 5203 (Epist.
526 5135 586 5191 166.
610 5147 638 5187 n.
664 5131 694 5202 6)
714 5131 801 5186 inlar-
855 5128 1061 5199 rum(lbid.,n.
1078 5124 1135 5194 ts).
1156 5124 1228 5177 Tum
1241 5119 1425 5176 Cacilianum
1440 5119 1509 5174 otim
1526 5117 1705 5173 catechume-

71 5224 215 5297 plorans:
231 5226 294 5293 Qua
311 5223 363 5290 illi,
378 5221 427 5288 ait,
439 5221 563 5292 probitas
576 5224 606 5276 in
620 5220 749 5286 mondus,
773 5222 803 5274 iu
857 5234 938 5286 nuru,
953 5215 1004 5287 qui
1024 5230 1042 5269 a
1060 5216 1158 5268 sancto
1173 5213 1295 5266 Doctore
1314 5225 1413 5265 rerum
1427 5209 1535 5265 discere
1550 5205 1704 5280 quaerebat,

71 5312 165 5382 indes,
181 5315 211 5367 iu
223 5312 347 5366 doctrino
359 5310 490 5377 studium,
504 5312 534 5365 in
548 5311 677 5377 relipione
690 5310 802 5363 sinceri-
857 5306 981 5378 graviter
993 5304 1139 5369 admonet,
1155 5316 1192 5356 nc
1204 5316 1234 5355 se
1248 5315 1300 5372 per
1314 5297 1490 5371 Baptismnm
1505 5295 1660 5366 adjungere
1675 5291 1707 5346 fl-

75 5400 204 5470 ccnjupio
216 5400 364 5470 pudicitia,
380 5398 527 5468 injudicio
541 5399 717 5463 continentia;
738 5412 804 5465 erpa
857 5394 969 5450 delibus
990 5391 1098 5448 diutius
1125 5388 1314 5462 procrastinat
1335 5404 1369 5443 ea
1392 5403 1463 5442 vana
1482 5383 1603 5444 ratione,
1623 5379 1706 5453 quasi

71 5491 237 5560 spatiantia,
252 5503 318 5556 erpa
329 5490 428 5543 amicas
442 5487 603 5556 affabilitas,
620 5501 685 5554 erpa
698 5480 821 5540 sanctos·
858 5483 957 5539 tidelcs
975 5496 1035 5537 non
1058 5479 1168 5552 possint
1188 5477 1395 5550 rempublicam
1416 5476 1491 5529 recta
1504 5468 1705 5526 administrare
