3884 6112
88 282 136 336 187
704 273 786 328 VITA
804 271 830 327 S.
852 270 1039 328 auausttru
1060 267 1228 325 EPlSCOPl.

87 404 143 459 sint
158 401 328 473 (helluatus
348 399 510 465 Animulas,
525 414 553 453 u.
573 400 627 467 11).
644 396 751 452 Asserit
766 412 795 449 sc
809 412 826 450 a
840 410 936 449 rerum

86 497 144 547 tam
157 489 332 546 evidentium
344 486 572 544 consideratione
583 485 719 557 peccandi
731 482 936 539 consuetudine

86 581 172 636 fuisse
187 594 329 644 aversum,
345 593 433 649 seque
447 575 553 632 sentire
568 591 643 629 nunc
657 573 687 629 in
701 569 937 627 familiarissimo·

87 686 152 724 rum
167 683 285 723 suorum
301 667 415 732 damno,
433 665 509 737 quod
522 668 589 719 tune
599 663 630 718 11
644 678 695 717 111
709 661 798 732 ipsius
809 658 936 730 periculo

87 758 207 813 minime
221 755 371 811 sentiebat.
388 754 570 825 Quapropter
593 752 674 823 operi
692 751 781 804 finem
803 747 935 817 imponit,

90 849 179 902 ileum
192 861 276 900 orans
291 848 379 914 atque
393 841 553 909 obsecrans,
570 845 602 895 ut
617 839 746 912 ejsudem
768 837 867 909 gratia
882 852 937 907 ope

88 951 175 1008 quam
190 933 250 1006 ipse
264 940 397 1004 expertus
413 935 465 996 est,
482 930 547 985 illos
565 929 601 984 ah
615 944 713 984 errore
733 938 844 982 revocet
860 941 868 979 ι
882 925 936 979 sie·

89 1040 144 1096 que
160 1039 244 1078 orans
268 1020 406 1093 agnoscit,
430 1035 489 1073 non
509 1020 602 1073 solum
623 1032 772 1071 conversos
795 1017 829 1070 ad
848 1016 936 1069 ileum

89 1112 181 1183 gratia
200 1111 262 1182 ejus
282 1107 421 1179 adjuvari,
446 1113 478 1161 ut
492 1106 655 1178 proficiant;
672 1120 770 1158 rerum
794 1105 880 1157 ctiam
906 1106 938 1156 ut

88 1203 299 1264 convertantur,
312 1197 347 1250 ad
356 1196 447 1267 ipsam
459 1194 508 1248 ltei
517 1193 637 1265 gratiam
650 1191 793 1262 pertinere
803 1191 935 1262 (11111111.

88 1288 136 1343 111.
150 1291 174 1353 1,
187 1303 247 1355 cop.
261 1289 304 1350 11,
321 1300 349 1340 a.
366 1284 404 1354 8).
422 1283 508 1354 Spem
522 1282 589 1336 lacit
607 1281 637 1336 in
652 1282 706 1335 hoc
720 1295 815 1351 opere,
833 1295 862 1332 se
875 1278 937 1332 aliis

87 1376 119 1430 in
134 1372 382 1431 lucubrationibus
396 1376 590 1436 ostensurum,
605 1383 730 1440 quonam
744 1370 825 1439 paeto
844 1367 937 1421 catho

87 1463 150 1518 ticae
176 1462 328 1533 Scripturee
352 1477 368 1514 a
392 1458 612 1514 Maniohoeorum
636 1454 883 1511 criminationibus
910 1458 937 1509 et

88 1550 240 1606 calumniis
265 1549 374 1621 possint
394 1547 532 1602 vindicari
552 1563 559 1601 z
581 1545 658 1618 quod
681 1549 780 1600 contra
801 1545 937 1598 faustum

89 1641 211 1695 maxima
238 1637 363 1692 scribens
385 1635 527 1708 praestitit.
550 1634 627 1689 Varii
642 1639 708 1689 sunt
722 1633 752 1688 in
767 1634 821 1687 hoc
837 1632 935 1687 eodem

89 1745 174 1800 opere
190 1727 244 1782 loci
258 1742 329 1798 quos
341 1724 486 1797 pelagiani
499 1723 605 1795 aliique
621 1723 720 1794 gratiae
735 1720 889 1776 adversarii
902 1721 937 1775 ad

89 1832 218 1871 errorum
241 1830 359 1868 snorum
381 1811 573 1883 patrocinium
603 1812 774 1882 detorquere
794 1813 934 1881 poterunt.

88 1905 219 1961 Julianus
234 1901 414 1966 nominatim,
430 1902 460 1956 in
473 1900 665 1972 Augustinum
680 1899 814 1965 scribens,
831 1898 936 1970 produ·

89 1999 133 2049 cto
150 1993 274 2066 quodam
290 1992 391 2047 exinde
407 1992 468 2045 loco
483 1990 670 2061 gratulandus
686 1990 844 2043 exclamat:
862 1988 936 2043 otu-

88 2098 149 2138 ceus
163 2098 261 2137 aurum
274 2084 304 2136 in
317 2081 446 2136 stercore!
464 2078 532 2148 quid
543 2079 644 2144 ocrim,
655 2076 724 2147 quid
731 2078 839 2146 plenius
849 2076 906 2130 dici
919 2091 937 2129 a

88 2187 224 2241 quoquam
242 2171 284 2224 uel
295 2168 444 2223 orthodoxo
455 2165 609 2236 potuisset?
622 2164 676 2219 Sed
688 2165 740 2219 hos
752 2164 830 2218 locos
843 2165 938 2233 Augu-

88 2259 179 2314 stinus
202 2258 264 2329 ipse
285 2257 449 2312 nullatenus
472 2254 513 2308 eis
527 2252 676 2324 suflragari
692 2252 817 2307 ostendit
832 2251 937 2321 (Operis

87 2349 197 2416 imperf.
214 2346 261 2401 lib.
279 2348 304 2412 t,
320 2361 380 2414 cop.
396 2345 441 2410 11,
453 2345 509 2410 15).
528 2342 604 2398 Libri
619 2343 654 2397 dc
665 2340 789 2396 Utilitate
804 2340 937 2395 credendi

88 2442 115 2492 11
128 2437 162 2492 de
176 2436 292 2491 Drrabus
304 2434 462 2489 Animabns
472 2433 507 2488 ad
520 2447 629 2487 aunum
641 2431 875 2486 trecentesimum
890 2446 938 2483 uc

87 2525 268 2596 nagesimum
276 2523 414 2596 primum,
425 2520 709 2576 veltreceutesimum
718 2517 937 2589 nonagesimum

90 2615 247 2669 secundum
268 2611 410 2667 referendi
425 2614 505 2677 sunt3
522 2626 587 2664 cum
602 2624 650 2663 eos
669 2607 844 2678 Augustinus
863 2623 936 2677 prm-

90 2702 185 2758 mittat
194 2700 480 2772 disputationi,quam
492 2714 557 2752 cnm
568 2699 722 2752 Fortunato
730 2696 937 2767 habuitquinto

89 2790 225 2844 kalendas
240 2787 417 2859 septembris,
437 2801 513 2840 anuo
534 2783 733 2840 trecentesimo
749 2782 936 2853 nonagesimo

92 2878 226 2933 seeundo.

125 2969 154 3021 3.
169 2966 232 3021 lam
249 2963 372 3020 diximus
385 2964 463 3019 hunc
475 2963 662 3018 Fortunatam
674 2960 760 3016 fuisse
771 2959 937 3016 llanichreo·

87 3070 153 3109 rum
167 3053 377 3124 presbyterum,
403 3051 453 3123 qui
467 3050 544 3122 apud
559 3051 856 3122 hipponem-Regium
868 3064 937 3102 eum

85 3144 146 3213 jam
161 3141 272 3211 pridem
288 3140 445 3212 plurimum
464 3138 600 3209 temporis
624 3137 747 3203 11111111,
763 3137 803 3191 111
818 3136 937 3192 11111111-

90 3234 133 3284 rat
147 3229 186 3282 ita
201 3227 316 3294 multos,
330 3232 363 3282 ut
376 3231 495 3299 propter
509 3227 572 3281 illos
583 3231 693 3280 amaret
706 3225 736 3279 in
752 3241 786 3280 ea
802 3225 872 3280 11111
887 3224 938 3278 111-

88 3319 177 3372 bitare
194 3320 322 3383 (Retreot.
341 3316 389 3370 111.
414 3319 437 3381 1,
458 3330 518 3384 cop.
545 3315 598 3386 11).
620 3314 747 3368 Tandem
767 3318 864 3368 tamen
899 3313 939 3366 ci-

88 3405 181 3461 vitatis
194 3405 270 3460 illius
285 3403 424 3460 Catholici
438 3419 547 3468 omnes,
565 3406 593 3456 et
608 3402 658 3472 qui
671 3406 739 3456 tunc
753 3400 784 3455 in
799 3417 832 3455 ea
846 3417 938 3455 mora·

90 3497 195 3552 bantur
209 3492 366 3566 peregrini,
383 3509 414 3548 11
431 3491 485 3564 ipsi
498 3507 612 3563 quoque
629 3490 792 3556 Donatista,
807 3488 938 3545 adierunt

89 3583 294 3656 Augustiuum,
310 3585 504 3652 rogaruntque
519 3584 551 3634 ut
564 3595 628 3634 oum
645 3581 809 3648 Fortunato,
823 3578 872 3650 qui
886 3578 938 3633 do·

89 3677 150 3728 etus
171 3671 262 3727 abeis
281 3670 450 3736 habebatur,
466 3669 590 3738 detege
606 3671 747 3723 tractaret.
761 3667 939 3739 Augustinus

89 3766 205 3833 paratus
228 3775 342 3829 semper
366 3759 402 3813 ad
420 3758 597 3813 reddendam
620 3756 689 3812 fidei
713 3773 770 3811 suar
786 3756 937 3823 rationem,

89 3848 209 3919 speique
230 3862 262 3900 ao
283 3846 394 3900 fiducia
416 3860 502 3917 quam
525 3844 555 3898 in
580 3846 636 3899 Deo
651 3845 812 3911 collocarat,
829 3847 857 3899 et
871 3861 938 3899 saue

89 3941 189 4008 potans
218 3934 362 3988 exhortari
389 3934 419 3988 iu
434 3932 565 3987 doctrina
577 3948 657 3999 sana,
673 3936 700 3986 et
715 3931 938 3987 contradicentes

90 4038 285 4095 argueremur
298 4020 463 4076 detrectavit
477 4020 653 4091 colloquium
667 4020 730 4074 :sed
746 4024 842 4074 utrum
852 4020 938 4074 etiarn

90 4115 262 4168 Fortunatus
277 4110 305 4165 id
318 4113 474 4181 expeteret,
490 4094 647 4162 scis'citatus
658 4111 712 4163 est.
729 4107 811 4172 Quod
825 4107 939 4161 11111111-

90 4202 186 4257 testim
200 4200 237 4255 ad
256 4200 443 4254 fortunatum
459 4197 633 4262 detulerunt,
649 4200 779 4266 patentes
794 4196 938 4251 1111111-

89 4294 183 4346 tantes
192 4305 225 4344 ac
236 4287 399 4359 flagitantes
412 4302 448 4340 ne
458 4300 644 4356 congressum
659 4262 813 4339 recusaret.
828 4284 877 4339 llle
889 4284 940 4356 qui

90 4377 302 4432 formidandum
318 4375 394 4429 huuc
408 4373 613 4440 adversarium,
636 4373 705 4427 dum
719 4372 940 4428 Manichaeorum

89 4471 186 4537 partes
201 4469 378 4536 sequeretur,
390 4461 561 4533 Carthagine
580 4466 708 4528 noverat,
719 4461 768 4516 diu
781 4461 865 4532 inops
877 4477 941 4514 eon·

91 4552 148 4607 sitii
161 4552 318 4608 fluctuavit.
341 4554 443 4606 Verum
458 4551 570 4622 magnis
582 4549 721 4621 ipsorum,
736 4549 861 4604 maxime
883 4550 939 4603 lla-

90 4640 278 4705 nichmorum,
294 4641 427 4712 precibus
441 4639 576 4695 reluctari
591 4655 650 4694 non
665 4638 759 4709 potuit
770 4655 777 4706 ;
790 4655 826 4693 ue
842 4638 940 4708 dispu-

90 4729 207 4785 tationis
222 4734 367 4784 certaman
389 4729 584 4792 detrectando,
600 4744 692 4782 causae
708 4744 768 4783 suae
786 4728 940 4782 infirmita-

89 4820 148 4871 tem
160 4816 244 4871 tacite
255 4816 398 4887 proderet.
412 4818 510 4888 ltaque
522 4815 587 4871 sein
596 4832 714 4870 arenam
724 4815 938 4884 descensurum,

91 4910 120 4960 11
132 4908 227 4976 partes
250 4920 316 4958 suas
331 4910 581 4975 propugnatorum
596 4908 638 4959 est
653 4904 796 4975 pollicitus
813 4906 938 4974 (Possid,

91 4996 121 5048 iu
136 4996 201 5050 Vita
214 4994 345 5061 August,
361 5008 385 5047 c.
401 4992 438 5063 6).
455 4993 625 5064 Designatus
640 4992 694 5047 tuit
707 4992 767 5048 dies
782 4996 810 5047 11
821 4993 940 5057 locus,ct

91 5081 278 5138 constitutum
295 5085 326 5134 ut
345 5079 455 5135 ratione
471 5080 670 5148 discuteretur,
690 5098 726 5135 an
740 5085 856 5152 possent
879 5097 939 5135 esso

92 5171 215 5242 geminas
237 5174 357 5236 naturae,
381 5173 530 5224 1111111111
545 5175 574 5224 11
595 5170 757 5241 contrariae,
773 5174 858 5243 prout
871 5186 940 5224 con-

92 5260 246 5322 tendebant
262 5257 418 5314 hlanichaei.
435 5257 504 5312 tum
520 5256 597 5312 enirn
612 5259 655 5313 illi
673 5258 800 5314 haretici
815 5258 942 5329 Scriptu-

94 5363 192 5402 rarum
215 5348 310 5418 plures
326 5363 378 5418 pro
395 5344 477 5400 libitu
498 5351 592 5416 partas
607 5347 766 5416 rejicerent,
788 5363 940 5418 operosum

93 5439 154 5488 erat
166 5450 214 5489 eos
225 5437 393 5491 auctoritate
409 5434 590 5488 convincere.
610 5436 692 5504 Apud
710 5436 869 5506 Hipponem
886 5434 941 5507 igi-

94 5528 141 5578 tur
153 5531 346 5581 convenerunt
359 5525 389 5580 in
400 5524 520 5580 balneas
531 5522 617 5579 Sossii
630 5524 730 5598 quinto
745 5525 883 5580 kalendas
898 5541 942 5580 se·

1793 263 1846 317 188

991 409 1140 481 ptembris,
1165 423 1241 462 anno
1265 404 1465 460 trecentesimo
1495 402 1681 472 nonagesimo
1708 401 1843 465 seeundo,

992 496 1203 552 confluentibus
1215 493 1273 549 illio
1287 509 1374 566 quam
1391 490 1523 564 plurimis
1538 491 1605 545 viris
1621 489 1753 556 eruditis,
1768 490 1844 543 aliis-

992 602 1048 659 que
1063 587 1121 640 sire
1135 584 1260 640 discendi
1276 582 1441 643 studiosius
1456 581 1618 636 curiositate
1628 580 1721 635 doctis
1736 579 1845 650 (Contra

993 678 1149 744 Fortunat,
1162 675 1266 743 disput.
1287 676 1311 740 l,
1332 689 1360 726 u.
1381 671 1415 738 tl.
1432 670 1489 725 Sub
1505 673 1640 725 Actorum
1656 670 1743 723 tinem
1758 668 1845 740 signi·

994 764 1074 820 ficari
1089 764 1188 819 eredas
1202 763 1275 817 solos
1294 761 1392 817 fideles
1406 758 1563 831 baptizatos
1576 758 1700 813 adfuisse
1716 757 1842 828 disputa·

991 853 1068 909 tioni
1092 850 1223 907 secundae
1247 850 1339 921 (totu,
1355 848 1459 918 disput.
1475 851 1502 915 t,
1519 864 1548 901 a.
1571 850 1615 912 37)
1632 863 1640 902 1
1657 845 1843 901 nihilominus

993 942 1131 1013 liquatos
1146 937 1286 1007 Possidio,
1305 936 1473 992 Manichacus
1492 935 1578 990 etiam
1593 935 1703 1006 plures,
1726 950 1792 990 cum
1812 934 1841 988 in

992 1046 1026 1083 ea
1049 1023 1666 1095 11111111111111111111111,[11111111111111111
1690 1023 1787 1092 (Pasa,
1815 1028 1843 1077 ia

995 1120 1060 1174 l'itu
1083 1118 1215 1184 August,
1240 1131 1263 1170 o.
1290 1117 1334 1181 6),
1354 1113 1456 1185 virque
1471 1128 1503 1167 ac
1518 1128 1553 1165 11
1572 1110 1619 1166 rix
1633 1110 1752 1182 quidem
1768 1112 1842 1165 credi

991 1205 1085 1274 potest
1106 1216 1167 1256 rem
1183 1216 1212 1254 se
1227 1199 1310 1254 aliter
1324 1197 1465 1252 habuisse.
1485 1196 1633 1267 Utrimque
1648 1195 1724 1249 diota
1740 1197 1842 1250 notarii

992 1289 1070 1344 velut
1084 1288 1114 1342 in
1130 1288 1200 1343 actis
1210 1285 1332 1359 publicis
1342 1284 1528 1356 excipiebant.
1538 1284 1730 1339 Fortunatum
1742 1283 1843 1354 pressit

991 1377 1167 1450 Augustinus
1177 1377 1241 1444 hoo,
1257 1375 1333 1446 quod
1346 1391 1363 1428 a
1377 1373 1513 1428 Nebridio
1523 1376 1682 1444 acceperat,
1695 1387 1843 1442 argumen-

991 1470 1021 1520 to
1039 1465 1087 1521 :Si
1107 1466 1180 1519 Deus
1192 1479 1209 1517 a
1222 1467 1307 1535 gente
1318 1460 1513 1527 tenebrarum,
1527 1459 1842 1532 quamcommiuiscuu·

991 1559 1039 1609 tur
1053 1552 1211 1616 Manichaei,
1227 1550 1299 1605 nihil
1321 1549 1381 1621 pati
1394 1549 1498 1622 potuit,
1519 1549 1587 1620 quia
1600 1547 1778 1604 inviolabilis
1791 1553 1840 1615 est,

992 1659 1050 1697 non
1069 1641 1168 1696 debuit
1180 1639 1300 1704 animas,
1317 1639 1372 1693 hoc
1387 1643 1438 1704 est,
1456 1638 1645 1707 juxtaaorum
1661 1635 1840 1698 sententiam,

992 1735 1104 1803 partem
1117 1746 1176 1785 suae
1191 1726 1367 1793 substantia,
1381 1727 1437 1782 huo
1452 1726 1574 1792 mittere,
1586 1729 1618 1780 ut
1631 1740 1779 1779 aernmnas
1792 1740 1840 1796 pa·

992 1824 1139 1885 terentur3
1161 1818 1205 1872 siu
1220 1821 1315 1871 autem
1331 1832 1348 1869 a
1364 1817 1546 1870 tenebrarum
1560 1818 1644 1886 genta
1659 1813 1769 1884 aliquid
1785 1812 1841 1883 pati

992 1910 1097 1981 potuit,
1117 1907 1289 1963 inviolabilis
1307 1922 1367 1960 non
1382 1909 1435 1959 est.
1452 1906 1490 1959 Ex
1505 1903 1609 1975 quibus
1622 1902 1730 1957 inferre
1745 1901 1839 1964 1111111,

992 1999 1101 2052 malum
1124 2014 1158 2051 ex
1181 1996 1272 2050 libero
1296 1994 1450 2048 voluntatis
1474 1992 1592 2047 arbitrio
1607 2005 1759 2057 emanare,
1775 2006 1837 2044 cum

993 2088 1164 2140 Fortunatus
1179 2089 1312 2138 naturam
1327 2081 1396 2136 mali
1410 2097 1442 2135 ac
1457 2080 1639 2135 tenebrarum
1655 2081 1714 2135 Deo
1730 2079 1784 2150 ipsi
1796 2094 1840 2132 co·

992 2178 1129 2229 aeternam
1143 2172 1316 2244 persuadere
1331 2169 1490 2224 moliretur.
1507 2167 1649 2224 Producta
1661 2172 1706 2222 est
1716 2167 1840 2238 disputa·

992 2263 1032 2317 tio
1041 2261 1202 2332 usquedum
1217 2262 1387 2315 Fortunatus
1402 2258 1431 2312 in
1447 2258 1519 2311 hanc
1534 2256 1734 2328 blasphemam
1746 2270 1840 2309 vocem

993 2350 1087 2421 erupit
1104 2366 1110 2405 :
1127 2349 1294 2403 Sermonem
1311 2346 1359 2402 [lei
1374 2346 1493 2416 ligatum
1504 2360 1565 2399 asse
1576 2344 1702 2414 ingente
1714 2343 1843 2397 tenebra·

992 2455 1067 2493 rum.
1084 2438 1166 2503 Quod
1181 2453 1246 2491 cum
1260 2434 1473 2490 exhorruissent
1484 2433 1533 2504 qui
1544 2433 1672 2498 aderant,
1688 2432 1842 2486 discessum

993 2531 1045 2582 est.
1067 2526 1122 2582 Sed
1146 2525 1281 2597 postridie
1297 2524 1522 2594 redintegratum
1537 2526 1579 2575 cst
1592 2519 1745 2576 111-11111111
1760 2536 1842 2590 argu·

993 2619 1090 2671 mento
1105 2613 1291 2685 colloquium,
1317 2612 1347 2666 iu
1369 2627 1427 2683 quo
1442 2613 1614 2665 Fortunatus
1635 2607 1667 2662 iu
1684 2623 1734 2662 eas
1757 2624 1843 2679 arigu-

994 2702 1062 2757 stias
1077 2701 1112 2755 ab
1122 2700 1281 2772 Augustino
1293 2699 1457 2771 compulsus
1467 2703 1519 2765 est,
1529 2705 1562 2752 ut
1572 2697 1607 2752 ab
1618 2696 1693 2767 ipso,
1707 2696 1842 2767 quidnam

992 2791 1119 2846 dicturus
1143 2796 1228 2855 esset,
1252 2788 1376 2861 petierit,
1401 2787 1544 2842 coufessus
1568 2785 1641 2840 nihil
1665 2801 1695 2839 se
1715 2785 1842 2840 invenire

992 2878 1069 2951 quod
1080 2878 1196 2933 diceret.
1213 2878 1285 2931 Tum
1299 2875 1476 2948 Augustinus
1490 2875 1566 2929 ultro
1581 2873 1607 2928 ei
1626 2873 1772 2945 pollicitus
1791 2876 1840 2931 est.

992 2984 1022 3022 se
1035 2968 1205 3022 catholicam
1228 2965 1325 3030 tidem,
1348 2964 1472 3019 simodo
1489 2963 1630 3017 auditores
1645 2962 1843 3033 permitterent

992 3061 1021 3110 11
1033 3055 1149 3120 1111111,
1165 3053 1370 3125 expositurum.
1387 3051 1547 3122 Respondit
1565 3052 1748 3117 l'ortunatus,
1764 3065 1795 3104 se
1809 3050 1842 3105 de

992 3142 1145 3212 Augustini
1161 3145 1331 3212 argumento
1345 3139 1381 3194 ad
1396 3139 1583 3209 peritissimos
1596 3143 1680 3193 sectoe
1693 3154 1755 3193 sum
1769 3137 1840 3192 rela-

993 3235 1089 3284 turum
1106 3246 1114 3284 :
1130 3229 1180 3301 qui
1191 3229 1214 3284 si
1224 3227 1320 3283 minus
1330 3225 1547 3297 interrogationi
1562 3242 1620 3280 suae
1630 3224 1841 3293 tacerentsatis,

993 3334 1033 3383 se,
1044 3317 1182 3390 quoniam
1202 3317 1305 3371 animm
1324 3332 1383 3371 sure
1397 3317 1544 3370 consulere
1554 3315 1648 3379 vellet,
1663 3314 1699 3368 ad
1719 3313 1788 3369 fidei
1802 3329 1844 3367 ca·

992 3407 1105 3461 thotieae
1128 3405 1354 3477 inquisitionem,
1379 3420 1466 3476 quam
1493 3402 1669 3474 Augustinus
1696 3402 1842 3468 offerebat,

993 3510 1053 3548 esse
1068 3498 1232 3548 venturum.
1249 3493 1320 3547 Cum
1335 3492 1359 3546 is
1373 3492 1474 3549 fuisset
1487 3492 1573 3562 hujus
1584 3489 1787 3562 disputationis
1796 3505 1842 3544 ex·

994 3582 1063 3649 itus;
1082 3581 1131 3653 qui
1147 3581 1294 3636 Fortunati
1310 3580 1500 3635 eruditionem
1517 3586 1601 3651 atqua
1611 3578 1771 3633 doctrinam
1787 3579 1844 3649 plu·

994 3671 1060 3725 rimi
1073 3671 1210 3739 fecerant,
1234 3668 1305 3724 nihil
1321 3684 1388 3722 eum
1413 3669 1443 3721 in
1458 3683 1554 3721 errore
1568 3683 1619 3721 suu
1634 3664 1844 3737 propugnando

993 3758 1113 3813 valuisse
1126 3758 1302 3829 judicarunt.
1324 3757 1375 3810 llle
1391 3772 1456 3810 vero
1479 3771 1543 3809 oum
1569 3754 1654 3808 tidem
1676 3753 1843 3808 catholicam

993 3845 1128 3916 amplecti
1142 3843 1295 3909 debuisset,
1311 3844 1347 3898 ob
1361 3843 1505 3914 publicam
1521 3841 1668 3896 infamiam
1681 3858 1768 3912 quarn
1782 3856 1845 3895 eon·

993 3949 1114 4005 coquere
1131 3949 1188 3987 uon
1203 3936 1322 4003 poterat,
1337 3932 1485 4002 aliquanto
1501 3935 1566 4002 post
1580 3947 1614 3984 111
1632 3930 1702 3984 urbe
1718 3928 1844 3985 discessit

993 4022 1098 4077 rubore
1114 4021 1249 4088 srrffusus,
1264 4036 1316 4074 nec
1331 4021 1366 4075 ad
1387 4035 1450 4075 eam
1465 4019 1589 4090 amplius
1605 4018 1753 4073 remearit.
1771 4019 1844 4073 llanc

994 4111 1215 4183 disputationem
1231 4109 1260 4163 iu
1276 4109 1382 4163 librum
1398 4108 1545 4163 memoriae
1570 4106 1765 4161 mandandam
1784 4121 1845 4161 con·

994 4200 1069 4255 ferre
1085 4197 1193 4253 curavit
1207 4197 1395 4268 Augustinus,
1408 4199 1523 4268 lleoquc
1537 4195 1592 4267 piis
1606 4195 1684 4249 illius
1699 4195 1841 4249 laboribus

995 4289 1118 4354 favente,
1139 4290 1280 4357 quotquot
1294 4286 1362 4340 huie
1382 4284 1536 4340 interfuere
1555 4283 1708 4355 colloquio,
1724 4282 1770 4337 rel
1785 4283 1843 4353 ejus

994 4380 1061 4431 Acta
1074 4375 1266 4446 perlegerunt,
1293 4374 1403 4444 ejurato
1419 4390 1526 4440 errore,
1550 4373 1691 4427 sinceram
1706 4375 1735 4426 et
1750 4371 1843 4426 ortho-

996 4465 1096 4520 doxam
1114 4463 1243 4518 Ecclesiae
1259 4462 1405 4516 catholicae
1419 4462 1507 4516 tidem
1523 4460 1645 4532 amplexi
1657 4465 1725 4515 sunt
1741 4457 1842 4531 (1111).

996 4552 1143 4609 Manichaei
1170 4551 1289 4607 subinde
1306 4552 1466 4622 llipponam
1487 4550 1628 4605 miserunt
1652 4549 1740 4603 alium
1766 4551 1844 4603 sectae

995 4658 1054 4697 sure
1072 4640 1281 4719 presbyterum,
1299 4642 1380 4710 cujus
1395 4656 1502 4694 nomen
1516 4639 1659 4693 reticetur.
1677 4638 1846 4708 Conjectura

994 4736 1092 4785 tamen
1115 4745 1174 4783 non
1196 4729 1284 4794 deest,
1308 4727 1708 4794 11111111111111111111111111,
1732 4726 1768 4780 de
1791 4739 1844 4796 quo

995 4835 1095 4874 sumus
1118 4817 1209 4872 acturi
1234 4834 1310 4872 anno
1338 4815 1622 4887 quadringentesimo
1645 4817 1760 4885 quarto.
1777 4810 1845 4869 Scri·

995 4907 1052 4978 psit
1072 4907 1114 4961 illi
1128 4907 1317 4976 Augustinus,
1340 4906 1475 4977 idemque
1497 4908 1709 4975 argumentum,
1733 4917 1793 4974 quo
1817 4915 1845 4954 sc

996 4996 1169 5049 Fortunatus
1197 4995 1331 5066 expedire
1360 4993 1538 5064 nequiverat,
1567 4991 1734 5063 proposuit;
1763 4988 1846 5045 simul

996 5083 1037 5137 illi
1065 5082 1248 5151 denuntians,
1276 5088 1308 5136 ut
1340 5088 1391 5137 aut
1418 5082 1608 5154 quaestionem
1635 5081 1771 5147 solveret,
1800 5083 1848 5134 aut

996 5170 1153 5225 discederet
1166 5171 1266 5242 (Epist.
1282 5172 1338 5241 191.

1030 5260 1055 5313 l.
1073 5259 1113 5312 Na
1127 5265 1224 5314 autern
1237 5276 1279 5325 11,
1295 5275 1359 5331 quae
1374 5263 1472 5313 contra
1488 5256 1656 5313 Manichaeos
1671 5256 1849 5328 Augustinus

997 5346 1088 5401 adhuc
1110 5347 1256 5418 presbyter
1271 5347 1393 5418 scripsit,
1410 5347 1619 5418 disjungamus,
1640 5345 1787 5416 agendum
1802 5361 1850 5398 no·

997 5434 1039 5490 bis
1054 5439 1096 5489 est
1109 5435 1163 5489 hoc
1179 5435 1240 5489 loco
1255 5436 1289 5490 de
1305 5434 1434 5506 ejusdcm
1458 5434 1532 5488 libro
1556 5433 1691 5488 adversus
1714 5433 1851 5488 Adiman-

997 5529 1060 5580 tum
1075 5525 1204 5595 (ltctrdet.
1220 5526 1268 5580 tit.
1296 5529 1321 5593 t,
1336 5541 1397 5595 cup.
1422 5523 1479 5595 21),
1499 5524 1565 5578 licet
1589 5523 1613 5577 is
1636 5522 1693 5577 alin
1717 5523 1849 5594 quiedam
