3884 6112
88 255 136 310 183
704 248 788 304 VITA
805 247 833 303 S.
853 246 1041 304 AUGUSTlNl
1062 243 1230 302 EPISCOPI.

87 375 122 431 de
149 390 207 448 quo
232 374 312 447 prius
334 371 510 441 dicebamus,
536 371 667 427 coenobio
696 370 938 426 tumultuantibus

86 463 243 535 plurimum
254 461 530 530 sanctimonialibus,
541 465 574 516 ut
588 460 643 516 sibi
654 464 812 515 mutaretur
826 475 937 530 priapo-

88 552 151 617 1111,
172 553 209 607 ob
225 551 311 624 idque
331 550 485 622 Augustini
499 553 682 621 conspectum
698 564 872 621 magnopere
891 564 938 603 er-

89 640 262 712 petentibus,
282 644 325 696 sat
345 640 446 695 habuit
466 643 581 694 sanctus
603 638 758 709 Episcopus
773 638 937 708 objurgato-

89 729 163 784 riam
177 730 210 784 ad
226 729 289 784 illas
305 728 455 800 epistolam
470 727 548 793 dare,
564 726 594 780 iu
608 743 665 798 qua
679 726 863 780 vehementer
877 726 939 797 qoi-

87 817 163 883 dem,
179 816 230 873 sed
245 821 341 871 tamen
356 820 486 871 amanter
500 815 640 870 lucarum
655 814 770 884 crrlpam
783 814 936 869 invehitur.

89 905 207 960 Easdem
220 904 396 967 cohortatur,
409 907 440 957 ul
453 902 569 957 inbono
582 902 729 972 proposito
741 905 936 973 perseverent3

44 976 48 984 ⁸
88 993 164 1065 quod
179 991 205 1047 si
218 992 332 1058 iaciant,
349 992 383 1046 de
398 990 535 1045 mutanda
547 990 709 1062 praeposita,
725 1006 784 1044 nou
793 991 869 1045 ultra
879 1006 939 1045 esse

88 1081 240 1135 locuturas.
259 1082 428 1150 Tranquillet
438 1083 516 1146 heras,
531 1079 635 1152 inquit,
651 1084 676 1134 et
686 1083 939 1149 compouulouimos

87 1175 208 1238 uestros3
224 1184 278 1224 uon
300 1171 330 1223 in
353 1169 427 1223 cobis
449 1170 597 1237 praecluet
610 1184 677 1238 opas
693 1168 808 1233 diaboti,
823 1168 870 1222 sed
881 1184 939 1237 poa

89 1257 192 1313 Christi
203 1260 295 1313 uincet
304 1261 333 1312 iu
348 1258 473 1312 cordibus
483 1259 579 1312 vestris
592 1272 598 1311 :
612 1272 659 1311 neo
673 1257 763 1311 dolore
778 1258 864 1310 animi
874 1259 940 1324 quia

88 1361 142 1401 uon
161 1345 196 1416 fit
216 1346 290 1417 quod
309 1347 403 1413 cultis,
427 1347 469 1400 oei
483 1347 550 1415 quia
562 1346 647 1415 pudet
659 1345 775 1400 voluisse
789 1344 862 1414 quod
876 1345 941 1399 aelle

88 1449 142 1488 non
156 1434 297 1502 debuistis,
313 1434 488 1489 erubescendo
504 1436 621 1489 canatis
644 1436 674 1488 iu
687 1437 816 1496 mortem:
833 1434 880 1488 sed
898 1448 941 1502 po·

90 1524 144 1576 tiras
157 1522 310 1591 puniturado
321 1525 474 1591 ,resumatis
493 1524 630 1591 uirtutem,
651 1538 698 1576 uec
713 1523 836 1577 babeatis
848 1524 939 1592 pacui-

92 1612 203 1665 tentiom
216 1611 300 1665 duda
317 1611 469 1678 traditoris,
485 1610 533 1665 sed
544 1614 635 1680 potius
650 1611 785 1681 lacrymas
800 1613 874 1665 Petri
886 1626 940 1679 pa-

91 1701 173 1752 storis
186 1698 285 1769 (Epist.
300 1701 364 1765 211,
386 1714 417 1753 n.
435 1699 472 1767 h).
492 1698 550 1753 Sub
574 1698 672 1753 isthaec
694 1700 780 1753 verba
803 1699 940 1753 continuo

91 1784 194 1854 incipit
208 1785 317 1856 ltegula
336 1785 600 1840 sanctimonialibus
612 1786 779 1857 prescripta
792 1787 827 1841 ab
846 1789 941 1857 Augu-

92 1873 176 1940 stino,
193 1888 286 1944 eoque
301 1878 416 1928 auctore
431 1889 548 1944 prorsus
559 1873 655 1945 digua.

428 1963 540 2018 CAPUT
560 1964 607 2017 VI.

93 2053 103 2104 t
121 2050 251 2105 Aurelius
266 2053 374 2105 1111111
387 2053 526 2120 episcopus
539 2052 774 2120 Cartbaqiueusis,
788 2067 822 2106 eu
834 2066 886 2122 quo
899 2055 941 2106 in-

127 2141 261 2207 pantesia
281 2139 415 2193 Eustasius
438 2139 589 2206 Africanas
615 2140 771 2194 redundant
789 2141 935 2196 utilitates.

127 2228 144 2279 1
157 2226 274 2281 Aderam
287 2226 382 2281 1111111
398 2227 580 2293 Anqustinus,
597 2244 649 2298 quo
663 2228 697 2282 oh
712 2229 827 2283 ecclesiis
841 2244 940 2284 comes·

127 2317 243 2369 sationes
258 2316 366 2369 elalius
380 2316 517 2382 tarditates
536 2319 655 2384 ousuot.
676 2319 691 2371 3
706 2318 780 2371 Dolet
794 2320 941 2371 contentio-

127 2419 187 2457 nem
201 2407 226 2457 et
235 2418 312 2457 oouae
325 2403 415 2459 1111111
428 2405 580 2474 appetitam
593 2406 623 2458 in
632 2407 699 2474 ipsas
715 2420 820 2475 quoque
836 2407 941 2461 clericis

127 2494 255 2546 inveniri.

130 2584 155 2636 l.
180 2580 249 2635 Cum
267 2579 441 2652 Augustinus
463 2596 496 2634 ex
519 2580 599 2635 ltalia
622 2580 707 2634 rediit
729 2586 850 2637 exeunte
867 2599 941 2638 anuo

93 2668 294 2723 trecentesimo
324 2668 499 2740 octogesimo
522 2673 631 2731 octavo,
657 2669 790 2725 Aurelius
818 2676 880 2726 erat
906 2688 940 2727 eo

35 2798 37 2807 ,
90 2761 220 2829 tempore
236 2757 371 2812 diaconus
385 2757 615 2829 Carthaginensis
628 2759 674 2829 (lle
681 2758 740 2815 Cio.
756 2761 815 2826 Ilei,
832 2761 879 2815 lib.
894 2763 940 2827 11,

89 2862 149 2916 cop.
166 2848 193 2914 8,
212 2862 240 2901 n.
258 2847 295 2917 3).
323 2845 373 2901 Hic
390 2845 421 2900 iu
438 2862 471 2900 eo
491 2846 583 2901 adhuc
597 2847 768 2902 constitutus
782 2849 884 2919 gradu,
899 2849 940 2904 vi·

88 2934 175 2989 tiosos
187 2933 336 3006 quasdam,
352 2951 417 3007 quae
431 2951 484 3006 per
497 2935 622 2990 Africam
636 2935 755 3007 impune
770 2938 939 3008 regnabant,

90 3022 313 3078 consuetudines
327 3022 513 3078 intoleranter
523 3022 647 3086 dolebat,
663 3023 721 3078 imo
731 3026 939 3082 exsecrabatur.

92 3110 171 3165 Unde
198 3126 263 3165 cum
285 3111 322 3165 ad
344 3110 597 3183 Carthaginensem
612 3112 776 3168 cathedram
791 3120 941 3184 provectus

93 3204 147 3266 est,
161 3198 259 3252 nullus
273 3213 306 3253 eo
322 3198 436 3269 dignior
445 3199 532 3265 visus,
544 3200 594 3270 qni
609 3216 667 3254 suae
682 3201 757 3256 sedis
772 3204 940 3259 auctoritate

50 3300 56 3309 ⁶
89 3286 147 3340 illis
162 3285 334 3342 mederetur.
347 3287 559 3352 QuiEeclesiam
575 3305 609 3343 ex
624 3290 720 3344 auimo
730 3290 896 3362 diligebant,
908 3296 941 3346 ut

88 3374 276 3446 Augustinus,
303 3378 331 3430 al
345 3380 428 3430 antea
440 3376 591 3448 desperare
606 3377 776 3433 videbantur
790 3378 885 3450 turpia
899 3380 939 3435 ri-

88 3462 138 3529 tia,
156 3479 221 3535 quas
237 3463 373 3537 pleraque
399 3465 476 3519 illius
500 3466 631 3521 membra
657 3465 866 3537 deformabunt,
882 3472 940 3523 eta

87 3552 185 3624 paucis
211 3553 274 3608 aliis
288 3553 412 3624 gemitus
427 3554 590 3622 eliciebant,
607 3549 639 3610 ex
661 3571 694 3610 ea
714 3571 843 3628 uuquam
856 3573 939 3628 posse

87 3641 243 3713 proscribi;
261 3642 312 3696 ubi
329 3643 529 3698 auctoritatem
554 3643 690 3698 divinitus
712 3643 828 3699 Aurelio
843 3644 939 3698 ridere

87 3730 234 3796 tributam,
258 3731 319 3801 jans
339 3747 395 3785 nou
418 3732 570 3802 desperare
590 3737 746 3803 caeperunt.
763 3732 938 3797 Quinetiam

87 3833 153 3872 cum
179 3834 244 3873 eum
259 3819 325 3889 plus
345 3819 465 3874 interius
477 3836 530 3890 per
543 3820 688 3888 virtutem,
705 3835 792 3890 quam
805 3820 874 3874 foris
888 3837 939 3891 per

88 3903 258 3975 dignitatem
283 3904 409 3960 eminere
423 3907 582 3974 crederent,
606 3907 636 3962 iu
656 3924 736 3978 spem
748 3908 938 3964 certissimam

88 3992 202 4048 adducti
217 3997 294 4061 sunt,
310 3992 371 4047 lore
390 3998 420 4049 ut
434 3994 517 4050 ioedae
532 3995 588 4050 illae
602 3996 824 4051 consuetudines
838 4002 867 4051 et
880 3998 937 4052 hu·

84 4081 132 4153 jus
141 4081 268 4154 episcopi
282 4082 445 4153 prudentia,
457 4088 487 4138 et
495 4085 682 4139 conciliorum
694 4100 758 4155 quos
769 4091 938 4141 convocatu·

86 4187 135 4224 rus
150 4176 211 4226 erat
225 4171 393 4227 auctoritate
410 4173 588 4228 tollerentur.
605 4174 661 4228 Nec
676 4189 742 4228 vero
757 4189 821 4245 spes
835 4190 883 4229 eos
896 4175 909 4228 l
923 4205 934 4215 -

86 4259 168 4317 iellit.
185 4260 402 4316 Aureliuseuim
414 4265 780 4333 quantocumquetempore
789 4261 938 4333 Carthagi·

73 4355 204 4403 nensem
229 4348 300 4404 rexit
317 4349 481 4415 Ecclesiam,
498 4365 611 4422 semper
625 4367 654 4405 se
670 4350 872 4421 dignissimum
888 4352 939 4423 Cy·

86 4435 181 4505 priani
195 4453 387 4493 successorem
399 4437 533 4509 praebuit.
550 4438 630 4493 Haud
649 4439 718 4494 alias
733 4439 835 4512 magis,
851 4456 938 4512 quam

40 4566 45 4574 .
87 4539 120 4578 eo
135 4525 273 4595 *praesule
289 4526 387 4581 floruit
401 4527 533 4581 Africana
556 4528 686 4583 Ecclesia.
708 4529 790 4583 Nulla
806 4544 872 4599 pars
888 4531 937 4584 Ec-

87 4611 178 4666 clesiae
193 4612 336 4668 catholicae
350 4615 415 4685 plus
434 4615 534 4686 gratiae
550 4619 578 4670 et
600 4615 714 4685 pietatis
731 4632 791 4688 prae
813 4633 842 4671 se
866 4617 937 4672 iere·

86 4699 136 4754 hat
150 4716 157 4754 z
173 4703 202 4754 et
218 4700 288 4755 citra
310 4703 479 4758 temeritatis
495 4708 592 4760 uotam
611 4704 724 4759 ridetur
741 4705 829 4759 asseri
843 4722 935 4777 posse,

86 4788 243 4844 secundum
256 4791 548 4865 apostolicatempora
557 4810 699 4865 nusquam
707 4793 936 4866 religionischri-

86 4876 722 4948 stianaedigniruem,ecclesiasticadoctrina
732 4882 936 4950 eruditionem,

85 4969 114 5019 et
127 4964 297 5036 episcopalis
311 4967 459 5038 regiminis
474 4969 596 5026 formam
613 4974 772 5026 1111111111
786 4971 869 5026 laude
882 4972 937 5026 cla·

86 5055 187 5123 ruisse,
212 5059 319 5126 quanta
340 5055 429 5112 eluxit
451 5057 481 5112 iu
502 5060 634 5115 Africana
648 5061 769 5115 Ecclesia
785 5059 937 5114 taurinatis

85 5143 142 5199 illis
155 5144 344 5216 temporibus,
359 5144 464 5217 quibos
474 5152 559 5217 caput
572 5148 674 5204 habuit
685 5149 845 5216 Aurelium,
869 5149 936 5203 ani-

88 5248 164 5288 maru
179 5233 380 5305 augustinum.
402 5233 437 5288 lli
452 5234 592 5290 nimirum
605 5237 662 5292 duo
677 5238 771 5293 eximii
788 5239 935 5308 presules,

1794 243 1847 296 181

993 385 1058 424 rum
1077 367 1232 423 amicitiam
1248 366 1307 422 ullo
1328 381 1457 438 uuquam
1471 363 1662 421 emulationis
1682 368 1712 420 et
1730 363 1847 420 invidiae

993 462 1073 513 motu
1088 458 1148 512 risa
1161 457 1197 511 sit
1210 457 1332 512 elevare.

1027 549 1054 600 1.
1070 545 1199 601 Primum
1214 549 1322 600 mntuoe
1336 544 1452 600 illorum
1467 543 1602 599 amicitiae
1617 543 1783 615 symbolum
1796 560 1847 598 no

992 634 1036 690 bis
1057 635 1191 704 occurrit,
1216 633 1335 706 epistola
1356 649 1442 705 quam
1461 633 1594 688 Aurelius
1619 633 1679 704 jam
1696 633 1845 704 Carthagi·

994 723 1089 778 nensis
1113 723 1264 793 episcopus
1289 721 1401 793 scripsit
1423 721 1598 793 Augustino;
1628 721 1680 793 qui
1694 722 1846 793 respondet

993 811 1034 865 illi
1058 811 1178 882 epistola
1192 810 1331 881 vigesima
1349 810 1483 877 secunda,
1502 826 1590 882 quam
1602 809 1666 882 ipse
1680 811 1847 882 paulopost

993 899 1200 955 ordinationem
1214 915 1296 955 suam
1307 898 1421 954 ridetur
1432 898 1642 971 conscripsisse,
1658 897 1776 970 quaudo
1787 915 1845 954 ruo·

993 987 1148 1043 naslerium
1170 1003 1255 1042 suum
1280 986 1462 1058 llippouanse
1489 987 1598 1058 erigere
1621 987 1789 1058 incipiebat,
1818 994 1846 1042 et

993 1076 1054 1148 ipso
1070 1076 1249 1148 episcopatus
1276 1076 1385 1131 Aurelii
1409 1075 1540 1140 exordior
1569 1076 1679 1147 quippe
1694 1091 1761 1130 cum
1777 1075 1844 1147 spei,

994 1181 1081 1238 quam
1092 1180 1191 1219 omnes
1206 1165 1275 1219 boui
1293 1165 1328 1219 de
1347 1165 1397 1219 illo
1412 1170 1613 1235 conceperant,
1633 1165 1663 1219 iu
1679 1181 1714 1219 ea
1729 1165 1847 1219 mentio-

994 1269 1062 1308 nem
1076 1253 1170 1308 laciat.
1181 1252 1360 1324 Quapropter
1372 1252 1517 1307 affirmare
1526 1253 1603 1321 licet,
1615 1254 1769 1308 Aurelium
1783 1259 1845 1308 ante

995 1357 1103 1396 annum
1118 1341 1350 1396 trecentesimum
1364 1341 1583 1413 nonagesimum
1596 1358 1654 1397 non
1669 1342 1759 1398 foisse
1773 1359 1845 1398 crea·

994 1434 1057 1485 tum
1070 1430 1248 1502 episcopum.
1265 1432 1298 1485 Et
1308 1446 1338 1484 re
1351 1430 1414 1501 ipsa
1428 1435 1636 1486 antecessorem
1651 1432 1714 1502 ejus
1730 1431 1847 1486 Geneth-

995 1519 1068 1574 liunr
1078 1519 1108 1573 iu
1121 1519 1246 1574 secundo
1257 1518 1376 1574 concilio
1387 1519 1615 1590 Carthaginensi,
1623 1519 1737 1575 decimo
1747 1525 1846 1592 quarto

994 1607 1131 1662 kalendas
1142 1606 1230 1678 junii,
1245 1623 1321 1663 anno
1335 1608 1535 1663 trecentesimo
1550 1608 1741 1679 nonogesimo
1755 1609 1847 1681 praesi-

994 1696 1062 1750 dere
1085 1695 1286 1766 conspicimus.
1310 1696 1442 1751 Aurelius
1470 1701 1565 1751 autem
1589 1696 1843 1768 Carthaginensem

996 1785 1092 1840 sedem
1107 1785 1223 1839 tenebat
1238 1801 1312 1839 auno
1327 1785 1526 1840 trecentesimo
1540 1786 1731 1857 nonagesimo
1748 1787 1843 1855 tertio;

995 1887 1060 1927 cum
1076 1872 1256 1944 llippouanse
1276 1871 1429 1927 concilium
1450 1876 1547 1927 octavo
1571 1872 1617 1927 die
1630 1872 1760 1934 octobris
1774 1872 1845 1927 illius

995 1960 1064 2014 anui
1084 1960 1265 2032 inscriptum,
1289 1977 1322 2015 ex
1337 1977 1437 2015 eorum
1452 1961 1488 2014 sit
1503 1977 1635 2028 numero,
1651 1978 1718 2034 quae
1734 1962 1845 2017 subitio

995 2053 1061 2103 suut
1075 2049 1183 2105 habita.
1200 2051 1261 2104 Non
1276 2053 1388 2104 exstant
1400 2049 1500 2105 litterae
1517 2066 1588 2121 quas
1603 2051 1651 2105 ille
1663 2049 1778 2121 scripsit
1790 2053 1845 2106 Au-

996 2137 1109 2207 gustino
1127 2155 1132 2192 :
1148 2137 1176 2193 id
1192 2139 1286 2193 solum
1301 2137 1437 2210 colligare
1450 2154 1613 2209 possumus,
1630 2154 1698 2193 eum
1713 2138 1845 2210 1111111-

995 2226 1049 2280 bus
1060 2227 1214 2298 Augustini
1224 2227 1452 2295 commendasse;
1464 2229 1640 2298 gratulatum
1655 2227 1750 2282 eidem
1761 2227 1846 2282 111111

995 2315 1073 2386 quod
1095 2315 1214 2387 Alypius
1235 2314 1278 2371 illi
1301 2316 1478 2381 conviverem
1494 2321 1523 2370 et
1544 2316 1607 2387 agri
1630 2315 1681 2387 qui
1695 2317 1846 2388 Augustini

995 2403 1167 2458 monasterio
1199 2403 1283 2459 datiis
1311 2404 1418 2469 iuerat,
1443 2403 1525 2458 iniis
1547 2404 1649 2460 littaris
1671 2405 1844 2460 meminisse.

994 2491 1211 2547 Sanctumhunc
1225 2493 1378 2564 praesulem
1388 2493 1524 2564 jamaulc
1534 2493 1846 2566 colebatdiligebatqua

995 2581 1185 2651 Augustinus;
1202 2587 1231 2636 et
1246 2582 1323 2636 illius
1336 2582 1449 2644 litteris,
1465 2582 1496 2636 in
1515 2582 1620 2655 quibus
1634 2582 1776 2654 impressa
1790 2583 1845 2637 sin·

995 2670 1053 2724 ceri
1067 2670 1174 2724 amoris
1201 2669 1308 2725 indicia
1322 2671 1402 2742 legit,
1424 2672 1494 2726 adeo
1513 2675 1612 2742 eaptus
1626 2677 1678 2736 est,
1694 2671 1846 2743 atquibus

995 2757 1022 2812 ei
1036 2759 1130 2813 verbis
1144 2759 1346 2831 responderet,
1357 2760 1406 2815 diu
1421 2760 1524 2815 dubius
1536 2761 1661 2816 haeserit.
1677 2761 1806 2816 'laudem
1817 2776 1844 2813 se

995 2846 1053 2900 Deo
1068 2847 1223 2915 commisit,
1238 2852 1270 2902 ut
1286 2848 1346 2919 ipse
1373 2865 1541 2921 responsum
1565 2853 1743 2921 suggereret,
1769 2848 1843 2921 quod

996 2935 1144 3006 utriusque
1160 2951 1228 3006 erga
1243 2937 1374 2992 Ecclesiae
1396 2937 1506 2992 honuni
1530 2936 1625 2992 studio
1645 2938 1765 3009 zeloque
1779 2953 1843 2991 con-

995 3026 1119 3092 grueret.
1136 3021 1283 3076 Fiduciam
1299 3023 1325 3077 ei
1335 3023 1476 3078 dedorunt
1489 3023 1595 3078 Aurelii
1611 3023 1726 3091 litterae,
1740 3028 1843 3078 utcum

996 3109 1044 3163 illo
1054 3113 1192 3182 tanquam
1203 3127 1299 3166 secum
1311 3111 1569 3183 andereteolloqui.
1583 3113 1738 3183 Postquam
1748 3113 1843 3184 itaqua

994 3197 1145 3253 certiorem
1160 3198 1241 3252 illum
1253 3199 1318 3254 lecit
1329 3199 1501 3264 orationum,
1516 3215 1585 3270 quas
1600 3199 1661 3271 ipse
1672 3216 1739 3255 cum
1752 3200 1844 3256 tratri·

994 3284 1047 3338 bus
1064 3287 1120 3340 lleo
1142 3286 1289 3353 fundebat,
1316 3292 1346 3342 ut
1361 3288 1422 3359 spei
1444 3288 1478 3342 de
1493 3288 1570 3343 illius
1584 3287 1752 3360 episcopatu
1778 3305 1844 3344 con·

994 3378 1084 3444 ceptoe
1109 3376 1294 3445 responderet
1320 3382 1448 3444 eventus,
1475 3392 1542 3431 earm
1566 3378 1735 3432 adhortatur
1754 3382 1845 3433 utco-

995 3463 1189 3528 messationes,
1207 3464 1311 3535 quibus
1330 3464 1392 3519 Afri
1413 3465 1500 3521 etiam
1515 3465 1636 3520 obducta
1651 3466 1767 3536 pictatis
1780 3483 1844 3539 spe·

994 3550 1036 3605 cie
1047 3551 1077 3605 in
1090 3552 1215 3607 ecclesiis
1236 3554 1384 3622 vacabant,
1400 3554 1565 3624 proscribat.
1583 3555 1737 3610 Pollicetur
1761 3555 1843 3610 elisur

995 3639 1045 3703 illi,
1063 3639 1149 3694 modo
1164 3641 1244 3712 prior
1265 3641 1345 3712 operi
1367 3657 1487 3697 manum
1516 3642 1676 3710 admoveat,
1702 3644 1843 3698 Valerium

995 3728 1208 3799 hipponensem
1219 3747 1279 3801 non
1289 3730 1465 3785 defuturum.
1474 3731 1526 3786 Ubi
1538 3732 1628 3786 multa
1636 3732 1724 3787 habet
1733 3733 1765 3787 iu
1775 3733 1844 3788 hunc

993 3833 1055 3871 rem
1071 3817 1198 3889 egregia,
1220 3824 1248 3873 et
1266 3823 1308 3874 est
1326 3819 1403 3874 locus
1425 3819 1460 3874 de
1483 3819 1677 3875 oblationibus
1701 3837 1755 3892 pro
1770 3837 1842 3876 mor·

994 3906 1049 3960 tuis
1072 3907 1271 3962 observatione
1287 3908 1470 3980 dignissimus
1486 3909 1585 3979 (Epist.
1599 3911 1645 3976 12,
1660 3926 1689 3965 u.
1709 3910 1843 3977 11111-

993 3994 1080 4049 relius
1094 3995 1171 4050 haud
1185 3996 1270 4051 dubie
1284 4013 1336 4051 suo
1350 4012 1418 4065 erga
1433 3997 1584 4052 Ecclesiam
1599 3997 1693 4053 oillcio
1704 3998 1758 4052 hac
1770 3998 1801 4053 iu
1816 4013 1842 4052 re

992 4083 1157 4154 perstructus
1172 4089 1225 4140 est.
1253 4086 1383 4140 Testatur
1397 4085 1574 4156 Augustinus
1589 4086 1619 4140 in
1638 4086 1764 4158 quadam
1779 4103 1841 4141 oon·

992 4172 1073 4226 cione
1088 4172 1122 4227 ad
1137 4174 1277 4244 populum
1291 4174 1399 4244 habita,
1414 4191 1454 4241 se,
1471 4191 1535 4229 crim
1553 4175 1705 4230 ebrietates
1721 4174 1757 4230 de
1771 4176 1842 4230 basi·

992 4259 1046 4314 lica
1060 4260 1091 4315 in
1118 4278 1175 4333 qua
1194 4262 1426 4330 concionabatur,
1446 4264 1532 4318 vellet
1553 4262 1696 4333 expellere
1725 4264 1801 4336 (quae
1813 4279 1841 4318 re

992 4347 1055 4418 ipsa
1068 4349 1226 4405 carnalium
1245 4350 1396 4406 hominum
1413 4351 1552 4406 seditione
1566 4352 1767 4424 nequidquam
1795 4351 1841 4407 ob·

993 4441 1085 4491 stante
1104 4438 1222 4492 sublatae
1247 4437 1335 4509 suut),
1364 4440 1471 4509 grande
1494 4439 1656 4510 periculum
1678 4440 1840 4495 incurrisse.

991 4526 1109 4581 Videtur
1135 4527 1161 4581 id
1182 4527 1316 4582 accidisse
1332 4529 1514 4598 Carthagine,
1538 4545 1603 4583 cum
1625 4529 1660 4584 de
1676 4528 1841 4600 spectaculis

991 4615 1020 4670 in
1032 4631 1065 4670 eo
1075 4633 1205 4671 sermone
1215 4616 1339 4672 multum
1349 4618 1514 4685 disserebat
1525 4623 1731 4690 argumentum
1741 4623 1838 4674 tractet

990 4706 1025 4759 ab
1041 4705 1103 4759 aliis
1118 4705 1171 4760 sibi
1185 4707 1365 4777 propositum
1382 4708 1477 4777 (Serra.
1493 4708 1646 4777 151111).

1026 4796 1051 4848 3.
1068 4795 1161 4850 Sednt
1174 4795 1198 4865 ej
1204 4811 1236 4848 us
1251 4795 1285 4850 ad
1299 4796 1449 4850 Aurelium
1464 4795 1613 4867 epistolam
1627 4794 1771 4868 reliquam
1780 4811 1841 4868 per·

990 4883 1157 4950 lustremus,
1169 4883 1291 4938 deinani
1306 4900 1420 4956 quoque
1434 4884 1526 4955 gloria
1540 4889 1568 4939 et
1582 4884 1674 4939 laudis
1688 4885 1842 4958 cupiditate

990 4971 1098 5026 ibidem
1113 4973 1250 5042 praeclara
1264 4972 1342 5038 dicit,
1357 4973 1509 5044 subditque
1530 4989 1559 5026 se
1582 4974 1636 5027 ista
1650 4989 1711 5028 nou
1725 4978 1785 5028 tam
1799 4973 1841 5027 in·

991 5062 1126 5115 struendo
1136 5062 1251 5116 Aurelio
1265 5062 1405 5133 prolerre,
1419 5078 1505 5134 quam
1517 5062 1632 5117 sibimet
1642 5063 1794 5118 excitando
1808 5067 1842 5117 ad

990 5157 1105 5208 strenue
1125 5155 1281 5210 cumhostc
1303 5155 1518 5218 decertandum,
1539 5155 1621 5225 cujus
1639 5154 1754 5210 virosis
1768 5171 1843 5211 uuus

990 5242 1082 5306 sentit,
1097 5243 1146 5313 qui
1161 5243 1187 5297 ei
1203 5243 1309 5298 bellum
1325 5243 1469 5299 indixerit.
1487 5245 1659 5301 Vehementer
1674 5259 1736 5299 cum
1749 5244 1845 5298 odou-

86 5319 120 5373 ad
133 5320 255 5377 fratrum
268 5337 386 5377 suorum
401 5321 560 5376 subsidium
587 5327 664 5378 tanta
690 5341 802 5397 semper
817 5325 938 5380 necessi·
990 5332 1062 5385 sorio
1086 5329 1230 5399 dimicans,
1254 5331 1357 5403 iuquit,
1374 5347 1444 5402 sape
1458 5333 1491 5386 ub
1507 5347 1536 5388 eo
1550 5332 1663 5387 1111111
1678 5335 1768 5402 capio,
1782 5348 1841 5388 caua

86 5411 185 5469 tudine
200 5415 315 5471 luerunt
339 5415 461 5471 inuicem
480 5416 636 5487 conjuncti,
657 5422 689 5471 ut
707 5434 759 5472 neo
771 5418 846 5473 sedis
860 5419 936 5473 illius
990 5419 1189 5474 delectationem
1201 5421 1297 5475 oblate
1317 5420 1407 5476 laudis
1430 5423 1500 5475 mibi
1514 5423 1624 5488 auterre
1645 5436 1699 5475 aon
1721 5408 1842 5490 possam.

86 5504 259 5572 prestantia,
275 5521 327 5560 nec
347 5505 465 5561 illustris
480 5509 509 5559 et
522 5508 674 5576 pervagata
691 5505 772 5561 istius
787 5508 872 5574 faura,
888 5524 935 5561 eo·
990 5511 1053 5563 llaec
1061 5513 1205 5578 propterea
1214 5510 1320 5578 scripsi,
1334 5513 1364 5563 ul
1377 5511 1403 5563 si
1415 5514 1468 5564 lue
1483 5510 1629 5564 Sanctiluti
1637 5509 1699 5577 jam
1710 5525 1765 5564 uon
1779 5515 1842 5564 saort
