3884 6112
84 36 88 43 ¹
171 32 324 125 Χ
353 32 368 129 ‚5

132 208 184 266 tro

129 327 274 385 sub'idem
290 330 402 399 tempus
413 323 511 381 edidit.
522 324 556 379 nt
569 338 634 380 cum
650 323 780 380 llonnica
793 328 885 379 mater
899 324 982 396 paulo

130 423 195 493 post
209 418 271 491 ejus
286 415 463 491 Baptismum
486 431 521 470 ex
536 415 589 470 hac
608 413 667 469 vita
688 414 832 486 migravit,
855 412 983 468 nondum

59 555 67 567 .
107 506 311 581 ¹trigesimum
333 510 362 562 et
381 504 498 561 tertium
513 503 604 559 aetatis
624 519 732 559 aunum
748 507 880 575 exegerat
891 503 980 574 (Coos.

131 597 180 653 tto.
196 600 221 666 9,
237 612 299 668 cop.
321 598 363 664 ll,
384 610 415 651 rr.
433 596 489 663 28).
507 592 555 648 llis
575 592 615 646 ita
637 591 797 648 constitutis
821 591 981 657 coniicitur,

131 703 196 742 cum
209 685 356 759 trigesimo
371 683 495 740 secundo
506 681 597 737 aetatis
605 697 663 736 suoe
674 697 749 736 anno
764 684 884 735 exeunte
894 680 983 735 tuisse

131 790 317 842 conversum;
333 789 409 828 anno
424 777 520 827 autem
539 769 685 842 trigesimo
701 767 782 824 tertio
795 768 981 840 baptizatum,

132 869 197 921 oeto
219 867 268 920 aut
292 878 392 918 novem
416 862 481 932 post
501 858 715 914 conversionem
738 858 982 920 menstruarum

133 949 277 1023 Baptisma
291 949 321 1004 in
336 947 464 1004 Paschali
478 946 656 1002 solemnitate
672 945 839 1016 susceperit.
854 947 917 1001 lam
931 961 981 1000 au-

130 1042 189 1094 tem
213 1036 356 1093 Possidins
370 1051 459 1090 anuos
482 1051 548 1089 eum
571 1051 618 1089 sex
633 1038 661 1089 et
681 1034 863 1107 septuaginta
882 1039 982 1089 natum

131 1126 234 1184 obiisse
260 1125 348 1182 tradit
372 1124 533 1196 (Possidins,
556 1126 586 1179 in
613 1127 678 1181 Vite
694 1125 854 1193 Augustini,
871 1139 893 1178 c.
920 1123 980 1196 3l):

130 1217 283 1288 nullusque
298 1214 328 1270 in
342 1213 461 1270 dubium
477 1218 590 1268 revocat
604 1213 666 1284 ojus
681 1212 791 1267 obitum
804 1212 834 1266 in
849 1211 983 1285 quintum

130 1303 270 1360 kalendas
281 1303 451 1377 septembris
466 1302 534 1357 anni
546 1300 822 1374 quadringentesimi
830 1301 980 1372 trigesimi,

129 1393 209 1466 juxta
218 1392 351 1465 Prosperi
365 1391 518 1448 chronicon
533 1389 676 1446 incidisse.
688 1390 772 1445 Illum
785 1388 874 1461 igitur
883 1394 982 1446 natum

131 1481 218 1538 luisse
229 1486 344 1554 oportet
351 1481 445 1537 idibus
453 1479 616 1536 novembris
628 1479 695 1535 anni
703 1478 984 1552 trecentesimiquin·

132 1570 292 1644 quagesimi
302 1570 413 1644 quarti;
427 1586 594 1626 conversum
607 1585 704 1624 mense
720 1574 841 1640 augusto
852 1569 920 1623 anni
930 1574 983 1624 tre·

131 1660 279 1718 centesimi
292 1659 457 1733 octogesimi
471 1659 557 1728 sexti;
572 1658 748 1730 baptizatum
766 1674 833 1712 vero
849 1658 983 1732 ¹Paschate

132 1750 201 1808 anni
212 1749 406 1806 trecentesimi
418 1748 584 1821 octogesimi
594 1747 720 1819 septimi,
736 1751 833 1802 octavo
847 1747 984 1802 kalendas

131 1840 211 1897 maii.
220 1841 258 1895 Eo
268 1839 347 1894 enim
355 1854 430 1894 anuo
443 1838 551 1893 Pascha
560 1837 681 1909 septimo
689 1836 825 1891 kalendas
836 1836 904 1890 maii
915 1837 984 1890 cele-

131 1929 273 1986 brandum
282 1944 342 1984 esse
352 1926 664 1983 docueratAmhrosins
678 1925 832 1996 (Amores,
846 1928 935 1996 Epist.
948 1926 984 1981 od

131 2016 294 2090 Emittam).
314 2017 428 2073 Nullam
442 2017 535 2072 haecce
556 2014 741 2086 chronologia
760 2014 985 2070 controversiam

133 2106 306 2175 admitteret,
317 2105 373 2160 nisi
386 2104 563 2178 Augustinus
578 2108 700 2159 matrem
715 2119 797 2159 suam
811 2108 873 2159 tum
884 2120 917 2159 ex
931 2103 984 2159 hac

131 2195 188 2250 vita
203 2194 339 2266 migrasse
353 2192 469 2262 diceret,
487 2208 554 2248 cum
568 2193 630 2265 ipse
643 2191 768 2248 Africam
788 2196 933 2264 repetens,
955 2208 984 2248 se

133 2283 169 2339 ad
185 2283 262 2340 Ostia
272 2282 406 2338 Tiberina
420 2281 594 2353 navigationi
608 2281 780 2336 instauraret
793 2280 882 2352 (Coras.
895 2282 941 2336 tib.
957 2284 983 2349 9,

133 2389 198 2443 cop.
223 2374 251 2441 8,
274 2388 303 2427 a.
327 2375 374 2439 ¹73
389 2386 450 2442 cop.
469 2373 512 2438 ld,
527 2387 559 2426 n.
586 2370 642 2442 23).
667 2370 782 2426 Constat
805 2369 893 2436 euim,
918 2368 985 2425 hinc

133 2459 261 2534 quidem,
274 2459 377 2516 obiisse
391 2459 481 2528 illam,
497 2463 529 2514 ut
544 2458 677 2525 diximus,
693 2457 873 2530 trigesimum
888 2462 916 2514 et
926 2462 984 2514 ter-

133 2549 207 2606 tium
223 2549 315 2605 etatis
329 2565 437 2604 aunum
452 2552 554 2620 agente
574 2547 734 2620 Augustino
745 2567 753 2616 ;
764 2547 817 2603 hoc
839 2550 890 2615 est,
904 2548 986 2619 juxta

134 2640 275 2696 calculum
297 2642 437 2706 nostrum,
454 2641 524 2694 ante
534 2637 598 2692 idus
612 2636 780 2693 novembres
795 2636 862 2692 anni
876 2641 985 2692 trecen·

134 2726 231 2783 tesimi
244 2724 411 2799 octogesimi
425 2723 551 2796 septimi.
570 2721 652 2779 llliuo
665 2727 762 2779 autem
774 2727 884 2779 certum
899 2723 985 2778 habe·

134 2832 209 2884 mus,
232 2813 425 2887 Augustinum
446 2830 506 2869 uon
537 2812 685 2884 repetiisse
698 2812 822 2869 Africam
845 2812 900 2868 nisi
924 2816 988 2885 post

135 2920 233 2959 uocem
244 2901 359 2959 Maximi
368 2900 481 2975 tyranni
491 2901 603 2973 (Contra
611 2903 731 2957 Litteras
740 2902 878 2969 Potitium,
889 2916 917 2954 n.
930 2901 986 2972 30),

135 2992 185 3064 qui
199 3008 296 3048 meuse
304 2991 379 3063 julio
389 2995 519 3059 exeunte,
530 2991 574 3046 vel
583 2995 704 3061 augusto
715 2990 784 3046 anui
795 2989 988 3046 trecentesimi

134 3080 301 3153 octogesimi
313 3079 405 3135 octavi
419 3079 585 3135 interiectus
598 3083 650 3134 est.

170 3173 200 3227 2.
219 3169 375 3224 bittlcultas
386 3168 442 3224 duo
457 3168 512 3224 ista
526 3167 695 3223 conciliandi
711 3167 889 3223 doctissimos
904 3184 987 3240 quos·

136 3273 192 3331 que
206 3257 237 3313 in
253 3257 377 3313 diversas
389 3256 538 3329 opiniones
552 3256 692 3312 distrahit.
709 3256 829 3322 Quidam
844 3257 921 3313 enim
935 3274 987 3312 no-

136 3349 200 3404 lunt
221 3365 238 3404 a
252 3347 389 3414 Possidio,
406 3363 472 3402 cum
486 3346 679 3418 Augustinum
700 3361 791 3401 annos
806 3345 988 3417 septuaginta

136 3453 184 3494 sex
203 3435 303 3492 vixisse
326 3435 434 3506 scribit,
448 3434 540 3507 ipsius
563 3450 653 3490 annos
673 3450 725 3506 per
746 3435 909 3490 consulatus
932 3451 986 3488 nu-

136 3524 258 3597 merari;
275 3528 303 3580 et
326 3540 379 3597 pro
394 3522 488 3596 primo
509 3539 584 3579 anuo
608 3522 683 3579 sumi
706 3522 845 3595 temporis
863 3523 988 3595 spatium

84 3688 87 3692 Ι
137 3615 215 3688 qnod
229 3615 265 3671 ab
288 3613 383 3670 idibus
402 3612 565 3670 novembris
587 3613 623 3669 ad
637 3613 774 3668 kalendas
784 3613 940 3684 januarias,
956 3630 988 3669 ac

136 3722 190 3778 pro
214 3703 316 3760 ultimo
341 3720 425 3771 auno,
447 3703 475 3759 id
497 3702 573 3776 quod
598 3719 616 3757 a
639 3701 767 3757 kalendis
787 3700 928 3774 januariis
953 3702 988 3757 ad

138 3792 271 3866 quintum
285 3791 421 3846 kalendas
431 3791 546 3863 augusti
560 3790 731 3846 extenditur.
740 3790 786 3846 Sic
795 3791 988 3863 Augustinum

138 3889 239 3937 natum
254 3897 313 3935 esse
327 3879 504 3935 contendunt
519 3879 613 3935 idibus
627 3878 790 3934 novembris
803 3879 870 3934 anni
880 3884 989 3937 trecen-

138 3968 236 4026 tesimi
248 3967 480 4041 quinquagesimi
490 3967 599 4041 quinti;
612 3983 780 4023 conversum
793 3983 869 4024 auno
881 3972 989 4024 trecen-

140 4058 241 4115 tesimo
257 4056 432 4131 octogesimo
447 4057 581 4128 septimo,
598 4057 774 4129 baptizatum
789 4073 864 4112 auno
877 4061 987 4113 trecen·

138 4146 239 4204 tesimo
262 4145 436 4219 octogesimo
452 4151 565 4214 octavo;
581 4151 610 4202 st
631 4162 662 4201 re
686 4146 747 4219 ipsa
769 4146 871 4202 vixisse
887 4163 986 4214 annos,

138 4252 197 4292 uon
212 4235 393 4309 septuaginta
406 4250 463 4305 sex,
485 4235 535 4290 sed
558 4233 737 4306 septuaginta
761 4240 894 4308 quatuor,
910 4236 988 4307 adje-

138 4325 190 4382 ctis
204 4342 291 4399 supor
301 4341 404 4381 novem
414 4329 464 4380 ant
478 4324 576 4380 decem
592 4323 747 4379 mensibus.
759 4324 865 4381 Volunt
873 4323 987 4379 aliiAu-

138 4414 286 4487 guatinum
293 4414 331 4471 ‘in
344 4415 418 4471 libro
433 4413 491 4470 sive
506 4418 605 4469 contra
618 4413 801 4469 Academicos
818 4414 914 4479 tertio,
929 4413 987 4470 sive

736 199 824 258 VITA
844 199 871 257 S.
892 200 966 258 AUG
975 200 1094 259 USTlNl
1117 199 1286 258 EPISCOPI.

1837 201 1888 255 lau
1911 245 1916 253 .

1038 340 1104 393 uns,
1126 325 1149 379 si
1170 339 1262 380 annos
1282 337 1335 395 per
1354 308 1484 378 consules
1504 324 1635 388 notaret,
1653 320 1741 379 libros
1761 337 1828 377 suos
1851 320 1888 378 de

1036 410 1222 479 Academicis,
1250 427 1348 467 mense
1376 410 1525 467 novembri
1548 410 1737 482 conscriptos,
1766 427 1888 482 repone·

1036 505 1081 555 rot
1101 515 1176 554 anno
1201 499 1292 554 vetatis
1315 515 1375 555 suae
1400 499 1548 572 trigesimo
1574 499 1672 563 tartio;
1699 515 1752 555 nec
1781 500 1889 571 pariter

1036 589 1128 644 eidem
1144 605 1220 645 auno
1236 589 1409 645 adscriberet
1422 589 1513 662 ipsam
1527 592 1649 644 mortem
1664 588 1812 657 llounicae,
1825 605 1890 661 quae

1036 682 1095 733 lam
1109 678 1197 751 longo
1208 683 1275 750 post
1290 683 1420 750 tempore
1435 677 1610 750 contigisset.
1624 679 1656 733 Et
1666 677 1690 733 si
1700 678 1822 734 absoluti
1830 682 1891 733 tan·

1036 772 1097 823 tum
1112 767 1189 823 illius
1206 768 1274 823 anni
1292 766 1436 823 numerati
1451 771 1526 831 suut,
1546 766 1573 822 ei
1587 766 1716 839 quinque
1732 769 1760 820 at
1775 770 1889 837 septua-

1036 857 1115 928 ginta
1133 857 1298 929 vitaepnni,
1318 873 1377 913 non
1400 857 1507 929 plures,
1528 854 1617 911 tribui
1637 855 1811 911 debuerunt.
1834 854 1890 909 0b·

1037 962 1147 1000 servare
1162 945 1256 1002 adhuc
1271 945 1339 1001 licet
1355 949 1455 1000 contra
1468 944 1596 1017 priorem
1612 943 1795 1012 seutentiam,
1813 942 1890 998 haud

1035 1035 1121 1090 tuisse
1136 1035 1254 1108 quidem
1273 1034 1390 1091 omnino
1405 1034 1539 1097 insolens,
1555 1034 1755 1105 episcoporum
1769 1031 1847 1088 urbis
1862 1037 1892 1088 et

1035 1123 1241 1195 imperatorum
1260 1140 1351 1179 anuos
1369 1139 1425 1201 por
1448 1123 1610 1180 consulatus
1638 1137 1793 1178 numerare
1812 1121 1892 1194 (licet

1035 1211 1090 1267 hoc
1104 1212 1198 1284 ipsum
1207 1212 1404 1285 infrequenter
1417 1212 1568 1284 evenerit);
1579 1212 1657 1285 quod
1671 1211 1780 1267 scilicet
1789 1227 1891 1267 eorum

1036 1301 1141 1357 creatio
1165 1306 1194 1357 et
1212 1302 1307 1357 obitus
1329 1302 1359 1357 in
1384 1302 1453 1357 actis
1475 1300 1608 1374 publicis,
1629 1301 1734 1374 quibus
1759 1302 1891 1356 consules

1036 1394 1117 1445 eraut
1131 1391 1277 1463 adscripti,
1297 1395 1476 1460 notarentur,
1493 1397 1522 1448 et
1537 1408 1646 1448 anuum
1665 1392 1763 1447 nullus
1777 1391 1891 1463 ignora·

1037 1483 1088 1534 ret.
1107 1481 1170 1534 Nou
1186 1479 1225 1535 sie
1238 1496 1325 1552 porro
1340 1482 1375 1537 de
1392 1483 1456 1537 ortu
1474 1481 1526 1536 tilii
1540 1480 1694 1553 municipis
1712 1481 1892 1552 Tagastensis

1037 1569 1192 1625 admodum
1207 1569 1300 1624 tenuis
1315 1569 1476 1624 existimare
1488 1570 1564 1625 licet.
1586 1570 1667 1635 Quod
1681 1574 1792 1641 spectat
1803 1570 1839 1625 ad
1854 1571 1893 1625 al·

1037 1662 1128 1712 teram
1152 1657 1333 1726 sententiam,
1356 1659 1471 1714 tametsi
1489 1659 1639 1714 fatendum
1656 1664 1709 1722 cst,
1731 1675 1798 1714 cnm
1812 1659 1891 1732 quis·

1037 1746 1115 1817 piam
1130 1745 1233 1801 dicitur
1253 1762 1343 1802 annos
1364 1747 1482 1819 triginta
1501 1753 1557 1803 tres
1576 1753 1671 1818 natus,
1694 1747 1730 1803 de
1750 1748 1891 1803 inchoatis

1038 1839 1087 1889 aut
1102 1835 1238 1890 absolutis
1253 1835 1282 1890 id
1303 1852 1385 1907 posse
1400 1836 1538 1908 intelligi,
1560 1837 1805 1908 quemadmodum
1826 1852 1889 1892 oum

1038 1941 1119 1996 reges
1134 1941 1210 1981 anno
1229 1924 1322 1980 atatis
1337 1924 1447 1981 decimo
1470 1930 1582 1997 quarto,
1598 1929 1715 1981 ceteros
1734 1930 1833 1981 autem
1849 1925 1889 1980 vi·

1038 2015 1148 2087 gesimo
1170 2015 1271 2087 quinto
1294 2015 1339 2069 sui
1359 2014 1433 2086 juris
1453 2030 1513 2069 esse
1539 2014 1669 2078 dicimus,
1694 2014 1827 2087 quamvis
1850 2015 1891 2070 illi

1039 2120 1114 2160 anno
1143 2103 1254 2159 decimo
1279 2109 1380 2176 quarto
1404 2103 1544 2166 inchoato,
1566 2103 1613 2159 isti
1635 2108 1732 2159 autom
1754 2104 1892 2176 vigesimo

1040 2192 1141 2264 quinto
1161 2196 1257 2248 exacto
1276 2193 1306 2248 in
1328 2209 1408 2247 snam
1432 2193 1551 2248 tutelam
1572 2192 1705 2248 veniant:
1728 2197 1858 2249 attamen
1877 2211 1894 2249 a

1039 2298 1106 2336 vero
1116 2297 1234 2354 prorsus
1244 2280 1370 2337 alienum
1381 2282 1500 2344 videtur,
1508 2281 1891 2354 hancnomiuisambiguita-

1039 2375 1098 2426 tem
1113 2371 1149 2425 ad
1165 2369 1264 2426 omnia
1275 2370 1347 2431 loca,
1359 2370 1388 2424 in
1404 2370 1509 2443 quibus
1521 2369 1612 2425 aetatis
1623 2387 1682 2426 sum
1692 2371 1826 2425 meminit
1835 2373 1892 2426 Au·

1040 2458 1180 2530 gustinus,
1198 2459 1365 2527 extendere;
1382 2464 1410 2514 et
1425 2459 1461 2514 ad
1479 2475 1546 2514 eum
1562 2459 1826 2532 praecipitatorum,
1843 2461 1892 2532 qni

1039 2547 1121 2602 nobis
1132 2548 1240 2620 regulae
1254 2547 1344 2603 instar
1358 2564 1418 2603 esse
1427 2548 1512 2603 debet
1525 2549 1561 2604 ad
1575 2548 1653 2603 illius
1669 2548 1807 2620 baptismi
1819 2553 1892 2604 tom·

1040 2653 1094 2709 pus
1115 2637 1318 2693 statuendum:
1336 2638 1384 2692 bie
1397 2652 1475 2704 nono,
1497 2636 1591 2708 inquit
1609 2636 1644 2691 de
1659 2641 1760 2704 matre,
1779 2640 1892 2707 aeprttn-

1040 2726 1115 2781 dinis
1126 2740 1190 2793 sna,
1208 2727 1431 2796 quinquagesimo
1445 2730 1470 2780 et
1481 2730 1556 2781 serto
1570 2741 1641 2781 urano
1657 2728 1745 2781 atatis
1759 2741 1826 2795 suae,
1842 2729 1893 2783 trt-

1040 2819 1139 2884 perimo
1158 2821 1183 2870 rt
1198 2818 1275 2873 tertio
1292 2818 1381 2871 aetctts
1395 2831 1468 2883 meae,
1485 2818 1577 2871 enimc
1596 2816 1646 2870 illa
1659 2817 1789 2885 reliptosu
1802 2821 1829 2872 et
1840 2819 1889 2888 piu

1040 2920 1149 2975 corpore
1167 2905 1255 2959 solnta
1266 2908 1305 2959 est
1320 2902 1409 2974 (Coras.
1428 2905 1473 2959 tit.
1491 2907 1518 2974 9,
1533 2919 1593 2974 cop.
1617 2907 1694 2971 ll,n
1724 2904 1781 2976 28).
1800 2905 1891 2961 Nullae

1041 2993 1087 3049 hic
1100 2992 1255 3048 verborum
1270 2993 1415 3065 ambages.
1425 2994 1513 3048 Nemo
1523 3009 1585 3048 rem
1600 3009 1727 3065 unquam
1737 2993 1772 3049 ad
1784 3010 1892 3050 aunum

1040 3082 1132 3138 etatis
1143 3098 1202 3138 suaa
1214 3081 1396 3154 trigesimum
1407 3082 1524 3138 tertium
1536 3083 1641 3152 retulit,
1653 3082 1894 3154 utprogrediente

1039 3170 1188 3244 trigesimo
1208 3175 1323 3244 quarto,
1339 3187 1431 3243 coque
1450 3173 1514 3243 plus
1535 3170 1654 3228 dimidia
1668 3175 1749 3243 parte
1761 3172 1825 3244 jam
1840 3173 1894 3227 ela·

1041 3276 1103 3332 pso,
1125 3259 1253 3316 evenisse
1269 3276 1332 3316 eam
1350 3261 1533 3332 signiticaret.
1554 3260 1623 3326 Quis
1638 3259 1725 3315 eham
1744 3263 1827 3331 putet
1839 3261 1894 3316 Au·

1041 3348 1200 3422 guatinum,
1216 3365 1280 3404 cum
1300 3365 1329 3404 se
1349 3349 1418 3405 anni
1435 3350 1527 3405 aetalis
1545 3366 1605 3404 sure
1621 3349 1841 3421 undetrigesimi
1855 3350 1894 3405 hi·

1042 3438 1159 3494 storiam
1179 3454 1382 3511 aggressurum
1404 3438 1444 3493 sic
1462 3438 1580 3505 diceret,
1604 3438 1755 3507 Proloqonr
1779 3440 1810 3493 in
1831 3453 1892 3492 coa·

1041 3533 1132 3599 spectu
1146 3530 1196 3583 Det
1207 3531 1260 3583 met
1273 3543 1375 3583 aarum
1387 3529 1465 3583 ittam
1479 3527 1712 3594 urrdetrtpestrrum
1725 3529 1816 3583 atatis
1831 3542 1893 3583 mea

1043 3616 1136 3689 (leid,
1154 3617 1202 3672 lib.
1225 3621 1252 3687 5,
1271 3633 1332 3687 cop.
1353 3620 1380 3687 3,
1402 3633 1433 3673 a.
1457 3617 1493 3687 3);
1516 3616 1690 3689 persuasisse
1712 3615 1778 3684 sibi,
1801 3616 1892 3671 hoca

1042 3704 1100 3760 suis
1119 3705 1275 3760 lectoribus
1295 3704 1329 3760 de
1345 3705 1413 3761 anni
1429 3705 1472 3759 sui
1492 3700 1631 3776 trigesimi
1648 3703 1768 3759 historia
1786 3703 1892 3758 iutelli-

1042 3795 1188 3865 geudnm‘l
1203 3794 1285 3859 Quod
1298 3798 1395 3850 autem
1410 3793 1518 3860 scribit,
1539 3810 1568 3849 se
1582 3793 1691 3848 decimo
1705 3796 1784 3848 sexto
1799 3792 1891 3848 astatis

1040 3973 1115 4045 pisse
1136 3973 1230 4043 (ltin,
1254 3973 1302 4028 tib.
1323 3975 1350 4040 2,
1373 3988 1433 4043 cap.
1453 3976 1482 4040 a,
1502 3988 1533 4028 a.
1556 3974 1598 4043 t);
1620 3971 1697 4028 haud
1718 3971 1835 4036 scimus,
1856 3987 1891 4026 an

1041 4079 1194 4137 operosum
1221 4063 1257 4118 sit
1281 4064 1407 4130 credere,
1437 4063 1535 4118 Atrum
1562 4063 1774 4118 adolescentem
1807 4062 1890 4134 igneo

1041 4151 1129 4208 animi
1142 4151 1250 4223 vigore,
1266 4151 1344 4208 adid
1355 4153 1416 4223 jam
1430 4152 1498 4207 satis
1512 4152 1599 4206 fuisse
1610 4156 1693 4207 aetate
1707 4157 1889 4223 provectum:

1041 4257 1209 4313 quanquam
1223 4241 1363 4309 videatur,
1378 4258 1436 4297 non
1449 4241 1589 4296 corruisse
1606 4240 1721 4312 penitus
1735 4240 1765 4296 in
1782 4241 1890 4307 vitium,

1041 4330 1095 4386 nisi
1111 4330 1281 4402 Carthagine
1301 4331 1394 4402 (teia,
1418 4331 1466 4386 tib.
1488 4334 1514 4399 3,
1535 4346 1595 4401 cup.
1620 4332 1656 4401 ll,
1673 4329 1728 4385 boe
1747 4333 1799 4394 est,
1819 4345 1891 4386 anno

1041 4419 1133 4476 aetatis
1148 4436 1206 4474 sua
1221 4418 1477 4491 decimoseptimo.

138 4503 361 4577 Soliloquiorum
375 4503 481 4577 primo,
498 4518 589 4559 annos
603 4520 671 4559 suos
695 4507 807 4559 tantum
830 4503 986 4570 absolutos,
1077 4512 1102 4566 3.
1120 4509 1190 4564 Cum
1203 4509 1267 4565 dum
1287 4508 1375 4580 igitur
1389 4507 1537 4564 sententiae
1557 4509 1587 4563 in
1600 4509 1694 4563 tantas
1713 4505 1891 4563 difficultates

139 4606 199 4648 nou
213 4595 310 4647 autem
324 4591 472 4648 inchoatos
492 4608 656 4648 numerare.
672 4591 717 4647 Sic
731 4607 798 4648 enm
812 4595 912 4647 natum
928 4607 987 4647 esse
1040 4597 1199 4669 incurrant,
1209 4597 1298 4670 utqui
1305 4613 1393 4653 unam
1403 4602 1574 4670 sequuntur,
1586 4598 1705 4652 alteram
1712 4597 1741 4652 vi
1750 4597 1889 4653 detortam

138 4696 214 4736 suno
226 4681 425 4737 trecentesimo
440 4681 678 4755 quinquagesimo
693 4684 805 4754 quarto,
820 4697 988 4738 conversum
1041 4690 1069 4742 et
1083 4686 1200 4742 omniuo
1216 4686 1434 4759 improbabilem
1450 4687 1627 4754 existimeut;
1640 4686 1715 4742 nihil
1728 4686 1842 4742 obstare
1853 4685 1891 4740 vi·

138 4784 225 4841 porro
240 4784 298 4824 nou
317 4768 404 4824 luisse
427 4769 482 4825 uisi
502 4786 578 4826 auno
595 4768 795 4827 trecentesimo
815 4770 987 4843 octogesimo
1041 4776 1136 4846 detur,
1152 4775 1307 4849 quominus
1322 4779 1430 4831 stemus
1444 4774 1599 4847 Augustini
1610 4774 1713 4844 verbis,
1727 4779 1755 4830 et
1769 4773 1833 4848 ipso
1847 4791 1891 4829 as-

138 4857 270 4929 septimo,
287 4873 339 4913 neo
351 4857 527 4930 baptizatum
541 4859 596 4915 nisi
611 4875 686 4915 anno
700 4859 899 4916 trecentesimo
910 4863 987 4915 octo·
1041 4868 1151 4920 serente
1166 4880 1353 4937 agnoscamus
1373 4864 1533 4920 llouuieam
1548 4863 1625 4919 diem
1645 4862 1759 4930 obiisse,
1778 4863 1893 4937 quando

137 4946 249 5021 gesimo
271 4951 379 5016 octavo,
403 4946 550 5020 trigesimo
573 4948 657 5005 tertio
683 4948 773 5004 etatis
796 4949 919 5023 expleto,
935 4949 993 5005 hoo
1040 4949 1102 5023 ipse
1121 4950 1152 5007 in
1170 4951 1295 5007 Africam
1315 4950 1439 5015 rediens,
1459 4950 1639 5006 instaurabat
1657 4966 1686 5005 se
1706 4949 1892 5023 navigationi,

138 5041 191 5108 est,
207 5035 355 5110 trigesimo
370 5041 473 5109 quarto
497 5037 642 5094 inchoato.
658 5039 783 5111 Utraque
807 5039 869 5094 haeo
891 5037 988 5111 opinio
1040 5056 1094 5095 nec
1107 5039 1175 5096 inde
1189 5039 1347 5097 inferamus
1360 5041 1442 5096 illum
1459 5040 1554 5095 statim
1569 5040 1605 5095 ab
1618 5039 1697 5096 obitu
1710 5040 1812 5096 matris
1827 5056 1893 5113 per·

137 5127 265 5201 profecto
279 5125 337 5182 vim
351 5125 439 5183 infert
451 5125 549 5197 {verbis
564 5128 717 5200 Augustini
732 5131 782 5184 aut
801 5127 938 5196 Possidii;
956 5133 988 5183 ut
1040 5128 1139 5185 fecisse
1158 5129 1224 5200 iter,
1240 5130 1393 5202 navimque
1412 5129 1624 5198 conscendisse;
1641 5146 1706 5185 eum
1722 5129 1752 5184 id
1775 5129 1894 5184 minime

42 5268 45 5272 Α
138 5217 232 5274 dicere
254 5231 391 5289 cogamur
414 5214 585 5283 Possidium,
602 5217 652 5289 qui
675 5234 732 5272 nna
746 5233 812 5273 oum
827 5217 986 5289 Augustino
1042 5223 1157 5275 asserat.
1176 5221 1273 5292 Neque
1287 5236 1354 5276 vero
1373 5219 1475 5275 alienas
1492 5224 1559 5274 sunt
1579 5219 1825 5275 enarrationibus
1840 5220 1895 5275 hn-

139 5305 329 5379 quadragiuta
343 5320 486 5360 annorum
500 5309 613 5376 tempus
627 5305 762 5374 traduxit,
776 5307 883 5379 quique
898 5306 987 5379 ipsius
1038 5308 1166 5380 jusmodi
1190 5309 1328 5380 loquendi
1350 5308 1482 5364 formulas
1499 5327 1506 5364 t
1530 5308 1798 5376 proficiscebamur,
1826 5324 1892 5363 eum

139 5398 251 5452 mntem
276 5396 312 5452 ab
335 5412 369 5453 eo
390 5395 450 5451 solo
474 5396 630 5466 acceperat,
646 5393 726 5450 illam
745 5398 840 5451 tamen
860 5394 942 5451 aliter
956 5411 988 5451 ac
1042 5395 1094 5453 iste
1106 5397 1233 5466 advenit;
1249 5399 1420 5471 parabamus
1433 5415 1485 5453 nos
1496 5397 1602 5453 itineri.
1616 5399 1710 5470 Atque
1726 5396 1755 5452 id
1773 5397 1892 5470 quidem

139 5483 234 5559 ipsum
247 5486 440 5561 Augustinum
454 5483 672 5557 computavisse.
689 5485 745 5540 Nee
759 5485 837 5541 enim
851 5485 987 5558 Augusti·
1042 5485 1154 5542 videtur
1173 5488 1209 5544 ad
1224 5505 1330 5545 munus
1348 5487 1585 5561 diligentiamque
1605 5486 1732 5543 historici
1751 5492 1893 5559 spectare,
