3884 6112
67 284 134 338 1037
229 320 240 335 .
827 290 936 348 LIBER
955 290 1058 351 UNUS.
1750 312 1818 377 {038

243 405 406 461 CAPUTH·
421 406 735 476 -Animaquagssig
967 418 1001 471 E.
1028 419 1124 474 Placet
1146 436 1225 492 vero,
1254 438 1287 477 uc
1319 426 1504 484 vehementer
1526 440 1678 504 exspecto:
1706 439 1819 497 videtur

98 496 124 548 3.
149 495 182 548 E.
209 493 328 547 Interim
348 493 456 563 accipio
472 495 548 549 uude
572 495 609 550 sit
629 496 735 562 anima,
760 498 788 553 id
811 505 863 566 est,
879 517 914 556 ex
968 505 1046 559 enim
1062 507 1133 562 mihi
1148 509 1231 581 quasi
1242 512 1313 566 nihil
1328 529 1388 569 esse
1404 517 1509 586 anima,
1521 520 1544 574 si
1559 522 1630 576 nihil
1646 529 1688 578 est
1701 526 1816 586 horum.

63 582 132 646 Deo,
150 596 214 652 quoe
236 596 350 635 mecum
374 581 472 636 sedulo
495 583 664 652 retractabo,
690 589 719 640 et
739 585 763 640 si
782 589 851 659 quid
867 605 913 645 me
967 593 1003 646 A.
1022 594 1103 648 Prius
1127 611 1195 668 ergo
1209 598 1232 651 si
1251 599 1376 672 videtur,
1392 606 1540 661 ostendam
1559 609 1612 664 tibi
1627 614 1731 667 multas
1745 631 1805 672 esse

62 670 196 737 moverit,
211 674 277 739 post
291 669 446 740 requiram.
465 671 544 725 Unde
557 687 665 743 quaeso,
683 674 806 745 explices
820 678 913 749 qualis
967 695 1013 734 res
1027 698 1098 753 quas
1120 699 1180 738 uon
1200 687 1293 757 possis
1312 689 1407 744 dicere
1424 692 1497 749 nihil
1516 712 1587 763 esse,
1602 714 1655 754 nec
1672 704 1768 758 tamen
1786 658 1818 760 iri

59 757 109 812 sit.
120 760 157 813 A.
170 757 290 812 Videtur
303 757 376 812 mihi
390 774 450 812 esse
465 759 567 814 similis
580 761 649 815 Deo.
663 762 701 815 lle
712 763 809 817 anima
823 765 911 833 enim,
967 767 1007 821 eis
1021 769 1150 827 invenire
1166 773 1263 846 aliqua
1272 776 1439 847 hujusmodi
1454 783 1555 851 spatia,
1572 787 1669 856 qualia
1678 789 1709 843 in
1722 791 1818 847 anima

59 845 117 900 nisi
131 846 224 913 fallor,
241 845 366 917 requiris
376 846 513 902 hnmana.
528 850 561 902 Ε.
578 848 707 919 ldipsum
722 853 852 922 estquod
864 854 913 907 ahs
966 857 1110 927 requiris:
1127 864 1159 914 ut
1183 877 1242 916 non
1267 864 1360 920 solnm
1383 883 1442 922 non
1457 869 1510 925 tibi
1529 887 1561 925 ex
1581 889 1614 927 eo
1634 875 1730 930 anima
1744 879 1817 936 nihil

60 939 88 990 te
110 934 244 1006 explicari
262 935 376 1005 vellem,
391 935 634 1006 quemadmodum
650 938 686 992 sit
700 938 797 994 anima
812 939 913 995 similis
966 959 1027 998 esse
1042 945 1181 1016 videatur,
1198 950 1276 1021 quod
1290 951 1320 1005 in
1336 968 1370 1006 ea
1390 970 1449 1010 non
1466 955 1577 1012 invenis
1594 960 1815 1034 longitudinem,

59 1025 121 1079 Deo
134 1040 141 1090 ;
157 1039 221 1077 com
242 1025 332 1078 Deum
347 1040 363 1078 a
382 1024 462 1078 nullo
481 1024 588 1079 lactum
599 1040 658 1080 esse
673 1025 834 1097 credamuS,
849 1029 911 1083 ani·
966 1031 1022 1086 sire
1031 1034 1137 1106 aliquid
1146 1037 1202 1090 tale
1215 1053 1221 1103 ;
1238 1039 1288 1093 sed
1301 1056 1335 1094 eo
1345 1043 1498 1111 pretiosior
1510 1050 1538 1100 et
1549 1048 1639 1118 pluris
1650 1051 1818 1110 aestimanda

58 1129 140 1168 mam
154 1128 222 1168 vero
234 1112 342 1183 abipso
352 1114 410 1167 lieo
426 1113 529 1167 iactam
539 1129 626 1184 supra
634 1114 748 1169 dixeris.
764 1116 799 1171 A.
815 1117 913 1181 Quid?
966 1120 1011 1187 sit,
1028 1137 1085 1192 qno
1101 1123 1173 1179 nihil
1192 1124 1296 1181 horum
1311 1129 1406 1184 habet.
1427 1132 1534 1187 Deinde
1552 1140 1648 1191 utrum
1663 1155 1728 1195 vera
1743 1141 1818 1197 nihil

56 1204 93 1254 tu
108 1199 224 1255 difficile
237 1205 322 1271 putas
337 1202 395 1256 Deo
416 1200 514 1269 inisse,
529 1206 561 1255 ut
575 1202 684 1273 aliquid
699 1203 752 1257 sihi
766 1203 858 1258 simile
873 1205 886 1259 f
900 1235 913 1245 ·
965 1208 1069 1263 horum
1085 1211 1200 1281 habeat,
1215 1214 1384 1271 videbimus.
1401 1222 1433 1273 Ε.
1451 1221 1534 1275 Utere
1545 1239 1602 1294 qno
1618 1225 1660 1279 vis
1671 1228 1772 1283 ordine
1783 1247 1816 1286 ae

58 1298 148 1354 caret,
162 1303 227 1342 cum
237 1290 292 1343 hoc
304 1287 335 1342 in
346 1292 426 1342 tanta
435 1288 573 1343 varietate
585 1289 765 1360 imaginuum
775 1292 860 1346 etiam
874 1291 913 1346 vi·
940 1358 948 1367 ‚
965 1297 1060 1364 modo,
1076 1312 1128 1367 ego
1144 1299 1243 1354 audire
1256 1307 1284 1356 et
1297 1301 1404 1358 discere
1419 1312 1534 1376 paratus
1549 1327 1623 1366 sirm.

56 1376 130 1430 deas
145 1375 226 1430 nobis
239 1392 301 1430 esse
314 1391 480 1430 concessum
489 1378 504 1430 ‘l
515 1379 545 1430 Ε.
558 1377 614 1432 Sed
627 1393 680 1431 nos
691 1377 822 1433 videmur
836 1396 912 1434 mor·
1001 1382 1113 1439 CAPUT
1127 1386 1171 1440 lv.
1187 1415 1222 1427 -
1241 1389 1372 1445 Animum
1390 1395 1518 1451 nonnihit
1531 1411 1597 1466 esse,
1612 1402 1720 1456 tametsi
1733 1419 1780 1457 nee

55 1463 130 1518 talia
141 1463 247 1532 facere,
259 1465 334 1517 licus
344 1467 440 1519 autem
451 1463 644 1519 immortalem
654 1465 782 1520 animam
792 1466 869 1533 fecit,
879 1471 912 1522 ut
1255 1477 1336 1546 ιοῃρα
1349 1494 1396 1533 ‚120
1409 1481 1466 1534 pata
1477 1484 1521 1535 sig

56 1551 169 1622 opinor,
188 1551 244 1605 nisi
259 1551 332 1606 iorte
347 1550 400 1606 tibi
414 1552 497 1606 aliter
509 1552 632 1607 ridetur.
648 1553 683 1608 A.
700 1554 773 1625 Ergo
783 1559 815 1609 tu
825 1556 927 1610 velles.
1001 1561 1026 1612 5.
1042 1560 1079 1613 A.
1104 1559 1189 1616 Recte
1210 1562 1298 1618 facis:
1315 1565 1365 1619 sed
1384 1567 1449 1622 volo
1463 1567 1654 1641 interroganti
1673 1570 1745 1627 mihi
1768 1590 1815 1628 re·

54 1639 129 1694 talia
144 1638 207 1694 fieri
229 1640 264 1694 ab
280 1640 454 1707 hominihus,
471 1641 567 1711 qualia
586 1642 660 1695 usus
674 1641 780 1697 lecit¹i
798 1645 831 1697 Ε.
849 1644 911 1698 Non
965 1646 1118 1715 spondeas:
1144 1648 1262 1705 fortasse
1285 1652 1363 1707 enim
1391 1670 1424 1709 ea
1448 1671 1512 1726 qum
1537 1662 1565 1711 te
1594 1658 1697 1714 docere
1717 1676 1813 1730 conor,

56 1728 194 1798 equidem
218 1728 272 1782 hoc
286 1727 418 1783 dixerim.
441 1728 497 1783 Sed
514 1729 759 1798 quemadmodum
775 1730 836 1801 ipse
855 1731 910 1786 im·
964 1733 1025 1804 ipse
1036 1735 1096 1805 Jam
1111 1737 1203 1792 nosti:
1220 1739 1303 1794 credo
1320 1741 1398 1795 enim
1418 1758 1478 1796 non
1493 1747 1520 1797 te
1536 1743 1666 1800 dubitare
1681 1747 1753 1802 hanc
1767 1765 1814 1803 ar-

55 1815 190 1870 mortalis
213 1815 374 1870 immortale
390 1815 526 1886 quiddam
546 1815 613 1871 lecit
636 1817 672 1871 nd
692 1817 910 1874 similitudinem
964 1820 1063 1876 horem
1077 1838 1137 1878 non
1157 1841 1217 1878 esse
1233 1826 1352 1884 omnino
1367 1828 1448 1883 nihil.
1471 1832 1504 1885 E.
1528 1831 1596 1894 Quis
1620 1832 1816 1892 dubitaverit?

54 1920 139 1958 suam
153 1921 160 1971 ;
176 1904 217 1958 sic
230 1908 257 1958 et
270 1921 323 1959 nus
338 1903 515 1959 immortales
529 1921 546 1958 a
560 1906 618 1958 Deo
634 1904 710 1971 facti,
725 1907 762 1961 ad
776 1907 910 1962 similitu·
963 1911 997 1964 A.
1011 1909 1085 1974 Quid
1097 1909 1193 1966 illud?
1207 1928 1278 1967 num
1294 1914 1404 1969 dubitas
1417 1916 1560 1986 justitiam
1580 1921 1672 1976 multo
1687 1938 1747 1977 esse
1761 1923 1815 1979 hac

56 1992 157 2048 dinem
167 1996 295 2047 nostram
306 1992 384 2064 quod
395 1993 523 2059 facimus,
535 1992 698 2047 immortale
712 2009 772 2048 esse
782 1994 909 2051 deberet.
964 1997 1066 2053 arbore
1090 1999 1262 2055 meliorem?
1281 2005 1315 2057 E.
1337 2003 1500 2059 Ridiculum
1523 2006 1599 2061 istud
1620 2008 1738 2078 quidem
1761 2015 1814 2080 est,

54 2091 96 2136 A.
112 2081 196 2136 ltecte
211 2080 329 2144 diceres,
345 2081 369 2135 si
383 2082 419 2137 ad
437 2082 497 2152 eJ'us
511 2081 668 2153 imaginem
683 2082 816 2154 pingeres
829 2083 910 2138 tabu·
964 2084 1127 2156 quasivero
1143 2089 1202 2143 ulla
1218 2089 1254 2144 sit
1268 2092 1457 2162 comparatio.
1471 2094 1508 2147 A.
1524 2093 1692 2151 Liberaliter
1701 2099 1815 2153 mecum
1913 2120 1928 2143 ·

56 2169 127 2235 lam,
144 2170 222 2241 quod
235 2170 266 2224 in
280 2174 309 2224 te
321 2169 484 2224 immortale
499 2186 560 2225 esse
575 2170 686 2225 credis:
701 2187 778 2227 nunc
797 2187 864 2226 vero
879 2171 910 2225 in
963 2174 1044 2245 agis;
1060 2175 1109 2230 sed
1128 2176 1198 2231 illud
1219 2193 1297 2232 nunc
1315 2178 1448 2234 attende:
1466 2197 1532 2234 cum
1552 2186 1661 2238 constet
1682 2185 1723 2238 ita
1741 2185 1815 2241 hanc

57 2273 94 2312 ea
119 2259 257 2328 exprimis
278 2258 499 2314 similitudinem
522 2259 662 2330 corporis,
689 2261 766 2332 quod
783 2261 910 2332 proiecto
964 2263 1096 2318 arborem
1106 2279 1166 2318 esse
1177 2265 1350 2320 deteriorem
1361 2282 1448 2337 quam
1459 2269 1625 2339 estjustitia,
1636 2275 1669 2325 ut
1679 2288 1733 2327 nec
1740 2288 1816 2328 com-

57 2347 182 2401 mortale
197 2351 249 2402 cst.
264 2349 297 2402 E.
318 2347 469 2411 Quomodo
485 2362 553 2417 ergo
567 2363 632 2401 sum
645 2347 747 2401 similis
762 2349 830 2415 Deo,
844 2363 910 2404 cum
963 2351 1091 2421 paranda
1100 2351 1218 2423 quidem
1228 2353 1282 2408 tibi
1293 2354 1432 2423 videatur,
1449 2359 1478 2410 et
1491 2356 1546 2411 hoc
1560 2357 1673 2428 lignum
1686 2376 1745 2414 non
1754 2377 1815 2416 esse

60 2434 234 2488 immortalia
247 2434 327 2488 nulla
340 2450 455 2504 possum
466 2434 558 2489 facere
574 2439 607 2489 ut
622 2435 694 2490 ille?
708 2436 745 2491 A.
758 2436 909 2501 Quomodo
963 2439 1036 2493 nihil
1057 2440 1202 2495 confessus
1216 2441 1272 2508 sis;
1287 2442 1417 2512 placetne
1439 2443 1493 2498 tihi
1516 2450 1549 2500 ut
1562 2446 1655 2517 ipsam
1671 2447 1815 2518 justitiam

59 2538 114 2576 nec
129 2523 225 2593 imago
238 2523 367 2593 corporis
382 2522 424 2577 tui
441 2526 535 2594 potest
553 2523 607 2577 hoc
625 2524 719 2578 valere
734 2523 812 2595 quod
826 2528 910 2579 tuum
964 2527 1037 2582 nihil
1052 2543 1113 2582 esse
1127 2528 1299 2584 credamus?
1310 2532 1343 2585 Ε.
1357 2529 1424 2594 Quis
1439 2531 1493 2586 hoc
1508 2532 1626 2588 demens
1640 2535 1815 2592 crediderit?

57 2626 163 2681 corpus
180 2610 275 2677 valet3
297 2610 336 2664 sic
348 2610 445 2665 anima
461 2626 520 2665 non
534 2611 698 2666 mirandum
713 2615 756 2666 est
770 2611 794 2666 si
807 2616 909 2683 poten·
964 2616 1000 2670 A.
1022 2615 1106 2671 Recte
1120 2614 1238 2671 omnino
1252 2632 1259 2671 :
1274 2617 1323 2671 sed
1347 2617 1466 2673 fortasse
1483 2620 1570 2675 arbor
1588 2621 1650 2676 haec
1663 2626 1815 2694 propterea

58 2698 131 2753 tiam
146 2702 256 2752 tantam
268 2714 326 2752 non
338 2696 435 2765 habet,
451 2701 590 2770 quantam
603 2697 650 2752 ille
665 2698 701 2753 ad
713 2698 794 2770 cujus
806 2699 908 2754 simili·
963 2702 1017 2758 tibi
1026 2702 1139 2758 videtur
1148 2719 1209 2758 esse
1217 2703 1337 2775 aliquid,
1349 2704 1427 2776 quod
1438 2705 1526 2774 longa
1536 2717 1579 2761 est
1588 2722 1642 2777 pro
1652 2722 1704 2762 suo
1714 2709 1811 2774 modo,

56 2786 188 2841 tudinem
201 2787 276 2841 facta
292 2790 344 2840 est.
455 2797 462 2806 ·
963 2792 1073 2853 atleta,
1095 2795 1125 2845 et
1145 2790 1282 2862 robusta3
1297 2807 1362 2863 quae
1384 2791 1409 2846 si
1424 2792 1593 2861 detraxeris,
1608 2794 1681 2848 nihil
1695 2795 1760 2850 erit.
1776 2799 1809 2852 Ε.

217 2874 329 2929 CAPUT
349 2874 398 2928 lll.
415 2902 451 2913 -
463 2875 567 2928 Anima
582 2877 686 2942 quonia
702 2876 749 2929 sit.
963 2880 1004 2933 lta
1020 2878 1142 2933 videtur.
1158 2878 1194 2934 A.
1214 2878 1287 2943 Quid
1309 2881 1399 2950 crgo?
1417 2879 1540 2949 justitia,
1556 2897 1642 2952 quam
1664 2897 1722 2937 non
1740 2883 1814 2939 nihil

91 2961 119 3014 1.
140 2963 173 3016 Β.
200 2962 233 3015 Et
247 2961 301 3016 huc
315 2960 430 3016 interim
445 2961 513 3015 satis
528 2965 587 3016 est:
604 2961 648 3016 dic
663 2977 740 3016 nunc
752 2965 859 3033 quanta
873 2961 911 3017 sit
963 2982 1024 3021 esse
1043 2965 1189 3021 confessus
1213 2982 1251 3034 es,
1279 2966 1337 3021 imo
1358 2967 1494 3038 quiddam
1510 2968 1597 3040 longe
1616 2969 1740 3026 divinius
1761 2973 1814 3027 hac

56 3048 165 3102 anima·
180 3049 215 3103 Α·
228 3048 378 3113 Quomodo
393 3048 499 3120 quaeris
514 3048 687 3120 quantasil?
699 3049 761 3103 Non
775 3048 851 3103 enim
866 3049 910 3103 in·
939 3079 952 3104 ι
962 3054 1581 3128 longequepraestantius,videturtihilonga
1591 3073 1651 3112 esse
1661 3058 1675 3111 1
1685 3061 1717 3114 Ε.
1727 3059 1813 3115 Nullo

54 3135 158 3207 telligo
170 3141 268 3191 utrum
280 3137 341 3208 ejus
355 3137 436 3208 quasi
451 3136 577 3208 spatium
590 3136 804 3193 latitudinisvel
818 3137 909 3208 longi·
962 3143 1048 3196 modo
1063 3141 1134 3196 mihi
1152 3141 1265 3213 justitia
1279 3149 1326 3198 aut
1345 3142 1441 3214 longa,
1465 3147 1513 3197 aut
1527 3144 1596 3213 lata,
1621 3149 1672 3200 aut
1686 3146 1743 3200 tale
1757 3146 1813 3200 ali-

55 3223 176 3292 tudinis,
193 3225 236 3279 vel
251 3225 373 3293 roboris,
384 3227 429 3280 vel
443 3227 547 3280 horum
561 3225 647 3280 simul
665 3225 796 3281 omnium
810 3225 908 3298 requi·
963 3228 1032 3300 quid
1046 3228 1182 3300 cogitanti
1197 3233 1291 3300 potest
1305 3245 1464 3285 occurrere.
1479 3231 1512 3286 A.
1529 3231 1558 3286 Si
1573 3231 1664 3303 igitur
1678 3231 1750 3287 nihil
1762 3234 1814 3289 ho·

55 3328 120 3380 ras;
144 3328 181 3367 an
205 3317 345 3383 quantum
362 3314 455 3369 valeat
477 3329 561 3368 nosse
579 3313 658 3368 velis.
680 3314 810 3369 Solemus
830 3314 908 3369 enim
962 3331 1027 3371 rum
1038 3320 1080 3371 est
1090 3317 1211 3392 justitia,
1224 3320 1252 3372 ct
1265 3321 1363 3372 tamen
1377 3318 1439 3389 ipsa
1454 3318 1524 3373 nihil
1538 3335 1599 3373 non
1614 3323 1675 3388 est;
1692 3321 1812 3375 curtilii

58 3417 190 3472 quaerere
201 3406 326 3472 quantus
335 3402 423 3457 fuerit
436 3403 580 3470 llercules,
590 3402 620 3456 id
633 3406 685 3468 est,
698 3403 729 3456 in
740 3405 812 3473 quot
821 3403 909 3474 pedes
963 3403 1059 3460 anima
1071 3405 1143 3460 nihil
1158 3405 1281 3471 videtur,
1293 3406 1349 3461 nisi
1363 3407 1425 3478 ejus
1435 3407 1531 3478 aliqua
1541 3406 1691 3477 longitudo
1706 3407 1809 3464 situla.

58 3493 170 3544 statura
182 3490 243 3560 ejus
257 3496 390 3561 porrecta
401 3489 498 3545 fuerit.
517 3491 550 3545 Et
561 3490 630 3545 item
645 3494 771 3562 quantus
789 3490 832 3544 rir
845 3491 909 3545 lue·
961 3494 1037 3565 Age;
1059 3493 1121 3565 jam
1135 3509 1195 3548 non
1212 3494 1285 3549 milri
1297 3495 1412 3550 videtur
1431 3511 1466 3550 ex
1488 3511 1522 3549 eo
1540 3494 1612 3549 nihil
1628 3511 1688 3550 esse
1702 3495 1812 3563 anima,

56 3578 106 3644 rit,
120 3578 151 3633 id
161 3583 214 3648 ost,
229 3584 344 3650 quantae
356 3580 494 3651 potentiae
509 3584 595 3651 atque
608 3579 731 3635 virtutis.
743 3582 775 3635 E.
792 3579 908 3634 Utrum·
962 3582 1039 3653 quod
1052 3597 1105 3636 nec
1120 3581 1217 3652 longa,
1232 3597 1285 3636 nec
1305 3583 1370 3645 lata,
1386 3597 1439 3638 nec
1453 3581 1572 3637 robusta
1586 3582 1632 3649 sit,
1648 3583 1699 3637 sed
1712 3586 1811 3638 utrum

57 3681 119 3738 quo
132 3666 167 3721 de
181 3666 278 3721 anima
287 3667 358 3723 scire
367 3667 461 3739 cupio.
477 3669 512 3723 A.
528 3667 616 3739 Atqui
625 3667 698 3722 illud
707 3666 839 3739 superius
854 3666 909 3722 dici
961 3685 1028 3724 vere
1041 3667 1082 3724 ita
1094 3668 1140 3736 sit,
1156 3668 1286 3723 nondum
1300 3671 1354 3722 ate
1369 3667 1478 3722 dictum
1491 3683 1552 3722 esse
1566 3667 1629 3724 scis.
1648 3668 1722 3724 Fieri
1733 3669 1811 3723 enim

57 3771 119 3811 non
134 3759 237 3825 potest,
253 3772 305 3811 nec
318 3756 436 3810 omnino
449 3755 574 3827 intelligi
588 3757 623 3811 de
633 3755 740 3811 anima.
757 3757 820 3810 Non
831 3755 909 3811 enim
962 3759 1066 3828 potest,
1081 3761 1114 3812 ut
1126 3756 1218 3811 multa
1231 3755 1289 3811 sint
1306 3754 1404 3826 magni
1417 3753 1594 3822 estimanda,
1612 3772 1677 3827 quae
1691 3756 1753 3811 istis
1765 3771 1813 3811 ca·

56 3844 120 3899 ullo
134 3844 232 3911 modo,
244 3848 295 3899 aut
303 3844 400 3916 longa,
415 3848 466 3900 aut
480 3845 547 3911 lata,
561 3848 611 3900 aut
622 3844 704 3917 quasi
714 3844 807 3900 valida
818 3844 910 3916 suspi·
962 3848 1061 3911 reant;
1077 3845 1127 3899 sed
1144 3859 1203 3899 non
1217 3842 1354 3899 continuo
1369 3859 1404 3898 ex
1418 3843 1474 3899 lroe
1487 3859 1593 3914 genere
1607 3843 1735 3900 animam
1750 3860 1810 3901 esse

57 3932 151 3987 canda
165 3936 208 3988 est
217 3932 313 3991 anima
325 3947 332 3990 :
343 3948 482 4004 corporea
491 3932 545 3987 ista
555 3937 632 4000 sunt,
647 3937 681 3989 ut
694 3932 767 3988 mihi
775 3933 906 4000 ridetur3
962 3931 1139 3987 credendum
1152 3936 1234 4003 puto.

10 4027 16 4037 ‘
59 4025 89 4075 et
103 4019 138 4075 de
153 4021 360 4076 consuetudine
374 4036 529 4092 corporum
543 4021 723 4076 sicanimam
739 4021 907 4093 quaerimus.
997 4023 1024 4076 6.
1042 4022 1078 4076 A.
1101 4018 1163 4075 Scio
1181 4019 1258 4075 istud
1277 4019 1362 4075 nohis
1381 4020 1564 4076 enodandum
1578 4023 1695 4089 restare,
1711 4025 1739 4077 et
1759 4021 1812 4077 hoc

57 4109 185 4179 ideoque
194 4109 268 4164 bene
282 4109 448 4181 praecipitur
457 4108 544 4164 etiam
556 4109 587 4163 in
602 4107 753 4176 mysteriis,
767 4113 800 4163 ut
812 4108 910 4163 omnia
962 4125 1009 4164 me
1028 4108 1162 4180 deinceps
1181 4108 1389 4180 explicaturum
1401 4108 1611 4179 promiseram:
1627 4124 1727 4164 rerum
1742 4109 1810 4180 quia

58 4213 200 4267 corporea
213 4201 388 4266 contemnat,
400 4196 592 4263 universoque
601 4195 669 4251 hnic
678 4195 785 4250 mundo
800 4211 909 4251 renun—
962 4214 1009 4254 res
1029 4195 1216 4252 subtilissima
1243 4200 1297 4263 est,
1326 4200 1355 4250 et
1380 4196 1467 4267 longe
1490 4195 1560 4250 alios
1585 4196 1690 4250 mentis
1713 4197 1811 4251 oculos

58 4285 124 4352 tiet,
138 4285 199 4356 qui,
210 4290 243 4340 ut
255 4285 394 4356 ridemus,
405 4301 557 4357 corporeus
572 4288 625 4353 est,
638 4283 769 4355 quisquis
783 4299 813 4337 se
822 4284 909 4338 talem
962 4285 1078 4357 quaerit,
1089 4299 1177 4356 quam
1186 4284 1314 4339 humana
1323 4284 1497 4339 consuetudo
1510 4283 1541 4337 in
1556 4283 1730 4354 quotidianae
1744 4283 1811 4339 vitoe

61 4373 147 4429 reddi
161 4373 314 4442 desiderat,
333 4373 425 4445 qualis
438 4389 455 4428 a
469 4375 527 4429 lico
541 4373 631 4429 iactus
646 4375 699 4440 est,
714 4371 812 4439 idest,
829 4371 908 4426 simi·
963 4372 1073 4430 actibus
1088 4371 1194 4426 habere
1209 4371 1292 4426 solita
1305 4376 1363 4439 est;
1378 4370 1520 4426 admoneo
1534 4374 1572 4436 te,
1587 4374 1621 4424 ut
1633 4386 1686 4441 per
1699 4387 1743 4438 ca,
1758 4387 1811 4442 per

58 4463 118 4517 lem
134 4463 211 4527 lleo;
227 4477 286 4516 non
304 4461 383 4516 enim
396 4460 453 4515 alia
464 4461 540 4516 salus
562 4459 667 4515 animm
685 4464 737 4530 est,
758 4462 807 4515 aut
825 4475 909 4515 reno·
963 4479 1028 4537 quae
1042 4465 1070 4516 te
1085 4460 1247 4516 ducendum
1262 4460 1405 4528 existimo,
1417 4460 1510 4516 libens
1524 4474 1636 4530 pergas,
1649 4474 1702 4514 nec
1713 4464 1811 4516 nostro

59 4549 149 4614 vatio,
162 4555 211 4604 aut
221 4549 414 4605 reconciliatio
423 4548 531 4604 auctori
541 4565 601 4605 suo.
614 4547 806 4614 Quamobrem
817 4564 909 4620 quan·
964 4549 1089 4623 quodam
1107 4547 1268 4603 necessario
1282 4548 1403 4603 circuitu
1424 4547 1605 4618 defatigatus,
1622 4563 1697 4619 oegre
1712 4548 1812 4604 tuleris

58 4643 92 4693 ta
103 4639 139 4692 sit
149 4638 242 4693 anima
253 4638 410 4693 secundum
422 4637 640 4709 inquisitionem
650 4638 724 4692 hanc
733 4635 785 4692 tihi
794 4652 911 4707 respon·
963 4634 1118 4708 aliquando
1130 4638 1159 4690 te
1172 4634 1283 4689 tardius
1294 4635 1328 4691 ad
1340 4635 1369 4689 id
1385 4634 1461 4706 quod
1472 4633 1554 4705 cupis
1564 4635 1722 4705 pervenire.
1739 4636 1810 4693 Nam

58 4726 129 4782 dere
144 4743 202 4782 non
216 4743 354 4798 possum;
369 4726 416 4781 sed
427 4742 546 4797 possum
561 4726 715 4793 affirmare,
726 4722 819 4797 neque
831 4725 911 4779 illam
964 4724 1044 4796 prius
1062 4723 1111 4777 ahs
1128 4726 1157 4776 te
1177 4737 1288 4793 quaero,
1302 4725 1401 4777 utrum
1415 4738 1517 4792 corpus
1534 4722 1624 4776 ullum
1639 4727 1721 4796 putes
1738 4739 1811 4793 esse,

58 4815 178 4886 longam
193 4831 264 4883 esse,
280 4830 333 4870 nec
347 4816 443 4882 latam,
458 4830 510 4869 nec
523 4812 679 4877 robustam,
694 4828 788 4884 neque
802 4811 912 4883 aliquid
964 4811 1043 4885 quod
1056 4827 1117 4866 non
1129 4827 1181 4883 pro
1207 4810 1293 4865 modo
1310 4825 1361 4865 sno
1384 4809 1488 4864 haheat
1509 4809 1633 4882 aliquam
1651 4811 1812 4883 longitudi-

59 4903 168 4958 horum
183 4918 248 4974 quoe
270 4902 301 4957 in
315 4901 459 4957 mensuris
479 4917 632 4973 corporum
651 4900 742 4973 quaeri
755 4899 861 4954 solent.
880 4900 914 4955 Et
964 4914 1042 4965 nem,
1058 4902 1086 4953 et
1108 4898 1297 4966 latitudinem,
1319 4901 1348 4953 et
1362 4897 1568 4954 altitudinem?
1583 4902 1616 4954 ll.
1632 4899 1723 4964 Quam
1735 4899 1812 4955 dicas

60 4991 119 5048 hoc
135 5007 186 5046 cur
202 4991 375 5059 existimem,
398 4989 542 5046 rationem
555 4989 609 5046 tibi
622 4990 751 5058 reddam,
770 4988 795 5042 si
808 4988 911 5058 placet.
964 4985 1157 5053 altitudinem,
1171 5000 1231 5040 non
1242 4983 1382 5056 intelligo.
1394 4985 1431 5040 A.
1448 4985 1530 5040 lllam
1544 4985 1608 5041 dico
1623 5002 1679 5058 qua
1690 4986 1814 5042 efficitur

717 5086 858 5125 Antonino
874 5087 912 5123 l’l’.
926 5085 1154 5123 axuanlcxlnonul.

94 5158 161 5208 Huic
169 5158 336 5208 emendando
348 5158 416 5209 libro
425 5156 536 5208 adhibiti
546 5156 680 5206 curtiles.
692 5153 830 5204 Sorbonlci
840 5151 903 5212 duo,
912 5152 1041 5203 Victorini
1051 5156 1114 5212 tres,
1124 5152 1232 5216 Regius,
1241 5151 1429 5210 Cisterciensis‚
1439 5152 1621 5212 floriacensis,
1630 5152 1814 5208 Michaelinus,

60 5220 247 5283 Remigiensis,
259 5220 434 5275 Ccrheienais.
445 5218 658 5277 vindocinensis,
668 5215 865 5279 Ehrulphensia,
876 5214 1030 5280 Sergiensis,
1038 5215 1190 5275 Vaticanus,
1200 5219 1227 5264 et
1240 5214 1408 5278 vedastinus,
1417 5219 1512 5281 pretor
1521 5215 1647 5265 lectiones
1657 5228 1690 5264 cx
1700 5217 1815 5277 quatuor

58 5281 176 5346 Belgicis
187 5283 354 5346 depromptas
366 5295 413 5346 per
427 5280 617 5341 Lovauienses3
633 5292 738 5329 necnon
753 5276 882 5327 editiones
898 5277 960 5328 liad.
973 5277 1017 5326 Er.
1032 5281 1058 5326 et
1073 5276 1135 5326 ιον.

111 5362 390 5451 Compurooimuc
407 5371 571 5451 praeterea
595 5380 650 5427 eae
669 5379 781 5427 omncs
801 5356 957 5425 editiones
979 5355 1074 5424 initio
1101 5357 1388 5424 Retractationum
1413 5363 1447 5424 ct
1468 5356 1728 5423 Confessionum
1748 5372 1814 5418 me·

62 5462 225 5518 moratus.
605 5449 649 5515 11.

94 5536 279 5602 ¹racu1uxta
292 5538 358 5590 Ven.
370 5539 428 5589 Pur.
461 5537 495 5587 11.
