3884 6112
139 284 188 336 ¹79

134 406 175 460 ris
190 405 338 476 implentur
349 403 459 473 (insist.¹
470 404 516 468 78,
530 417 577 456 nn.
594 404 622 470 8,
637 402 674 473 9).
694 403 751 456 lloc
763 402 822 472 jam
838 400 986 472 episcopus

136 492 170 548 ad
183 494 324 565 populum
338 492 551 562 Hipponensem
566 490 717 556 scribebat,
732 490 878 544 occasione
891 489 985 558 qu'us-

136 583 203 637 dam
222 581 358 644 scandali,
375 585 404 634 in
424 580 513 652 ipsius
531 580 616 634 domo
636 579 712 633 inter
731 577 904 632 Donilacium
925 591 987 647 pre-

135 672 283 743 sbyterum
299 676 327 724 et
341 670 428 723 alium
444 667 560 722 nomine
574 668 660 738 Spem
676 665 774 720 exorti.
791 665 839 719 llis
855 664 988 717 utebatur

41 795 44 800 -
135 758 339 831 experimentis
355 763 386 810 ut
401 758 508 827 abjecte
522 756 557 811 dc
571 772 600 810 se
616 754 744 819 sentiret,
758 751 886 824 aliosque
900 751 986 805 simul

135 849 346 911 cohortaretur,
357 861 393 899 ne
403 844 538 899 fiduciam
549 844 579 896 in
594 843 665 913 ipso,
677 847 728 896 aut
741 841 885 895 indamus
897 840 987 911 ipsius

135 935 320 1008 quantumvis
335 935 409 988 bona
429 931 588 1002 disciplina,
606 930 656 985 scd
675 930 704 984 in
723 946 781 985 uno
797 931 852 984 Deo
867 929 986 983 colloca-

135 1029 207 1078 rent.
225 1025 288 1077 Fuit
303 1021 426 1090 pauidam,
446 1021 496 1084 ait,
514 1021 544 1072 ia
560 1023 651 1073 nostro
671 1020 908 1086 monasteriaque·
925 1033 986 1071 cor-

133 1110 297 1181 ripientibus
311 1109 457 1176 fratribus,
468 1123 516 1161 cnr
531 1106 654 1176 paredam
668 1123 721 1160 non
735 1105 863 1173 socienda
874 1107 985 1172 lacera,

133 1206 159 1254 et
180 1199 310 1267 sumenda
332 1213 385 1252 non
408 1200 518 1265 formet,
542 1196 721 1265 respondebat
748 1213 756 1249 :
782 1196 988 1263 Qualiscumque

133 1303 206 1342 nunc
220 1290 282 1352 sim,
300 1289 363 1341 tatis
378 1301 432 1351 ero,
449 1286 555 1354 qualern
569 1300 610 1338 me
627 1287 696 1338 Deus
709 1285 835 1350 latarum
849 1297 904 1337 esse
913 1299 987 1351 pre·

135 1380 223 1432 sciuit.
242 1377 295 1442 Qui
315 1377 435 1444 profecto
455 1377 480 1428 et
500 1389 593 1427 ueram
615 1373 731 1438 dicebat,
747 1375 772 1425 et
793 1373 987 1426 lucumonem

133 1465 293 1535 proficiebat
307 1466 336 1517 in
358 1464 454 1516 bonam
473 1478 479 1516 :
495 1461 542 1516 sed
559 1476 643 1530 risque
659 1461 726 1515 adeo
743 1461 859 1530 profecit
878 1463 906 1514 in
925 1475 986 1513 ma·

136 1555 201 1620 lam,
218 1556 249 1606 at
262 1552 368 1606 deserta
383 1552 541 1605 monasterii
555 1549 764 1620 societatefieret
775 1551 850 1602 canis
865 1563 986 1602 reuersas

69 1647 73 1653 '
136 1641 173 1694 ad
188 1655 267 1695 saum
280 1642 410 1694 comitum
425 1657 434 1692 .·
453 1643 478 1692 et
492 1641 581 1692 tamen
599 1636 688 1691 adim
703 1637 793 1706 qualis
812 1639 849 1690 sit
863 1639 985 1704 suturas,

135 1731 267 1782 incertam
280 1732 320 1781 est
341 1728 385 1797 (De
405 1729 479 1781 Dono
501 1728 718 1796 perseuerantiae,
737 1740 765 1778 a.
791 1726 844 1794 38).
869 1725 906 1779 Ex
925 1724 986 1793 rjus

137 1815 310 1870 monasterio
332 1816 457 1869 Donatus
471 1830 537 1868 cum
556 1813 643 1868 fratre
663 1830 713 1868 suo
733 1813 826 1868 lucrat
844 1829 985 1884 egressus,

135 1909 168 1958 ut
182 1902 513 1957 ambitioueetimulante
525 1902 558 1956 cd
570 1901 735 1956 clericatum
750 1901 818 1955 alibi
832 1901 986 1972 suscipien·

136 1992 206 2047 dum
221 1996 340 2062 uterque
359 1991 522 2045 convolaret
539 1990 642 2060 (Epist.
666 1991 720 2060 60).
738 1991 859 2045 Paulum
877 1990 985 2059 episco-

47 2077 48 2080 ’
135 2096 217 2151 pum,
231 2080 276 2133 cui
293 2079 455 2133 Bonitacius
465 2079 495 2133 in
510 2078 608 2133 sedem
623 2079 830 2150 Cataqueusem
842 2077 986 2145 successit,

137 2169 167 2222 in
181 2167 291 2223 Christo
306 2169 369 2222 lesu
386 2183 438 2237 per
458 2166 642 2236 Evangelium
658 2171 812 2237 genueram
829 2166 876 2220 sed
893 2182 986 2237 acque

137 2254 308 2309 salutaribus
335 2254 393 2307 suis
411 2254 547 2320 consiliis,
571 2270 664 2325 neque
686 2238 873 2323 benignitate,
895 2270 986 2324 nerpue

136 2342 285 2397 severitate
309 2343 401 2396 iacere
425 2343 527 2413 potuit,
549 2342 618 2413 qrrin
641 2341 689 2397 ille
710 2343 870 2396 universam
895 2343 985 2396 Eccle-

138 2430 209 2484 siam
226 2429 439 2501 ltipponeusem
454 2429 593 2500 perversis
607 2429 665 2483 suis
676 2429 804 2482 moribus
813 2429 984 2483 vulneraret.

138 2519 317 2589 Quapropter
331 2519 367 2571 ab
382 2519 444 2588 ejus
459 2518 661 2572 communione
672 2518 823 2588 sejungere
834 2533 863 2570 se
874 2523 986 2570 coactns

137 2610 180 2661 est
201 2605 377 2675 Augustinus
397 2607 500 2674 (Epist.
521 2607 575 2675 85).
596 2604 763 2671 Antonium,
784 2622 871 2676 quem
891 2621 987 2659 secum

136 2693 260 2748 habebat
274 2694 304 2748 in
320 2693 492 2747 monasterio
506 2710 556 2746 sua
573 2710 588 2746 a
606 2695 726 2764 parvula
738 2698 819 2748 aetate
835 2694 986 2762 nutritum,

69 2819 75 2834 .
136 2782 172 2838 ad
187 2783 381 2836 Fussalenscm
397 2781 595 2852 episcopatum
607 2782 738 2852 prorexit
749 2798 755 2836 :
767 2798 800 2836 co
815 2786 911 2836 tamen
927 2799 988 2836 snar-

138 2885 205 2924 nere
220 2869 259 2923 sic
273 2869 321 2923 ille
333 2875 508 2941 prepostero
527 2869 642 2924 iunctus
661 2874 712 2934 est,
725 2875 758 2924 ut
773 2870 834 2940 ipse
852 2871 986 2942 Augusti·

139 2973 193 3012 nus
208 2973 329 3012 moerore
347 2957 542 3025 discruciatus,
557 2958 632 3030 quod
653 2959 715 3029 ejus
735 2959 908 3030 episcopatui
928 2959 986 3012 sui-

140 3044 266 3114 fragatus
288 3045 398 3111 luisset,
425 3044 459 3099 de
481 3045 639 3100 abdicanda
664 3045 817 3117 episcopali
838 3045 987 3116 dignitate,

139 3136 173 3185 ut
193 3147 222 3185 se
246 3132 377 3187 lamentis
400 3132 491 3186 errori
515 3149 566 3186 suo
594 3132 829 3188 convenientibus
858 3135 985 3201 dederet,

138 3219 269 3289 cogitarit
290 3220 390 3289 (Epist.
413 3223 477 3282 209,
501 3236 549 3276 aa.
575 3222 601 3286 3,
629 3222 683 3290 lu).
701 3222 770 3275 Rem
793 3221 827 3276 de
847 3225 986 3278 monacho

137 3307 213 3379 apud
228 3324 258 3362 se
272 3308 378 3378 pariter
392 3325 409 3362 a
423 3308 544 3378 pueritia
559 3308 685 3362 emunito
701 3309 802 3363 miram
819 3310 855 3364 ad
870 3312 987 3366 modum

138 3399 249 3460 narrat;
265 3412 322 3467 qua
345 3401 461 3451 narrata
475 3395 610 3451 eumdem
634 3399 731 3451 tamea
755 3397 824 3452 dicit
846 3414 904 3452 non
919 3414 986 3469 per-

136 3484 274 3539 mansisse
291 3486 321 3539 in
338 3485 485 3556 proposito
499 3485 657 3540 sanctitatis
673 3485 722 3557 (Dc
739 3486 835 3543 Genesi
849 3488 887 3542 ad
906 3489 986 3555 litt,

136 3573 183 3629 lib.
202 3576 244 3641 li,
259 3588 307 3628 nn.
323 3576 367 3640 37,
382 3574 437 3645 38).

171 3664 197 3717 a.
222 3662 335 3727 Quanto
359 3661 521 3718 chariorem
542 3661 667 3719 habehat
694 3663 828 3719 Ordinem
848 3664 986 3719 monasti-

136 3765 211 3815 cum,
228 3754 309 3803 tanto
327 3750 533 3804 monachorum
553 3751 649 3821 lapsus
670 3755 698 3805 et
719 3753 824 3821 probra
840 3752 987 3807 molestius

136 3834 259 3900 terebat;
272 3849 337 3888 cum
353 3835 537 3889 coniminum
552 3839 771 3890 adversarentur
785 3836 879 3890 studio
897 3836 987 3907 ipsius

136 3926 165 3976 et
180 3925 255 3988 roto,
271 3938 329 3993 quo
345 3927 474 3977 sanctum
490 3922 561 3977 illud
576 3923 740 3978 institutum
755 3940 808 3994 per
822 3926 986 3980 universam

135 4009 269 4079 Africam,
285 4015 317 4064 ut
333 4010 395 4081 jam
416 4011 447 4064 in
461 4010 525 4064 aliis
541 4011 617 4065 orbis
637 4011 784 4066 christiani
798 4014 941 4083 partibus,
958 4020 987 4069 et

136 4097 288 4169 propagari
301 4102 330 4152 et
342 4098 443 4152 llorere
456 4099 597 4169 cupiebat.
616 4100 717 4155 Verum
733 4099 862 4155 dolorem
880 4107 985 4172 tempe-

135 4187 226 4254 rabat,
242 4187 291 4242 ubi
306 4186 472 4242 attendebat
494 4203 557 4241 eam
581 4202 653 4254 esse,
679 4188 737 4242 Deo
761 4189 802 4243 ita
822 4189 984 4258 ordinante,

135 4277 220 4347 hujus
234 4275 300 4330 rim
320 4275 524 4339 conditionem,
540 4279 572 4330 ut
592 4291 734 4347 nusquam
748 4276 805 4331 sint
820 4293 908 4347 grana
922 4279 985 4333 sine

135 4365 226 4434 palea,
239 4378 383 4433 nusquam
405 4362 549 4417 frumenta
567 4363 712 4418 nisiinter
731 4365 862 4420 zizania:
879 4366 985 4437 ubique

126 4454 230 4504 autem
254 4451 372 4511 animae.
396 4451 483 4506 etiam
503 4452 560 4506 Deo
584 4452 620 4506 ob
640 4452 810 4507 munditiem
831 4455 982 4523 proximas,

134 4539 164 4591 iu
177 4537 273 4593 medio
286 4538 409 4594 tiliarum
425 4540 498 4593 sicut
516 4539 577 4594 lilia
591 4539 666 4593 inter
685 4540 781 4610 spinas
797 4541 918 4604 versari;
932 4543 984 4595 lrac

135 4629 186 4692 est,
201 4641 267 4680 cum
290 4626 325 4680 iis
349 4628 507 4682 necessario
523 4629 611 4682 vitam
637 4644 733 4698 agere,
749 4644 813 4698 qliae
838 4628 903 4683 licet
918 4630 983 4683 lilim

133 4717 252 4784 propter
267 4721 442 4770 sacramenta
455 4716 581 4784 Domini,
590 4716 680 4788 spiam
693 4720 788 4770 tamen
799 4717 855 4770 sint
867 4724 984 4788 propter

134 4817 227 4856 mores
248 4817 312 4855 suos
332 4802 442 4873 (Eiram.
465 4806 494 4858 ia
514 4806 585 4859 Psal.
604 4819 680 4873 xasa,
695 4822 722 4860 a.
744 4805 785 4874 8).
805 4806 984 4877 Quapropter

133 4887 206 4942 sicut
220 4886 328 4941 nullam
339 4888 531 4943 conditionem
545 4890 656 4945 nolebat
671 4891 711 4945 ita
725 4891 845 4958 laudari,
862 4897 894 4947 ut
909 4895 983 4948 mala

132 4979 294 5031 tacerentur
307 4991 373 5047 quae
392 4975 432 5029 ibi
451 4976 540 5031 mixta
558 4983 640 5044 suni,
661 4978 701 5032 ita
720 4994 772 5033 nec
791 4980 941 5050 probabat,
959 4983 983 5036 si

71 5132 74 5136 A
133 5065 184 5137 qui
196 5063 384 5120 monasticem
399 5064 608 5133 professionem
623 5066 709 5121 nimis
723 5068 804 5122 ratde
818 5068 981 5138 laudarent,

131 5159 164 5209 ut
176 5169 210 5209 ea
222 5153 280 5208 sola
295 5150 413 5224 proprio
423 5152 504 5223 quasi
519 5156 706 5225 prerogativa
717 5156 782 5226 jure
797 5158 927 5228 reprobis
939 5176 981 5213 ca·

131 5258 194 5298 rere
208 5241 373 5298 homiuibus
386 5240 481 5311 putari
497 5247 602 5312 posset.
621 5245 660 5298 tu
678 5247 727 5313 qai
745 5245 853 5312 laudas,
874 5247 923 5312 ait,
937 5248 980 5302 dic

24 5363 30 5369 ,
130 5331 230 5386 miatos
244 5331 346 5396 malas3
363 5333 392 5384 tu
406 5331 456 5398 aui
470 5332 618 5399 aitrrperas,
629 5333 692 5385 eide
706 5334 745 5387 iii
759 5340 784 5388 et
799 5336 887 5390 boreos.
899 5336 945 5390 Sic
955 5339 980 5388 rt

132 5419 160 5469 in
176 5419 227 5471 illa
239 5422 300 5473 cilo
319 5420 453 5472 communi
466 5419 598 5484 fratrum,
615 5435 674 5487 qaae
691 5426 730 5475 est
746 5438 774 5474 m
793 5426 977 5478 morrasterio:

132 5509 223 5568 maarai
237 5509 292 5560 ciri
306 5510 404 5568 sancti,
415 5507 536 5576 quotidie
546 5509 574 5561 in
590 5508 707 5575 hymnis.
720 5513 749 5562 ia
760 5512 938 5573 orationibus.
949 5513 979 5567 in

763 279 840 333 VlTA
863 278 881 333 S
914 275 1102 332 AUGUSTINI
1123 274 1288 331 Episcopi.

1845 278 1897 330 lea

1041 397 1167 454 laudibus
1181 400 1240 465 Dei,
1255 397 1320 452 inde
1331 399 1436 462 uiuunt,
1451 411 1512 451 cam
1526 396 1635 450 tectione
1648 395 1704 451 illis
1716 411 1759 451 res
1774 401 1831 465 cst;
1848 400 1897 452 la-

1042 487 1138 541 borant
1151 488 1277 541 manitas
1291 489 1359 551 sais,
1375 485 1439 540 inde
1452 501 1480 540 se
1495 487 1664 554 transieram
1680 501 1735 540 noa
1748 501 1832 540 auore
1845 489 1899 541 ali·

1042 575 1111 644 qaid
1123 579 1228 645 petunt,
1243 575 1381 645 quidquid
1394 578 1431 628 eis
1446 575 1566 640 insertur
1576 590 1594 627 a
1603 576 1660 643 piis
1674 574 1823 640 fratribus,
1835 590 1896 629 eum

1041 666 1208 733 sufficientia
1222 669 1248 718 et
1262 679 1321 717 cam
1335 665 1470 717 caamtate
1482 666 1612 729 utantur;
1623 677 1698 717 nemo
1712 663 1768 717 siti
1778 669 1896 733 usurpat

1042 753 1160 821 aliquia,
1168 752 1241 821 qraod
1252 753 1321 806 alter
1331 767 1384 806 noa
1394 752 1491 805 tabeat
1502 770 1510 817 ;
1522 766 1611 805 omnes
1622 766 1650 805 sc
1662 750 1794 818 ditipunt,
1805 767 1895 807 omnes

1041 843 1154 895 inanem
1166 856 1193 894 se
1206 842 1349 894 sustinent.
1360 839 1504 905 laudasti,
1520 839 1660 893 lancinati:
1673 842 1722 908 pai
1731 841 1818 895 nescit
1827 839 1895 910 qaid

1043 931 1158 983 interius
1174 933 1284 996 apatur,
1300 930 1349 998 qai
1365 930 1448 982 nescit
1463 927 1593 996 quomodo
1612 929 1659 982 illo
1676 932 1755 982 uento
1773 931 1894 984 intrante

1042 1019 1125 1072 etiam
1138 1032 1220 1071 nares
1233 1032 1260 1071 se.
1273 1019 1303 1071 in
1314 1021 1396 1085 portu
1409 1015 1549 1079 collidant,
1566 1018 1654 1069 intrat
1668 1019 1751 1084 quasi
1763 1020 1894 1071 securita-

1044 1111 1094 1160 tem
1109 1120 1230 1174 speraas,
1242 1108 1372 1159 neminem
1383 1120 1460 1174 quem
1472 1105 1563 1158 toleret
1571 1105 1716 1159 habitarae
1725 1124 1732 1171 ;
1742 1108 1895 1162 inaenititi

1041 1197 1143 1262 (ratres
1158 1195 1252 1258 malos,
1265 1195 1313 1262 qui
1326 1194 1393 1247 moti
1406 1194 1586 1247 inueniriaon
1594 1197 1713 1262 possent,
1724 1193 1780 1248 nisi
1793 1194 1893 1248 admit-

1043 1287 1161 1337 terentur
1178 1281 1213 1353 (et
1226 1296 1329 1337 necesse
1343 1287 1382 1336 est
1395 1285 1426 1335 at
1436 1283 1525 1350 primo
1542 1282 1696 1347 tolerentur,
1708 1297 1741 1336 ne
1754 1284 1828 1349 sorte
1840 1298 1895 1336 cor-

1041 1375 1182 1440 ripaaturs
1196 1387 1243 1425 nec
1262 1371 1371 1425 recludi
1388 1371 1470 1437 facile
1485 1375 1609 1439 possunt,
1623 1371 1679 1425 nisi
1690 1373 1772 1440 prius
1790 1373 1892 1438 suerint

1043 1462 1157 1528 tolerati)
1176 1476 1182 1515 :
1198 1463 1223 1513 et
1240 1463 1273 1529 lit
1291 1462 1349 1529 ipse
1368 1458 1543 1513 intoleranda
1563 1461 1752 1528 impatientia.
1774 1460 1843 1525 eris
1856 1475 1894 1514 mc

1042 1550 1093 1603 liae
1110 1548 1268 1617 perurebat?
1287 1550 1344 1615 tipo
1356 1547 1489 1616 putabam
1509 1549 1575 1615 quia
1594 1548 1717 1602 claritas
1735 1551 1776 1602 est
1791 1549 1845 1604 aa.
1860 1551 1892 1604 lit

1040 1651 1189 1706 postrorum
1208 1635 1346 1689 laminam
1360 1636 1483 1689 molestia
1503 1637 1637 1699 irritatus,
1654 1635 1720 1690 dam
1734 1651 1790 1690 aon
1801 1651 1890 1706 perse-

1041 1728 1176 1779 cararent
1190 1725 1301 1793 impiere
1310 1723 1383 1791 praed
1392 1727 1473 1787 tiocli,
1485 1722 1520 1793 fit
1530 1723 1651 1794 desertor¹
1660 1728 1716 1778 tam
1731 1728 1823 1778 sancti
1831 1739 1889 1794 pre

1041 1815 1134 1883 positi,
1151 1821 1176 1866 et
1190 1827 1250 1866 reas
1265 1813 1322 1865 coti
1335 1826 1389 1865 non
1403 1812 1516 1865 redditi.
1532 1813 1593 1866 lam
1606 1826 1668 1866 aero
1683 1826 1745 1866 cum
1758 1813 1824 1868 inde
1837 1816 1890 1867 eri·

1042 1904 1103 1966 crit,
1118 1904 1149 1970 pt
1161 1902 1254 1969 etipse
1268 1901 1437 1968 vituperator
1451 1902 1476 1952 ct
1487 1899 1633 1954 maledicas
1646 1918 1654 1953 ε
1669 1904 1696 1955 et
1710 1900 1781 1955 dicit
1794 1917 1826 1955 ea
1838 1903 1891 1956 sola

1042 2002 1101 2056 aaa
1115 1989 1196 2056 quasi
1212 2003 1240 2041 se
1251 1990 1314 2058 pati
1327 2003 1379 2041 uon
1395 1989 1517 2057 potuisse
1535 1992 1688 2054 asseuerat;
1705 1989 1890 2058 utaliquando

1041 2092 1114 2130 aera.
1131 2077 1183 2132 Sed
1196 2092 1260 2130 aera
1275 2077 1406 2130 malorum
1422 2075 1564 2130 toleroada
1578 2081 1642 2131 sant
1654 2081 1770 2147 propter
1785 2081 1890 2133 secata-

1043 2168 1094 2217 tem
1107 2164 1244 2219 bonoram.
1258 2166 1328 2218 Dicit
1342 2166 1386 2219 illi
1397 2166 1539 2233 Scriptura
1549 2181 1556 2218 ε
1568 2183 1583 2215 a
1594 2165 1640 2219 Vae
1650 2165 1695 2220 bis
1705 2165 1757 2237 qui
1768 2167 1891 2236 perdide·

1042 2256 1110 2305 runt
1120 2252 1336 2306 sustinentiam!
1350 2254 1465 2322 alliccli.
1479 2271 1508 2314 u,
1521 2253 1576 2323 la).
1587 2255 1623 2308 Et
1631 2253 1705 2322 quod
1713 2259 1754 2309 est
1765 2257 1888 2326 amplias,

1041 2345 1132 2394 ructat
1146 2341 1346 2409 indipaationis
1358 2342 1459 2395 matum
1474 2341 1591 2408 odorem,
1607 2342 1679 2396 ande
1692 2343 1844 2399 absterreat
1854 2347 1891 2399 ia·

1043 2433 1177 2495 traturos;
1191 2431 1258 2498 quia
1271 2430 1330 2498 ipse
1344 2445 1403 2484 cam
1418 2431 1556 2496 intrasset,
1568 2429 1720 2498 perdurare
1728 2447 1784 2485 non
1792 2435 1887 2501 patuit.

1043 2517 1140 2583 Quales
1167 2517 1349 2585 iiiii-inuicti,
1374 2519 1535 2585 lineatores,
1559 2519 1691 2572 neminem
1717 2523 1887 2585 sustineretur,

1043 2606 1123 2659 aaari
1130 2624 1138 2671 3
1151 2605 1198 2659 ille
1211 2605 1251 2659 ibi
1264 2605 1336 2659 illud
1348 2608 1425 2675 (ecit,
1441 2611 1465 2658 et
1480 2607 1525 2660 ille
1539 2606 1580 2661 ili
1592 2607 1663 2660 iliad
1677 2611 1758 2676 fecit.
1778 2610 1799 2664 0
1815 2610 1889 2671 muta,

1044 2707 1128 2762 quare
1144 2696 1214 2746 taces
1235 2693 1336 2748 bonos?
1350 2695 1419 2760 ans
1441 2695 1554 2748 tolerare
1570 2710 1623 2749 non
1639 2699 1767 2765 potuisti,
1779 2699 1889 2767 jactas:

1044 2782 1092 2848 qni
1107 2786 1131 2834 te
1144 2782 1245 2835 malum
1260 2783 1452 2849 toleraverunt,
1468 2786 1548 2836 taces.
1569 2783 1646 2836 lianc
1667 2783 1768 2855 itaque
1787 2785 1891 2856 proies·

1043 2867 1153 2921 sionem
1168 2885 1233 2923 cum
1248 2873 1333 2940 portu
1343 2872 1535 2941 comparabat,
1545 2870 1574 2926 iu
1587 2888 1643 2943 quo
1658 2871 1889 2944 feliciusqaidem

1044 2972 1131 3026 quam
1143 2956 1174 3011 in
1188 2957 1289 3028 pelago
1304 2974 1400 3022 nares,
1412 2964 1441 3012 at
1454 2975 1512 3012 non
1522 2975 1586 3013 cum
1601 2964 1659 3014 tota
1670 2962 1822 3017 securitate
1831 2978 1890 3016 cou-

1044 3044 1155 3098 sislunt,
1176 3046 1262 3100 Habet
1281 3049 1362 3112 errim,
1382 3047 1540 3117 inquiebat,
1555 3048 1680 3102 alicunde
1693 3053 1719 3102 et
1732 3055 1830 3119 portus
1843 3052 1888 3104 ad·

1043 3136 1111 3187 itam
1126 3152 1134 3187 ε
1150 3135 1174 3187 si
1187 3138 1281 3202 portas
1294 3131 1402 3190 a‘ditam
1416 3150 1450 3188 ea
1464 3136 1631 3206 nallaparte
1643 3136 1851 3204 inluetantia
1864 3143 1889 3193 in

1043 3237 1102 3275 eum
1113 3225 1192 3276 nauis
1208 3225 1340 3288 introret3
1355 3229 1458 3293 oportet
1472 3239 1533 3290 epo
1547 3229 1578 3279 ut
1592 3240 1625 3279 ea
1640 3226 1738 3294 aliqua
1751 3232 1832 3296 parte
1845 3244 1891 3297 po-

1043 3315 1097 3364 teat
1113 3327 1120 3364 :
1134 3311 1283 3380 aliqnando
1298 3317 1387 3366 autem
1397 3327 1445 3381 prr
1454 3328 1513 3366 eam
1524 3317 1632 3382 partem
1642 3330 1697 3383 qua
1704 3319 1891 3385 patinarum

1043 3400 1139 3463 irrail3
1155 3403 1179 3452 et
1194 3399 1242 3453 ati
1256 3401 1360 3469 scopuli
1373 3415 1426 3454 non
1440 3405 1512 3467 saint,
1528 3417 1610 3456 naues
1624 3417 1652 3457 se
1666 3405 1782 3459 inuicem
1798 3406 1891 3461 collisa

1043 3489 1229 3556 conniapant.
1243 3489 1294 3543 ilbi
1302 3506 1365 3559 erpo
1372 3494 1513 3557 securitas,
1524 3493 1550 3545 ci
1559 3507 1606 3546 nec
1613 3494 1642 3548 in
1652 3498 1754 3560 portat
1762 3499 1800 3552 Et
1808 3501 1892 3551 tanen

1042 3581 1185 3645 atcumque
1198 3578 1332 3645 (allatores
1346 3581 1375 3632 in
1391 3585 1474 3648 porta
1488 3595 1569 3648 paam
1584 3582 1614 3635 ia
1627 3584 1736 3652 pelope,
1751 3584 1891 3650 fatendam

1042 3670 1091 3731 est,
1111 3665 1305 3720 concedendam
1327 3671 1375 3730 est,
1402 3683 1494 3722 aarum
1519 3674 1567 3723 est.
1591 3671 1690 3724 Amant
1713 3686 1742 3725 se
1759 3687 1844 3726 naues
1866 3675 1892 3725 in

1039 3758 1133 3822 porta,
1148 3756 1211 3808 dene
1224 3755 1277 3808 sili
1291 3756 1472 3824 applicentur,
1488 3773 1541 3812 non
1558 3759 1613 3812 sibi
1630 3759 1798 3813 collidantur
1817 3775 1890 3815 :ser-

1041 3846 1120 3895 uetur
1129 3841 1168 3895 idi
1177 3844 1309 3911 parilitas
1319 3845 1524 3912 aequabilitatis,
1533 3849 1686 3900 constantia
1698 3849 1860 3915 claritatis3
1869 3854 1891 3903 et

1042 3929 1151 3997 quando
1160 3932 1333 3996 [orteaentas
1344 3948 1377 3985 ea
1389 3934 1439 3987 illa
1450 3939 1540 4003 parte,
1554 3951 1609 4003 qua
1621 3940 1709 4004 patet,
1724 3939 1890 4002 intermisit

1041 4017 1081 4071 ibi
1095 4022 1176 4072 cauta
1188 4018 1357 4085 paternalis.
1374 4022 1524 4089 Numquid
1538 4022 1661 4078 dicturas
1674 4028 1714 4078 est
1728 4027 1808 4093 milri,
1822 4031 1889 4095 qais·

1041 4104 1103 4175 quis
1122 4106 1220 4159 talibas
1236 4107 1300 4161 locis
1315 4110 1386 4174 [orte
1399 4114 1504 4178 praest,
1520 4113 1574 4165 imo
1593 4115 1675 4166 serait
1694 4115 1846 4183 tratribus,
1862 4118 1887 4168 in

1041 4196 1084 4247 lis
1098 4209 1157 4263 aaa
1170 4199 1335 4249 monasteria
1345 4197 1495 4253 dicantar?
1509 4199 1576 4268 qaid
1586 4200 1712 4256 dicturas
1722 4202 1783 4258 est?
1793 4204 1889 4260 Dauus

1041 4296 1095 4346 ero,
1119 4282 1225 4335 nullam
1248 4283 1349 4337 malam
1372 4285 1526 4340 admittam.
1552 4287 1686 4353 Quomodo
1709 4291 1817 4346 nattam
1838 4307 1888 4345 ma·

1043 4369 1097 4421 lam
1116 4369 1265 4423 admittes?
1284 4372 1396 4426 Nullam
1418 4374 1549 4428 liamiaem
1568 4377 1680 4442 malum,
1703 4379 1810 4433 uallum
1832 4381 1888 4446 lla·

1042 4459 1108 4509 trem
1130 4458 1231 4511 molum
1251 4461 1398 4514 intrantem
1421 4462 1591 4517 admissurus
1612 4479 1689 4531 sum,
1715 4481 1777 4520 cam
1798 4469 1887 4536 paucis

1041 4542 1115 4597 bonis
1133 4544 1197 4598 bare
1212 4547 1281 4598 milii
1299 4549 1359 4601 erit.
1379 4551 1430 4604 illi
1448 4555 1582 4618 coprroscis
1602 4569 1681 4621 parm
1698 4555 1773 4621 sorte
1791 4558 1832 4609 ris
1845 4571 1886 4608 ec·

1040 4632 1167 4688 cludere?
1183 4633 1217 4686 ur
1235 4642 1410 4701 coarcascatur
1430 4640 1527 4705 malas,
1552 4642 1626 4694 intas
1648 4643 1812 4711 probandus
1830 4649 1885 4698 est:

1039 4721 1170 4789 quomodo
1181 4737 1243 4788 erpo
1251 4724 1373 4778 excludis
1384 4728 1562 4794 intraturum,
1574 4732 1622 4797 pai
1630 4734 1727 4799 postca
1734 4732 1887 4800 mutandas

1039 4813 1087 4874 est,
1099 4813 1124 4862 ct
1136 4809 1252 4878 probari
1262 4813 1319 4866 nisi
1331 4814 1475 4870 intraverit
1489 4832 1541 4870 aon
1550 4821 1659 4886 potest?
1671 4820 1792 4889 Depelles
1805 4832 1887 4875 amires

1038 4897 1142 4951 matos?
1156 4899 1228 4952 Dicis
1244 4901 1324 4965 enim,
1338 4905 1364 4955 et
1377 4906 1451 4958 nosti
1462 4905 1604 4973 inspicere.
1620 4906 1716 4961 Omnes
1730 4909 1815 4963 nudis
1827 4924 1884 4964 cer·

1038 4984 1117 5038 dilus
1131 4982 1169 5038 ad
1183 4991 1208 5040 te
1220 4989 1352 5044 ueniunt?
1368 4991 1420 5056 Qui
1433 4995 1567 5047 intraturi
1581 4999 1654 5058 sunt,
1668 4996 1725 5063 ipsi
1738 5011 1768 5050 se
1778 5013 1831 5052 non
1842 5012 1884 5051 no·

1037 5078 1150 5136 vernois
1166 5080 1267 5141 quanto
1283 5079 1371 5132 minas
1385 5079 1434 5134 tul
1449 5082 1532 5136 llalli
1543 5084 1614 5136 enim
1628 5083 1683 5136 sibi
1695 5088 1885 5153 promiserant,

1038 5160 1110 5228 quod
1123 5164 1263 5231 impleturi
1281 5172 1367 5220 essent
1381 5169 1458 5222 illam
1474 5172 1558 5224 eitam
1572 5177 1695 5226 sanctam
1710 5175 1740 5226 in
1757 5189 1887 5230 commane

1037 5249 1177 5304 labentem
1191 5256 1293 5320 omnia,
1315 5256 1363 5309 abi
1382 5272 1458 5311 nemo
1477 5258 1546 5313 dicit
1563 5258 1672 5327 aliquid
1687 5275 1778 5329 suam,
1795 5263 1887 5332 quibus

1036 5340 1075 5391 est
1089 5353 1143 5392 sarra
1158 5343 1251 5395 aniam
1265 5349 1290 5397 et
1304 5359 1349 5397 car
1363 5360 1446 5399 anum
1462 5349 1490 5399 ia
1506 5349 1586 5401 marri
1605 5350 1703 5402 :missi
1716 5356 1782 5405 sant
1793 5355 1823 5405 in
1835 5355 1886 5420 sor

1035 5442 1138 5492 nocem,
1167 5434 1192 5481 ct
1218 5437 1388 5500 crepuerunt.
1415 5434 1548 5500 Quomodo
1576 5451 1639 5503 erpa
1662 5441 1801 5504 copaescis
1820 5455 1887 5503 ean,

1034 5517 1083 5583 qai
1095 5517 1149 5570 sibi
1164 5519 1221 5587 ipse
1235 5519 1323 5573 adbuc
1336 5523 1443 5588 ipnolus
1459 5521 1518 5578 est‘l
1532 5524 1669 5579 uastante
1684 5527 1772 5582 malos
1785 5530 1886 5594 fratres
