3884 6112
55 257 126 310 1033
398 255 596 316 annualem
615 258 663 314 DE
682 257 871 326 SEQUENTE
890 261 997 320 LIBRO
1016 262 1064 319 DE
1082 262 1313 331 Quamnam
1332 265 1469 324 ANIMAE.
1740 275 1808 329 {034

53 376 274 432 commutabiles
286 383 414 446 manent,
432 380 561 451 quamvis
573 381 644 437 laisa
657 383 902 455 reperiantnrcae·
963 376 1075 442 CAPUT
1094 388 1161 442 XVI.
1177 416 1212 429 -
1235 390 1273 445 Ne
1295 391 1326 444 in
1348 392 1468 445 ocimum
1490 391 1600 461 quidem
1622 395 1808 452 irrationalem

53 470 129 535 tera,
150 466 239 520 veluti
261 467 340 520 locus
362 466 413 521 ubi
441 467 608 539 disputatio,
639 474 669 525 et
690 488 813 543 persona
839 488 905 527 cum
996 477 1140 529 rationulis
1155 477 1248 530 ocimo
1265 480 1439 534 convertitur.
1459 480 1562 534 Animo
1583 485 1639 535 toto
1659 487 1698 537 est
1712 485 1741 536 tn
1755 488 1808 538 toto

54 570 114 624 qua
126 553 282 624 disputatio
293 554 379 609 fuisse
393 555 453 609 risa
465 560 536 623 erat,
550 562 578 612 et
594 559 681 613 verba
690 559 763 629 ipsa,
779 560 854 631 quod
870 561 906 615 ad
996 577 1104 632 corpore
1118 567 1143 618 et
1156 565 1272 630 stupetis
1280 565 1417 633 portibus.

53 659 160 699 sonum
183 643 295 707 attinet,
319 643 426 715 quibus
451 645 589 717 disputari
615 648 774 717 videbatur,
801 654 829 704 et
852 650 908 704 elia
996 652 1038 704 25.
1054 651 1111 705 lice
1124 656 1153 705 et
1169 651 1204 705 de
1221 651 1380 706 irrationali
1399 653 1495 708 anima
1514 656 1557 709 vel
1576 655 1643 721 rita,
1663 658 1741 728 quod
1756 674 1809 712 nee

54 732 343 804 hujuscemodi3quoe
354 732 440 787 etiam
450 733 594 805 cumipsis
605 736 736 792 sensibus
745 738 909 793 sentiuntur
960 734 1066 790 ineam
1090 735 1237 792 rationalis
1260 739 1357 795 anima
1377 741 1560 809 convertitur,
1581 743 1637 798 dici
1657 749 1760 815 potest.
1776 747 1809 801 Et

54 825 241 891 agunturque
265 836 283 874 a
306 820 500 891 vigilantibus,
528 827 703 894 praetereunt
724 828 831 892 umen,
857 841 909 880 uec
960 823 1023 895 ipsa
1036 823 1113 879 enim
1128 825 1184 879 nisi
1198 826 1333 882 inferiore
1347 829 1447 883 ordine
1462 830 1595 885 rationaii
1610 832 1807 902 subjiceretur,

58 909 118 963 nlla
135 924 167 962 ex
186 913 268 978 parte
288 909 493 979 sempiternam
511 911 693 982 praeentiam
707 921 841 967 verarum
862 929 908 968 ra·
962 928 1044 982 aeque
1068 918 1194 968 sumeret
1209 915 1333 986 speciem
1347 921 1377 971 et
1389 916 1455 971 talis
1481 923 1564 973 esset.
1589 920 1717 975 Tradunt
1740 937 1808 992 ergo

56 995 172 1051 tionum
183 1002 385 1067 assequuntur.
398 999 437 1052 Ex
449 1014 508 1070 quo
518 999 672 1071 colligitur,
688 1001 739 1056 tali
754 1007 910 1056 commuta·
961 1000 1085 1071 speciem
1105 1018 1248 1057 asumma
1262 1005 1476 1075 pulchritudine
1491 1012 1634 1078 acceptam
1650 1009 1811 1079 potentiora

55 1083 138 1139 tione
162 1084 302 1154 corporis,
331 1084 425 1155 qualis
450 1101 569 1141 somnus
592 1091 643 1154 est,
666 1105 752 1144 usum
780 1089 908 1159 ejusdem
961 1087 1169 1143 infirmioribus
1184 1091 1308 1145 naturali
1318 1091 1427 1147 ordine.
1444 1094 1478 1148 Et
1490 1093 1589 1165 utique
1605 1111 1669 1150 cum
1683 1096 1809 1159 madunt,

54 1173 186 1243 corporis
204 1172 318 1240 animae,
334 1172 684 1247 nonvitamtpropriam,
700 1192 782 1247 posse
800 1176 904 1232 minui.
963 1192 1022 1230 uon
1042 1175 1184 1230 adimunt.
1212 1178 1309 1248 quue
1334 1183 1401 1233 suut
1420 1196 1485 1250 quae
1505 1180 1664 1237 infirmiore
1688 1184 1811 1253 suntin

54 1260 171 1316 CAPUT
185 1262 239 1316 XV.
255 1291 290 1302 -
312 1266 431 1317 ituream
452 1265 572 1318 animam
590 1279 644 1319 nora
661 1280 740 1335 posse
760 1268 791 1320 io
813 1280 909 1335 capus
962 1267 1102 1335 mantum
1120 1268 1197 1329 sunt,
1213 1264 1290 1335 quod
1312 1266 1420 1336 species
1433 1267 1484 1334 eis,
1505 1284 1562 1339 qua
1574 1269 1650 1323 sint¹
1670 1286 1687 1324 a
1710 1276 1810 1341 poten·

427 1354 539 1406 mutari.
598 1354 606 1369 '
963 1350 1084 1405 tioribus
1099 1351 1240 1406 traditur:
1257 1368 1321 1423 quae
1342 1353 1457 1422 quidem
1471 1357 1634 1425 potentiora
1650 1359 1737 1413 etiam
1752 1375 1811 1414 me-

94 1440 137 1492 Ἠ.
154 1440 301 1492 Postremo
315 1437 340 1492 si
360 1439 491 1509 quamvis
509 1440 605 1494 locum
625 1439 775 1512 occupanti
795 1439 911 1510 corpori
962 1438 1117 1494 liorasunt.
1129 1439 1207 1503 Quod
1222 1439 1266 1494 his
1276 1441 1387 1495 naturis
1401 1441 1499 1497 datum
1516 1448 1568 1511 est,
1582 1460 1646 1515 quae
1662 1462 1721 1500 non
1736 1449 1812 1501 mole

55 1524 156 1580 anima
167 1528 265 1580 minen
275 1542 335 1580 non
344 1526 621 1598 localiterjungitur,
632 1528 752 1582 summis
764 1527 821 1582 illis
831 1532 936 1591 retem,
963 1527 1073 1597 majore
1089 1528 1155 1598 plus
1168 1532 1290 1598 possunt
1305 1529 1465 1584 minoribus
1479 1532 1613 1598 molibus,
1630 1533 1678 1586 sed
1693 1534 1754 1587 sine
1767 1539 1812 1588 tu·

54 1614 160 1686 nisque
173 1614 342 1677 rationibus,
355 1630 420 1685 quae
434 1615 709 1670 incommutabiliter
720 1619 848 1681 manent,
859 1630 911 1669 nec
964 1615 1537 1686 moreullolocalismagnitudiniseadem
1547 1619 1640 1690 specie
1651 1622 1814 1692 potentiore

55 1702 160 1774 utique
175 1703 237 1757 loco
260 1702 454 1772 continentur,
474 1702 555 1774 prior
568 1702 692 1758 aflicitur
713 1703 809 1757 anima
824 1717 911 1773 quam
964 1707 1031 1757 sunt
1051 1719 1108 1773 que
1128 1704 1256 1759 meliora.
1279 1706 1311 1759 In
1327 1721 1385 1776 quo
1405 1722 1508 1776 genere
1523 1712 1565 1761 est
1583 1708 1679 1762 anima
1694 1725 1813 1779 corpore

56 1790 614 1861 corpus3necpriortautum,sedetiam
624 1789 911 1863 magis.Tantoeuim
965 1791 1068 1846 melior
1088 1796 1117 1847 et
1137 1792 1290 1862 potentior.
1315 1792 1495 1865 Quapropter
1517 1811 1582 1849 cum
1602 1810 1654 1865 per
1677 1795 1766 1864 illam,
1782 1800 1815 1852 ut

56 1879 150 1951 prior,
163 1883 270 1950 quanto
283 1878 912 1950 propinquior;eteodemcausntantoetiam
966 1879 1074 1934 dictum
1098 1883 1148 1943 est,
1176 1894 1278 1950 corpus
1304 1879 1447 1946 subsistat,
1468 1881 1531 1952 ipsa
1556 1882 1586 1937 in
1610 1898 1714 1953 corpus
1734 1883 1813 1937 nullo

57 1965 281 2037 magis,qnanto
292 1966 379 2021 etiam
394 1983 512 2038 corpore
527 1966 638 2022 melior.
654 1967 711 2022 Nec
724 1967 779 2021 isla
792 1966 913 2038 propiu-
965 1968 1051 2023 modo
1065 1966 1136 2022 verti
1149 1973 1251 2037 potest.
1267 1968 1372 2038 Corpus
1392 1968 1470 2023 enim
1484 1970 1596 2025 nullum
1612 1969 1654 2036 fit,
1669 1970 1723 2025 nisi
1738 1971 1814 2026 acci·

58 2054 156 2126 qnitas
182 2055 254 2121 loco,
270 2054 318 2109 sed
342 2060 454 2110 natum
477 2054 576 2111 ordine
592 2056 666 2110 dicta
681 2055 726 2110 sit.
743 2056 800 2110 Hoc
816 2059 912 2110 autem
964 2054 1070 2126 piendo
1094 2069 1148 2125 per
1170 2054 1296 2109 enimam
1321 2055 1453 2126 speciem.
1477 2059 1513 2110 At
1534 2057 1631 2112 anima
1653 2062 1686 2112 ut
1712 2074 1814 2130 corpus

59 2142 163 2197 ordine
184 2142 356 2214 intelligitur
378 2160 394 2198 a
418 2159 531 2198 summa
555 2143 677 2198 essentia
699 2143 823 2215 speciem
850 2158 911 2197 cor·
965 2142 1056 2211 fieret,
1077 2158 1136 2197 non
1155 2142 1319 2213 accipiendo
1339 2143 1474 2214 speciem,
1495 2144 1544 2199 sed
1560 2145 1728 2211 amittendo,
1752 2146 1815 2202 fieri

57 2231 911 2304 poriperanimamtribui,quaestinquantumcumqueest.
965 2235 1080 2302 posset:
1097 2234 1124 2285 et
1139 2235 1291 2302 propterea
1309 2230 1372 2285 fieri
1389 2248 1448 2286 non
1463 2237 1571 2303 potost;
1591 2233 1646 2287 nisi
1665 2234 1737 2288 forte
1752 2236 1815 2289 loco

60 2320 117 2373 Per
131 2319 256 2373 animam
272 2335 341 2390 ergo
355 2335 458 2390 corpus
473 2319 609 2387 subsistit,
627 2325 656 2374 et
669 2337 703 2375 eo
721 2318 785 2390 ipso
800 2323 844 2373 est
856 2334 913 2390 quo
967 2319 1063 2374 anima
1077 2319 1249 2387 continetur,
1272 2322 1301 2373 et
1312 2319 1440 2373 localiter
1454 2321 1567 2391 corpori
1583 2321 1727 2392 juugitur.
1744 2324 1815 2377 Nam

59 2407 217 2474 animatur,
238 2407 296 2462 sive
316 2407 524 2478 universaliter,
540 2412 571 2463 ut
591 2408 734 2476 mundus;
749 2408 807 2463 sive
821 2407 913 2479 parti·
967 2407 990 2461 si
1003 2407 1042 2461 ita
1056 2411 1107 2472 est,
1122 2409 1214 2478 potest
1224 2422 1287 2460 eam
1298 2405 1416 2461 tortasse
1429 2407 1521 2478 major
1535 2409 1634 2475 moles,
1650 2425 1816 2481 quanquam

60 2495 206 2563 culariter,
223 2499 256 2550 ut
282 2496 508 2568 unumquodque
531 2496 638 2551 animal
660 2495 738 2551 intra
760 2495 911 2550 mundum.
967 2495 1181 2567 speciosiorem,
1201 2494 1232 2550 in
1255 2511 1335 2549 suem
1359 2494 1530 2549 deteriorem
1547 2500 1658 2551 vertere
1680 2498 1815 2569 speciem,

59 2582 243 2655 Quapropter
264 2598 441 2655 consequens
462 2588 524 2639 erat
545 2589 577 2639 ut
596 2584 692 2640 anima
714 2599 767 2655 per
786 2582 912 2638 animam
967 2589 1000 2639 ut
1014 2600 1064 2639 aer
1076 2584 1170 2654 major
1183 2583 1280 2654 ignem
1296 2583 1449 2637 minorem.
1465 2583 1520 2638 Sed
1535 2599 1593 2638 nou
1608 2589 1651 2640 est
1664 2585 1714 2641 ita.
1730 2587 1817 2642 bioles

61 2686 168 2742 corpus
192 2670 284 2738 tieret,
307 2687 360 2726 nec
383 2671 502 2726 omnino
526 2671 609 2727 aliter
630 2676 736 2743 posset.
753 2670 835 2736 Quod
846 2670 914 2742 quia
967 2671 1074 2744 quippe
1084 2670 1179 2726 omnis
1189 2686 1254 2741 quae
1266 2675 1386 2741 occupat
1399 2670 1505 2741 locum,
1520 2686 1580 2725 non
1594 2675 1637 2726 est
1650 2672 1682 2726 in
1695 2672 1818 2744 singulis

62 2774 123 2813 uon
139 2758 182 2825 lit,
197 2762 332 2813 manente
350 2757 457 2829 quippe
477 2758 575 2813 anima
588 2759 619 2813 in
633 2775 667 2814 eo
679 2774 736 2830 quo
750 2758 846 2813 anima
860 2761 910 2824 est,
967 2760 1025 2814 suis
1047 2758 1177 2829 partibus
1199 2762 1270 2823 tota,
1286 2758 1334 2812 sed
1351 2758 1382 2812 in
1404 2758 1547 2812 omnibus.
1573 2758 1666 2822 Quare
1680 2760 1737 2815 alia
1749 2777 1817 2832 pars

63 2862 169 2917 corpus
182 2863 234 2916 per
252 2846 333 2902 illam
347 2846 484 2913 subsistit,
500 2847 616 2902 dantem
631 2846 765 2917 speciem,
780 2861 838 2900 uon
852 2844 912 2900 adi·
967 2849 1029 2918 ejus
1038 2846 1107 2900 alibi
1120 2852 1173 2912 est,
1184 2849 1213 2900 et
1227 2845 1296 2900 aiibi
1310 2845 1374 2901 alia.
1387 2845 1490 2900 Anima
1500 2861 1567 2900 vero
1583 2862 1642 2900 non
1654 2848 1740 2903 modo
1750 2849 1818 2904 uni-

61 2939 207 3000 mentem;
222 2935 394 2989 commutari
413 2934 444 2988 in
458 2951 560 3005 eorpus
575 2935 671 2988 anima
685 2949 743 2989 uon
757 2937 865 3005 potest.
884 2931 913 2988 si
969 2949 1055 2989 versae
1069 2932 1139 2987 moli
1153 2931 1280 3003 corporis
1303 2933 1357 2997 sui,
1373 2932 1423 2987 sed
1444 2933 1530 2987 etiarn
1550 2934 1707 3006 unicuique
1725 2937 1816 3006 parli-

63 3023 143 3078 enim
157 3038 215 3077 non
230 3023 316 3077 tradit
330 3022 454 3094 speciem
467 3038 553 3095 quam
567 3022 654 3077 sumit
668 3037 685 3076 a
699 3036 812 3076 summo
826 3020 913 3083 bono,
967 3022 1038 3076 culce
1052 3020 1128 3075 illius
1142 3023 1202 3074 tota
1216 3019 1300 3074 simul
1313 3020 1401 3075 adest.
1418 3019 1510 3075 Partis
1524 3021 1600 3076 enim
1615 3023 1744 3093 corporis
1754 3041 1817 3095 pas-

61 3128 122 3167 non
144 3127 198 3182 per
216 3111 297 3167 illam
320 3111 353 3165 fit
375 3126 494 3182 corpus:
519 3115 548 3167 et
570 3110 594 3164 si
615 3126 675 3164 non
699 3125 752 3182 per
773 3109 853 3163 illam
870 3108 912 3174 fit,
968 3110 1077 3164 sionem
1092 3113 1152 3162 tota
1170 3107 1264 3173 sentit,
1287 3123 1341 3162 nec
1354 3107 1385 3162 in
1399 3111 1459 3163 toto
1481 3113 1578 3164 tamen
1597 3125 1727 3180 corpore.
1745 3112 1817 3167 Cum

62 3201 188 3252 autnon
204 3196 237 3252 fit
257 3198 386 3266 omnino,
406 3202 456 3253 aut
474 3203 531 3253 tam
552 3198 714 3269 propinque
728 3196 851 3268 speciem
866 3211 914 3250 su·
968 3196 1124 3269 enimquid
1138 3196 1214 3251 dolet
1224 3195 1254 3250 in
1268 3196 1352 3266 pede,
1367 3196 1604 3266 advertitoculus,
1619 3199 1748 3269 loquitur
1760 3199 1817 3255 lin·

64 3285 120 3340 mit
140 3301 226 3356 quam
251 3286 365 3341 anima:
382 3287 430 3341 sed
445 3290 475 3342 et
499 3287 533 3341 fit
555 3302 669 3358 corpus,
684 3290 714 3340 et
731 3285 755 3339 si
769 3289 828 3339 tam
847 3300 914 3356 pro·
969 3301 1035 3356 gua,
1050 3285 1218 3340 admovetur
1232 3300 1345 3338 manns.
1357 3284 1436 3348 Quod
1450 3300 1508 3339 non
1520 3284 1611 3353 fieret,
1627 3285 1683 3340 nisi
1696 3286 1725 3340 id
1738 3285 1817 3357 quod

62 3374 174 3446 pinque
191 3379 318 3429 sumeret
336 3375 470 3447 speciem,
486 3374 516 3429 id
536 3379 609 3429 esset
622 3374 699 3445 quod
718 3372 832 3427 anima:
847 3386 914 3425 nam
968 3373 1073 3428 animle
1094 3372 1125 3427 in
1141 3372 1182 3428 eis
1204 3372 1334 3444 partibus
1357 3375 1409 3440 est,
1425 3376 1453 3427 et
1467 3372 1498 3427 in
1516 3373 1590 3443 pede
1613 3373 1750 3440 sentiret;
1764 3388 1817 3428 nee

63 3464 122 3519 hoc
135 3463 267 3531 interest3
281 3479 373 3534 eoque
389 3463 485 3518 anima
494 3463 607 3529 melior,
623 3478 680 3534 quo
695 3460 783 3517 sumit
796 3460 915 3532 propin·
969 3462 1073 3517 sentire
1088 3462 1165 3533 quod
1184 3461 1224 3516 ibi
1238 3462 1344 3516 iactum
1360 3465 1401 3515 est
1423 3461 1525 3515 absens
1538 3465 1643 3530 posset.
1660 3461 1722 3515 Non
1739 3459 1818 3515 enim
1863 3463 1867 3471 '

64 3552 164 3624 quius.
179 3552 249 3606 Tam
264 3552 426 3623 propinque
447 3557 544 3607 autem
563 3551 650 3606 etiam
665 3566 769 3622 corpus
779 3551 915 3618 sumeret,
969 3551 1073 3604 nuntio
1085 3547 1817 3620 aliquocredibileestfierinonsentientequodnun·

63 3641 90 3695 si
104 3656 165 3695 nnn
183 3657 234 3711 per
256 3640 383 3695 animam
400 3646 536 3695 sumeret.
554 3640 666 3695 Etenim
685 3639 766 3694 nullo
785 3637 915 3708 interpo-
969 3637 1036 3693 tiat:
1049 3635 1117 3708 qnia
1128 3635 1221 3708 passio
1230 3651 1294 3706 quae
1305 3636 1337 3690 fit
1346 3651 1405 3689 non
1415 3650 1467 3705 per
1477 3634 1721 3691 continuationem
1734 3634 1819 3690 molis

63 3729 123 3783 sito
141 3732 200 3783 tam
223 3729 385 3800 propinque
406 3728 506 3799 utique
529 3730 665 3784 sumeret.
693 3727 748 3781 Nec
771 3725 917 3781 iuvenitur
970 3723 1069 3792 currit,
1081 3728 1114 3778 ut
1128 3726 1244 3777 caeteras
1263 3722 1368 3777 animae
1380 3726 1475 3794 partes
1489 3739 1554 3795 quae
1569 3723 1637 3779 alibi
1651 3728 1719 3779 sunt
1731 3725 1819 3779 latere

65 3815 178 3888 aliquid
193 3818 269 3888 qnod
286 3817 323 3872 sit
338 3817 413 3871 inter
426 3833 568 3871 summam
582 3815 681 3883 vitam,
697 3830 761 3886 quae
776 3813 918 3885 sapientia
970 3828 1029 3868 non
1043 3811 1136 3878 sinat3
1157 3811 1205 3866 sed
1220 3810 1293 3866 illud
1307 3815 1369 3866 tcta
1389 3812 1477 3867 sentit
1490 3812 1586 3867 anima
1601 3813 1678 3884 quod
1690 3813 1721 3867 in
1735 3812 1821 3885 parti-

63 3910 94 3961 et
108 3904 213 3960 veritas
228 3910 272 3960 est
286 3905 540 3970 incommutabilis,
556 3909 585 3960 et
595 3903 624 3959 id
639 3904 715 3975 quod
727 3902 862 3957 ultimum
874 3900 917 3955 vi·
971 3900 1035 3955 cula
1049 3900 1082 3954 sit
1092 3898 1184 3970 pedis,
1199 3903 1225 3953 el
1239 3899 1280 3954 ibi
1290 3903 1403 3955 tantum
1424 3900 1509 3956 sentit
1526 3899 1575 3955 ubi
1589 3899 1631 3957 iit.
1648 3902 1719 3956 Tota
1733 3900 1821 3972 igitur

61 3992 207 4061 sificatur,
222 3992 252 4048 id
265 3997 308 4048 est
322 4009 435 4063 corpus,
451 3992 506 4047 nisi
518 3991 663 4048 vivificans
677 3991 781 4047 anima.
798 3990 880 4056 Quod
894 3989 918 4044 si
972 3988 1091 4059 singulis
1101 3987 1229 4059 partibus
1241 3987 1326 4041 simul
1337 3988 1426 4055 adest,
1443 4003 1507 4058 qum
1522 3992 1581 4042 tote
1595 3988 1680 4043 simul
1693 3989 1778 4044 sentit
1791 3989 1823 4043 in

62 4080 155 4136 tradit
166 4080 290 4151 speciem
303 4080 401 4135 anima
416 4079 540 4151 corpori,
558 4084 590 4135 ut
604 4080 640 4134 sit
659 4095 762 4149 corpus
780 4078 811 4133 in
825 4094 919 4150 quan·
973 4076 1105 4148 singulis.
1122 4077 1179 4131 Nec
1193 4081 1290 4131 tamen
1309 4075 1362 4130 hoc
1376 4076 1461 4130 modo
1476 4076 1555 4131 adest
1574 4080 1644 4145 tola,
1665 4080 1698 4131 ut
1716 4076 1823 4131 candor

63 4174 130 4225 tum
146 4172 199 4237 est,
213 4185 272 4223 nnn
289 4168 390 4239 utique
405 4167 529 4239 speciem
540 4167 679 4222 tradendo
688 4165 799 4222 adimit.
812 4165 920 4220 Adimit
971 4163 1016 4217 vel
1033 4162 1090 4216 alia
1103 4161 1268 4232 hujusmodi
1286 4161 1408 4232 qualitas
1426 4162 1457 4216 in
1471 4176 1645 4233 urnaquaque
1665 4166 1747 4232 parte
1760 4176 1822 4215 cor·

64 4261 166 4312 autem
180 4256 211 4310 in
231 4272 336 4328 corpus
355 4256 483 4311 animam
504 4255 735 4312 transmutando.
754 4255 817 4310 Non
831 4255 920 4326 igitur
972 4248 1051 4321 poris
1066 4254 1128 4304 tota
1142 4253 1193 4304 est.
1211 4250 1283 4303 Num
1297 4249 1374 4319 quod
1389 4249 1420 4304 in
1437 4249 1492 4304 alia
1506 4253 1586 4320 parte
1600 4263 1702 4319 eorpus
1715 4249 1824 4321 patitur

65 4345 165 4402 anima
187 4345 247 4400 sive
270 4362 323 4418 per
344 4345 467 4417 seipsam
493 4361 597 4416 corpus
620 4343 663 4411 fit,
688 4343 756 4415 quia
781 4359 840 4398 non
863 4342 920 4398 nisi
973 4337 1106 4391 candoris
1121 4336 1334 4403 immutatione,
1348 4335 1656 4408 potestadcuadorem
1672 4336 1722 4407 qui
1737 4335 1824 4390 estin

65 4433 165 4490 anima
184 4436 321 4489 manente
340 4448 444 4503 corpus
463 4448 516 4504 per
536 4447 599 4488 eam
616 4431 667 4500 fit;
683 4431 741 4486 sive
756 4446 808 4503 per
822 4428 918 4496 aliam,
974 4424 1031 4479 elia
1041 4428 1122 4495 parte
1135 4440 1193 4479 nou
1203 4424 1357 4494 pertinere.
1368 4424 1548 4495 Quapropter
1556 4423 1715 4478 secundum
1729 4427 1825 4495 partes

64 4522 137 4594 quic
148 4536 208 4575 non
218 4520 272 4575 nisi
282 4520 435 4576 traditione
444 4519 550 4591 speciei
563 4519 596 4575 lit
609 4535 710 4593 corpus
719 4535 771 4590 per
781 4517 919 4583 animam,
973 4513 1056 4568 molis
1070 4529 1088 4566 a
1101 4528 1131 4566 se
1145 4511 1292 4581 distantes,
1312 4517 1341 4568 et
1355 4513 1417 4584 ipse
1435 4529 1450 4566 a
1465 4527 1495 4566 se
1512 4510 1616 4566 distare
1635 4509 1824 4568 convincitur.

63 4615 95 4665 et
109 4608 293 4679 ademptione
309 4607 415 4681 speciei
429 4607 567 4663 animain
580 4624 684 4679 corpus
695 4609 919 4673 converteretur,
975 4602 1038 4656 Non
1053 4604 1148 4656 autem
1165 4601 1205 4656 ita
1219 4617 1280 4656 esse
1298 4601 1329 4655 in
1344 4600 1441 4655 anima
1456 4614 1509 4670 per
1527 4613 1643 4653 sensum
1657 4598 1692 4654 de
1707 4615 1764 4672 qno
1780 4597 1825 4654 di·

65 4697 93 4754 si
106 4702 332 4754 converteretur.
975 4694 1054 4746 ctum
1066 4693 1119 4758 est,
1131 4689 1278 4761 probatur.

1008 4788 1015 4820 ¹
1033 4784 1105 4845 Lea,
1120 4784 1190 4850 qaod
1205 4787 1302 4850 spectes
1317 4786 1355 4835 ets
1366 4784 1441 4847 quast
1457 4781 1678 4847 opulentioribus
1693 4781 1825 4835 truditur.

100 4855 178 4918 ¹Er.,
193 4857 253 4906 mm,
917 4905 923 4916 Ι
977 4847 1083 4897 Attice.
1098 4845 1415 4912 veriores,qoodspectes
1428 4844 1476 4905 eis,
1489 4856 1544 4909 quo
1556 4847 1624 4896 cot.

716 5073 1175 5181 ADMONITIO

478 5253 533 5319 DE
558 5249 767 5330 SEQUENTE
790 5248 908 5316 LIBRO
930 5250 984 5316 DE
1008 5248 1260 5328 QUANTITATE
1285 5248 1421 5317 leMAE

109 5396 264 5468 Dialogum
279 5396 314 5451 de
327 5394 440 5450 Animae
458 5393 623 5459 Quantitate
637 5408 703 5448 cum
722 5390 828 5448 Evodio
846 5389 950 5448 habuit
960 5391 1148 5463 Augustinus,
1166 5391 1209 5446 nti
1222 5391 1318 5462 prodit
1332 5391 1395 5464 ipse
1408 5392 1527 5463 epistola
1546 5389 1699 5446 centesima
1713 5405 1829 5461 sexage-

73 5484 150 5542 sima
165 5483 301 5551 secunda,
316 5483 411 5539 eidem
424 5481 532 5538 Evodio
545 5481 700 5537 nonnullas
714 5494 829 5536 rursum
843 5479 879 5536 de
901 5478 997 5537 anima
1011 5478 1182 5551 questiones
1196 5478 1371 5550 proponenti
1384 5479 1542 5535 rescribens
1555 5476 1600 5532 his
1614 5473 1726 5530 verbis:
1741 5475 1791 5530 llio
1806 5477 1842 5532 st

258 5581 397 5648 Parnon.
421 5579 547 5671 XXXII.
1402 5570 1653 5657 (rmore-trois.)
