3884 6112
87 251 124 302 ¹25
574 252 579 273 ⁸
769 251 951 310 PRAEFATIO
971 254 1174 312 uuuunatls.
1816 261 1851 315 td

87 375 153 424 orta
169 386 176 425 ;
194 386 250 441 quo
265 385 348 424 seusu
366 370 396 425 in
413 371 529 428 homine
544 377 608 444 post
624 374 738 446 lapsum
751 390 809 429 non
821 379 934 431 veretur
948 392 1100 448 agnoscere
1116 378 1214 432 darum
1222 378 1355 448 peccaudi
1364 379 1564 441 necessitatem
1576 378 1624 432 sed
1638 394 1703 450 quaa
1717 377 1754 434 sit
1767 394 1853 450 genc-

87 460 158 513 ralis
169 458 306 513 duntaxat
320 459 476 531 :quoniam
485 461 513 515 in
528 461 664 533 praesenti
674 463 837 518 conditione
851 464 948 519 omnia
960 469 989 518 ct
998 465 1120 537 singulo,
1134 465 1219 520 etiarn
1232 466 1312 532 levia,
1324 470 1441 537 peccata
1450 464 1540 520 vitare
1550 465 1635 519 homo
1648 469 1803 536 nonpotest
1814 463 1850 520 ob

88 554 201 604 naturae
216 549 431 617 infirmitatem,
448 552 490 604 vel
506 567 569 623 qum
585 551 622 606 sit
634 552 749 608 moralis
763 557 885 619 tantum,
901 559 931 609 at
944 553 1003 609 lere
1018 555 1118 609 similis
1133 554 1178 611 isti
1193 554 1364 620 necessitati,
1378 571 1465 626 quarn
1478 553 1560 608 alieri
1574 570 1660 624 prava
1675 552 1849 609 consuetudo

88 638 199 693 crebris
213 638 492 709 actibusprogenila.
512 640 549 694 Ea
564 656 630 695 vero
645 642 849 698 consuetudine
866 642 1025 715 simplicem
1040 649 1069 700 et
1083 644 1241 700 absolutam
1254 643 1354 700 inferri
1369 644 1563 698 necessitatem
1579 659 1637 698 non
1653 642 1851 712 existimarunt

87 728 116 782 S.
132 726 314 799 Augustinus
329 732 378 781 aut
392 727 532 790 lulianus,
549 729 625 799 quod
639 745 672 784 ex
694 729 841 804 utriusque
857 730 1101 804 disputationibus
1115 734 1279 801 promptum
1295 728 1368 783 foret
1383 728 1543 783 ostendere.

125 834 281 890 Occasione
294 839 391 890 antem
404 834 458 889 loci
473 835 604 906 superius
618 836 743 906 adducti,
763 853 821 891 non
834 833 870 892 ab
885 854 916 893 re
937 839 1025 894 fuerit
1041 837 1200 904 observare,
1221 836 1367 906 vulgatum
1387 834 1539 906 Augustini
1558 850 1591 890 ex
1610 834 1684 889 libro
1698 835 1733 890 de
1747 834 1845 890 Corre-

90 923 189 995 ptione
204 930 234 979 et
246 923 354 993 Gratia,
364 925 456 994 eapite
466 924 629 991 undecimo,
647 925 762 980 allatum
777 926 814 981 ad
827 926 1035 998 manuscriptos
1050 925 1186 980 codicesa
1201 923 1283 979 nobis
1296 923 1480 978 emendatum
1492 922 1577 978 irrisae
1587 922 1617 976 in
1627 922 1701 977 bunc
1713 921 1847 977 modum:

92 1008 217 1065 Liberum
231 1012 379 1066 arbitrium
393 1011 431 1065 acl
443 1011 546 1067 mulum
561 1012 681 1083 suffieit,
694 1013 732 1067 ad
743 1013 840 1069 barrum
854 1020 944 1070 autem
954 1032 1053 1086 parum
1067 1019 1116 1079 est,
1132 1016 1188 1068 nisi
1198 1013 1344 1082 adjuvetur
1359 1013 1392 1066 ab
1407 1014 1582 1082 omnipotenti
1596 1015 1681 1067 Bono:
1698 1009 1747 1066 ubi
1762 1026 1849 1082 supe·

92 1098 182 1153 riores
197 1100 284 1154 etiarn
301 1100 519 1155 Lorauiensium
535 1101 674 1157 editiones
684 1102 868 1158 babentnilril
881 1109 928 1159 est.
944 1105 1024 1171 Quod
1039 1103 1091 1158 etsi
1103 1103 1277 1174 Augustinus
1291 1102 1375 1156 habel
1389 1102 1419 1155 in
1434 1101 1556 1172 Epistola
1568 1100 1724 1155 centesima
1738 1104 1852 1171 octoge-

91 1188 164 1242 sima
176 1195 267 1257 sexta,
283 1191 319 1246 ad
335 1191 498 1259 Paulinum,
513 1208 633 1247 numero
648 1193 795 1265 trigesimo
809 1201 923 1266 quarto,
936 1193 987 1249 ubi
1000 1192 1050 1256 ait,
1064 1193 1122 1246 sine
1136 1193 1229 1259 pratia
1244 1191 1281 1245 ad
1295 1206 1347 1244 noa
1357 1190 1523 1259 percuratum
1535 1190 1606 1244 nibil
1619 1190 1765 1244 uoluntatis
1778 1187 1851 1242 orbi·

91 1279 176 1332 trium
192 1279 299 1344 aulem
314 1279 405 1350 priori
417 1284 512 1334 tamen
528 1281 600 1347 loco,
616 1281 666 1353 qui
685 1298 718 1336 ex
734 1282 806 1337 libro
821 1284 856 1338 dc
872 1281 1056 1354 Correptione
1070 1285 1098 1334 et
1113 1279 1207 1333 Gratia
1219 1278 1388 1344 desumitur,
1404 1277 1504 1332 melius
1519 1277 1639 1348 quadrat
1651 1292 1749 1346 parum
1763 1291 1850 1348 quam

90 1365 164 1420 nibil
182 1383 191 1420 r
209 1364 351 1438 siquidem
365 1366 423 1422 illic
438 1368 533 1437 egitur
549 1369 583 1424 de
596 1368 691 1440 primo
706 1369 822 1425 homine
836 1370 998 1434 innocente,
1019 1386 1104 1441 quem
1121 1370 1195 1423 licus
1210 1367 1302 1422 noluit
1316 1383 1376 1421 esso
1391 1366 1451 1420 sine
1466 1366 1568 1437 gralia,
1585 1382 1670 1437 quam
1686 1365 1776 1420 libero
1787 1365 1850 1436 eius

90 1453 226 1525 permisit
241 1455 376 1523 arbitrio;
394 1456 531 1528 quoniam
546 1458 661 1512 liberum
679 1459 836 1525 arbitrium,
858 1459 897 1513 ait
916 1462 1030 1513 sanctus
1046 1458 1159 1522 Ductor,
1180 1456 1218 1509 ad
1237 1455 1337 1511 arulum
1356 1456 1470 1523 sufficit,
1486 1453 1523 1507 ad
1538 1454 1634 1508 bortum
1649 1457 1738 1508 autem
1750 1467 1851 1523 parum

88 1547 138 1604 est,
151 1545 211 1598 uisi
227 1543 374 1614 adjuvetur
385 1546 420 1599 ab
433 1548 609 1616 omnipotenti
622 1548 704 1602 Bono.
721 1546 801 1601 Certa
817 1551 848 1601 ut
862 1546 918 1601 dici
931 1545 1022 1618 possit
1037 1545 1071 1600 de
1086 1543 1210 1599 hominis
1226 1545 1296 1614 lapsi
1310 1544 1399 1598 libero
1412 1541 1539 1607 arbitrio,
1556 1541 1633 1613 quod
1648 1557 1681 1596 ox
1695 1557 1725 1596 sa
1739 1542 1848 1613 absque

90 1631 185 1700 gratia
199 1632 274 1686 nibil
294 1631 330 1688 sit
348 1634 385 1688 ad
399 1634 509 1689 bouum
525 1635 701 1706 operandum
713 1655 721 1702 3
735 1635 831 1690 miuus
844 1650 969 1708 congrue
984 1633 1039 1690 dici
1053 1650 1137 1706 posse
1151 1632 1264 1688 videtur
1277 1632 1311 1688 da
1326 1631 1442 1687 homine
1455 1632 1619 1697 innocente,
1633 1630 1713 1701 cujus
1728 1629 1849 1687 liberum

90 1720 258 1790 arbitrium,
274 1727 374 1794 utpote
386 1739 498 1791 sanum,
512 1724 548 1780 ad
563 1725 671 1780 bonurn
685 1725 745 1780 siue
760 1726 818 1781 ullo
829 1725 909 1780 obice
925 1725 993 1780 ferri
1007 1728 1129 1796 poterat.

126 1829 196 1883 llaec
207 1827 365 1885 minutiora
377 1830 517 1901 parsecuti
525 1847 635 1898 sumus,
645 1838 675 1887 ut
684 1833 1027 1888 uerbommcoatrooersias
1037 1832 1194 1897 auferamus
1206 1830 1254 1899 (Da
1263 1829 1443 1884 dorroPersea.
1453 1845 1480 1882 u.
1492 1833 1502 1883 l
1512 1829 1545 1897 l).
1556 1828 1725 1898 Quanquam
1735 1842 1846 1894 aarum,

94 1915 145 1988 qui
160 1920 290 1972 veterum
306 1919 424 1973 Petrum
437 1935 524 1990 opera
545 1936 693 1976 recensere
712 1922 835 1988 studeat,
851 1921 957 1976 misera
970 1925 1045 1975 esset
1058 1918 1194 1985 conditio,
1210 1918 1233 1971 si
1247 1917 1276 1971 in
1297 1917 1372 1988 ipsas
1386 1916 1473 1971 eliam
1492 1921 1575 1970 notas
1592 1932 1692 1970 eorum
1707 1915 1851 1987 margine·

93 2006 145 2072 les,
160 2009 194 2061 ut
214 2010 314 2061 eontra
332 2023 386 2062 nos
404 2007 435 2062 in
450 2007 502 2063 hae
516 2009 642 2064 editione
656 2014 751 2064 acirim
766 2015 818 2070 est,
835 2010 953 2082 impune
971 2009 1206 2074 animadvertere,
1226 2011 1252 2062 at
1272 2005 1399 2077 singulas
1419 2021 1519 2059 aarum
1535 2004 1656 2074 syllabas
1671 2004 1706 2058 ad
1721 2020 1849 2059 severam

90 2093 213 2148 immitis
228 2111 356 2150 censurae
372 2096 511 2152 trutinam
530 2098 670 2153 rliscntere
685 2098 831 2171 quibusvis
846 2099 954 2171 iniquis
973 2098 1136 2152 censoribus
1154 2096 1258 2150 liceret.
1276 2096 1383 2161 Quotus
1397 2093 1475 2149 enim
1497 2093 1617 2165 quisque
1637 2097 1689 2158 est,
1709 2091 1803 2163 quiin
1819 2107 1850 2147 re

92 2187 152 2236 tam
167 2182 276 2238 lubrica
295 2188 324 2238 et
344 2184 456 2240 difficili
473 2202 532 2242 norr
556 2187 711 2258 aliquando
731 2188 773 2242 vel
793 2188 894 2242 leviter
911 2188 1050 2260 cespitet;
1078 2188 1128 2260 qui
1143 2187 1313 2242 sententiam
1334 2185 1457 2240 arroteris
1476 2201 1589 2256 semper
1603 2183 1640 2238 ad
1655 2183 1765 2254 apicem
1777 2199 1851 2236 asse·

92 2276 209 2342 quatur,
223 2276 273 2326 aut
285 2272 410 2343 perfecte
425 2273 547 2343 reddat;
567 2275 617 2347 qui
636 2275 760 2348 danique
776 2281 836 2331 lam
857 2276 937 2331 brevi
952 2277 1104 2333 verborum
1124 2275 1295 2348 compendio
1310 2275 1452 2347 pagellam
1468 2273 1643 2346 quandoque
1659 2272 1798 2344 integram
1813 2270 1849 2328 ud

90 2360 231 2415 amussim
246 2360 387 2432 explicare
402 2361 513 2434 possiti

127 2469 235 2522 Verum
250 2469 435 2540 quantumvis
448 2469 553 2540 injusta
564 2470 661 2526 lutura
668 2471 705 2526 sit
718 2473 910 2543 quorumdam
923 2473 953 2527 in
963 2489 1016 2527 nos
1027 2472 1179 2528 homiuum
1192 2487 1320 2535 censura,
1334 2470 1496 2525 institutum
1507 2468 1697 2524 nihilomiuus
1708 2471 1850 2536 nostrum,

90 2557 150 2610 lieo
165 2555 289 2625 iacente,
304 2562 470 2613 constanter
482 2574 692 2631 persequemur
707 2577 714 2615 ε
729 2566 758 2615 et
772 2561 796 2615 si
811 2560 929 2632 quidcm
951 2561 1035 2615 nobis
1050 2578 1111 2617 esse
1125 2561 1238 2616 molesti
1251 2565 1382 2633 pergent,
1398 2560 1468 2615 illud
1484 2559 1567 2614 nobis
1581 2557 1681 2612 solatio
1693 2556 1758 2625 erit,
1774 2555 1851 2627 quod

90 2645 195 2700 eadem
210 2662 269 2700 sors
283 2647 352 2701 olim
374 2647 527 2719 contigerit
541 2649 614 2703 veris
628 2649 780 2720 Augustini
799 2649 956 2721 discipulis,
977 2650 1008 2705 in
1027 2649 1129 2720 primis
1144 2648 1266 2704 Caesario
1281 2647 1442 2703 Arelatensi
1461 2647 1606 2719 episcopo,
1621 2647 1702 2718 cujus
1723 2645 1792 2701 iidcs
1814 2643 1850 2698 ob

89 2734 276 2805 praedicatam
292 2735 463 2791 sanctissimi
475 2736 533 2792 Viri
548 2737 709 2793 doctrinam
723 2756 739 2793 a
753 2738 923 2810 quibusdam
940 2737 1179 2793 obtrectatoribus
1199 2737 1337 2792 inianrata
1352 2742 1403 2792 est.

124 2841 199 2897 ltine
210 2843 327 2898 collecta
341 2844 477 2900 Valentia
490 2845 616 2917 synodus
630 2845 842 2918 episcoporum,
858 2846 963 2919 quibus
982 2845 1120 2900 Caesarius
1139 2845 1226 2901 iidem
1247 2860 1328 2899 suam
1353 2843 1530 2915 approbarit.
1547 2842 1619 2908 Quia
1634 2841 1720 2896 etiam
1734 2839 1850 2895 lioniia·

89 2929 153 2983 cius
168 2929 300 2986 Pontifex
313 2932 470 3000 Romanus,
487 2935 592 2989 autema
601 2935 777 3004 jurgantium
790 2937 922 2991 rualeaala
936 2938 1092 3001 intentione,
1107 2936 1318 3004 prosecutionem
1336 2933 1424 2986 sancti
1440 2931 1551 2987 Caesarii
1569 2930 1717 3000 apostolica
1731 2929 1849 2985 autimi·

92 3023 150 3072 tate
163 3021 294 3087 firmauit,
311 3025 344 3075 ut
361 3022 519 3094 Cyprianus
533 3024 701 3080 Tolonensis
719 3025 837 3080 antistes
851 3024 880 3080 in
895 3024 956 3096 ejus
971 3025 1034 3078 Vita
1054 3022 1150 3078 tradit.

126 3123 297 3197 Quanquam
310 3127 414 3181 melius
428 3126 545 3183 fortasse
560 3129 642 3185 nobis
662 3130 696 3185 de
712 3130 862 3185 homiuum
876 3128 1011 3200 aequitate
1026 3128 1199 3202 sperandum
1213 3128 1258 3183 sit.
1275 3129 1357 3183 Forte
1373 3128 1461 3195 enim,
1474 3130 1504 3181 ut
1518 3125 1612 3180 verbis
1623 3121 1776 3193 Augustini
1786 3124 1849 3176 ata·

88 3228 168 3279 mur,
184 3212 208 3266 si
224 3212 275 3285 qui
288 3214 371 3270 aliter
384 3217 534 3285 senserint,
550 3219 660 3288 quando
674 3234 761 3274 sacram
775 3221 830 3289 ipsi
841 3219 985 3288 paululum
996 3218 1054 3271 siue
1066 3214 1189 3271 natandi
1202 3213 1292 3268 studia
1305 3215 1494 3282 captaverint,
1506 3227 1587 3281 quam
1597 3207 1791 3264 sitabsurdum
1803 3220 1851 3261 aer

87 3301 206 3370 dignum
222 3303 405 3372 &putatione
419 3306 491 3374 quod
505 3306 609 3373 dicunt,
625 3310 750 3362 continuo
764 3309 924 3363 scateretiam
937 3305 1146 3362 commutabunt.
1157 3303 1234 3374 Quod
1246 3304 1272 3357 si
1283 3304 1427 3368 notuerint,
1443 3317 1495 3355 non
1505 3315 1589 3369 usque
1598 3299 1665 3352 adeo
1675 3297 1708 3351 de
1722 3294 1848 3349 lamonia

91 3391 216 3444 rutubus
236 3390 435 3461 desperandum
448 3399 498 3464 est,
512 3400 543 3450 ut
557 3401 706 3450 metuamus
719 3413 752 3451 ue
767 3397 814 3452 lior
829 3398 948 3466 cuipiam
959 3393 1142 3467 persuadeant
1157 3392 1206 3462 ilie
1219 3393 1391 3447 Peccatorum
1406 3391 1509 3445 dicritis
1527 3388 1574 3443 lib.
1595 3391 1619 3453 l,
1636 3403 1662 3440 u.
1680 3386 1737 3455 ti).

127 3496 202 3561 Quid
214 3497 276 3568 jam
288 3498 370 3553 uobis
386 3499 462 3555 alind
478 3506 563 3556 restat
577 3506 641 3573 post
655 3502 786 3557 diuturni
800 3519 832 3557 uc
847 3501 982 3557 laboriosi
997 3499 1091 3571 operis
1105 3503 1237 3569 optatum
1251 3496 1349 3561 linem,
1367 3512 1454 3568 quam
1470 3500 1502 3550 ut
1512 3494 1630 3549 tutelam
1641 3508 1674 3546 ac
1687 3487 1853 3562 presidium

94 3585 359 3643 illustrissimorum
374 3589 470 3645 Galliae
490 3590 649 3646 antistitum
664 3593 799 3656 demisso,
815 3591 864 3647 sed
879 3591 965 3646 alacri
978 3595 1084 3654 tamen,
1100 3586 1196 3641 animo
1212 3586 1419 3656 deposcamus?

125 3691 240 3749 Scilicet
254 3708 318 3749 eum
338 3694 502 3751 admirabili
526 3696 631 3752 dirinae
648 3697 836 3753 Providentiae
858 3696 976 3752 consilio
991 3696 1097 3750 factum
1113 3693 1159 3759 sit,
1177 3697 1208 3747 ut
1225 3690 1402 3747 sanctissimi
1419 3689 1546 3745 Ecclesia
1561 3687 1685 3744 doctoris
1696 3682 1850 3756 Augustini

86 3798 171 3837 norae
187 3799 309 3856 opernm
323 3784 442 3840 editioni
454 3802 587 3857 suprema
598 3791 685 3843 tuma
699 3787 779 3844 nobis
793 3787 992 3859 imponeretur
1010 3799 1123 3842 manus,
1138 3781 1251 3837 eumad
1265 3780 1410 3852 generalia
1426 3779 1549 3835 Comitia
1560 3795 1594 3832 cx
1610 3775 1745 3832 omnibus
1757 3775 1851 3844 Regni

87 3870 220 3941 partibus
234 3887 293 3926 una
306 3872 492 3928 convenirent
506 3874 542 3929 ad
554 3874 652 3930 lanum
667 3875 756 3930 sancti
769 3875 902 3931 Germani
916 3892 923 3930 ε
939 3872 1013 3930 nihil
1029 3871 1110 3926 nobis
1125 3870 1327 3942 opportunius,
1344 3868 1550 3924 fortunatinsre
1565 3865 1734 3936 contingere
1745 3862 1851 3937 potuit,

85 3975 179 4031 quam
193 3964 225 4014 ut
239 3976 288 4015 eos
301 3962 510 4033 appellaremus
525 3963 741 4036 qualiscumque
756 3964 862 4020 laboris
876 3963 966 4020 nostri
977 3961 1089 4032 judicas
1103 3963 1132 4014 et
1149 3958 1281 4021 arbitros,
1297 3958 1347 4031 qui
1362 3963 1390 4012 at
1405 3957 1543 4028 dignitate
1562 3972 1613 4011 suu
1627 3952 1762 4009 constitui
1777 3958 1846 4008 snut

87 4065 105 4102 a
122 4049 181 4102 Deo
195 4053 324 4119 pastores
338 4049 374 4105 ad
388 4051 543 4122 regendam
554 4052 717 4120 Ecclesiam,
733 4054 808 4108 etad
821 4048 1112 4109 catholiceuocrrina
1131 4052 1341 4104 sacrosanctum
1362 4046 1524 4117 depositum
1537 4045 1618 4117 vigili
1639 4059 1707 4098 cura
1731 4044 1846 4114 aposto·

93 4137 207 4208 licique
226 4139 392 4193 anctoritate
405 4140 570 4195 tutandum.

129 4246 221 4313 Atque
243 4243 297 4298 boc
317 4243 462 4316 praecipue
486 4244 616 4313 numine,
642 4245 829 4300 illustrissimi
844 4245 975 4302 Ecclesia
1004 4246 1160 4318 Principes,
1183 4246 1374 4318 Augustinum
1397 4245 1565 4301 adducimus
1579 4242 1615 4297 ad
1634 4258 1694 4310 vos,
1706 4239 1757 4311 qni
1772 4242 1852 4294 tolus

90 4333 218 4400 quantus
238 4334 291 4395 est,
318 4333 370 4387 sub
385 4333 470 4388 unius
485 4334 571 4388 veluti
586 4334 698 4388 tabellae
719 4339 871 4406 conspectu
892 4335 983 4390 oculis
1005 4336 1104 4390 restris
1124 4334 1362 4406 contemplandus
1383 4332 1526 4403 objicitur.
1539 4333 1636 4403 Neque
1652 4345 1717 4384 vero
1732 4343 1848 4400 conspe·

90 4421 171 4473 ctum
184 4423 309 4474 restrum
333 4420 518 4476 reformidare
533 4426 626 4493 potest
644 4425 748 4477 veteris
763 4427 791 4478 et
806 4423 888 4478 aritae
908 4423 976 4479 ildei
988 4430 1186 4498 propugnator
1201 4423 1365 4489 acerrimus,
1388 4422 1438 4495 qui
1458 4437 1572 4475 causam
1585 4417 1715 4474 Ecclesia
1728 4417 1813 4473 toties
1831 4432 1849 4472 a

87 4523 119 4561 se
135 4507 294 4578 defensam,
314 4509 457 4581 majorum
472 4528 586 4584 quoque
600 4516 759 4566 vestrorum
774 4512 916 4584 presidiis
927 4514 1014 4568 toties
1029 4514 1175 4570 suffultam
1188 4513 1266 4568 haud
1285 4512 1408 4583 ignorat,
1429 4525 1517 4581 quam
1531 4512 1559 4563 et
1573 4525 1590 4562 a
1603 4507 1694 4575 robis,
1709 4505 1760 4579 qui
1775 4505 1852 4577 ipso·

87 4612 155 4650 rum
166 4596 295 4667 vestigiis
313 4597 446 4654 lubenter
458 4600 597 4668 insistitis,
613 4617 670 4656 non
684 4601 816 4656 dissimili
829 4602 927 4657 animo
943 4607 1028 4674 atque
1041 4602 1135 4658 studio
1151 4606 1247 4673 sperat
1260 4599 1346 4655 hodie
1360 4598 1611 4672 propugnandam.

124 4702 197 4757 ilinc
212 4702 242 4757 in
255 4703 339 4759 uobis
354 4704 447 4759 oritur
466 4721 524 4759 non
539 4705 626 4761 dubia
637 4723 711 4777 spes,
732 4723 780 4761 vos
796 4723 888 4778 nuper
902 4709 1053 4764 elaboratae
1068 4708 1344 4780 Augustinianorum
1354 4721 1475 4778 operum
1486 4703 1606 4760 editioni
1619 4701 1847 4781 propitiosioro3

87 4809 184 4865 neque
192 4798 317 4849 restrum
328 4794 405 4849 illius
415 4795 469 4850 riri
479 4795 724 4852 lucubrationibus
737 4796 902 4852 deleturum
912 4799 1116 4870 patrocinium,
1131 4815 1218 4870 quem
1227 4799 1369 4868 specialem
1380 4795 1445 4865 fidei
1452 4799 1600 4866 patronum
1609 4794 1646 4864 (S.
1661 4796 1754 4864 Prosp.
1766 4794 1847 4863 epist.

86 4882 134 4936 ad.
157 4885 276 4950 Aupust.
292 4900 320 4940 a.
338 4886 365 4954 l)
383 4901 432 4939 vos
445 4883 568 4939 universi
583 4901 648 4939 cum
662 4885 746 4940 beato
757 4887 896 4958 Prospero
911 4885 1111 4944 incunctanter
1124 4887 1287 4960 agnoscitis.

123 4988 202 5043 Nihil
218 4989 264 5045 hic
278 5007 393 5046 neeesse
408 4995 451 5046 est
466 5008 481 5046 a
496 4990 577 5044 nobis
590 4991 818 5058 commemorari,
834 4999 942 5064 quanta
957 4994 1041 5051 irrerit
1056 4997 1124 5051 olim
1140 4995 1351 5053 Gallicanorum
1366 5009 1432 5048 cum
1449 4991 1584 5048 Romanis
1600 4990 1771 5062 praesulibus
1785 5002 1840 5043 con

87 5076 185 5132 sensio
197 5077 229 5133 in
244 5079 332 5134 sancti
344 5080 403 5134 lliri
417 5079 653 5135 commendandis
667 5081 810 5153 operibus.
827 5082 942 5138 Exstant
960 5087 1021 5138 tum
1045 5081 1303 5153 sedisapostolicae
1321 5080 1494 5136 Pontificum
1511 5078 1680 5146 innocentii,
1697 5074 1841 5132 Caelestini

86 5170 116 5221 et
128 5166 255 5222 aliorum
265 5185 272 5234 ;
298 5174 330 5223 tu
350 5168 557 5224 Gallicanarum
576 5168 752 5239 synodorum
770 5171 960 5237 Arausicauae,
983 5172 1140 5227 Valentiam
1162 5175 1191 5226 et
1205 5170 1327 5225 aliarum
1347 5169 1514 5240 consignata
1527 5167 1628 5222 litteris
1643 5168 1839 5231 monumenta,

85 5255 194 5327 quibus
211 5256 401 5329 Hipponensis
414 5258 539 5313 Antistes
552 5262 581 5313 et
595 5257 670 5312 inter
685 5259 809 5332 optimos
824 5261 954 5317 Ecclesia
970 5261 1120 5333 magistros
1134 5263 1350 5327 annumeratur,
1367 5264 1395 5314 et
1407 5262 1544 5330 tanquam
1558 5255 1683 5327 antiqua
1706 5253 1773 5310 ildei
1793 5270 1842 5311 eu·

86 5350 146 5399 stes
160 5344 364 5417 integerrimus
375 5363 409 5402 ex
423 5347 554 5402 omnium
569 5347 716 5402 communi
731 5364 799 5403 roca
814 5352 842 5404 et
856 5366 940 5406 sensu
956 5350 1126 5406 declaratur.

123 5433 227 5488 isthaec
241 5435 406 5508 aequissima
421 5435 524 5491 veteris
539 5435 668 5491 Ecclesia
679 5436 788 5508 judicia
801 5438 836 5493 de
854 5439 945 5494 sancti
962 5438 1095 5494 Praesulis
1110 5437 1240 5493 doctrina
1254 5442 1283 5493 et
1303 5436 1359 5491 fide
1380 5439 1412 5490 ut
1426 5435 1536 5489 animos
1554 5431 1687 5487 addidere
1707 5431 1791 5488 nobis
1804 5430 1840 5487 ad

85 5521 224 5577 immensi
242 5523 350 5578 laboris
364 5539 438 5579 onus
458 5522 652 5594 subeundum,
672 5524 712 5580 ita
726 5525 844 5583 effecere
860 5531 892 5583 ut
905 5544 939 5583 ea
961 5545 1019 5600 qua
1040 5543 1093 5600 par
1112 5531 1174 5582 erat
1193 5525 1331 5597 religione
1345 5521 1501 5579 doctissimi
1522 5519 1664 5575 Antistitis
1685 5519 1789 5592 scripta
1802 5524 1845 5575 at·

86 5610 286 5682 tingeremus;
300 5611 350 5684 pia
358 5611 496 5668 nimirum
509 5611 658 5668 sedulitate
670 5612 862 5686 religiosaque
876 5614 1010 5670 cautione
1025 5631 1097 5686 opus
1112 5630 1172 5670 esse
1186 5613 1252 5681 rati,
1268 5616 1301 5667 ut
1314 5626 1372 5684 qua
1386 5613 1492 5675 mente,
1506 5623 1564 5681 quo
1578 5607 1708 5676 consilio,
1717 5623 1775 5679 qua
1788 5606 1844 5663 tide

87 5699 216 5773 primum
231 5702 359 5773 protecta
372 5705 467 5758 assent
479 5717 516 5759 ex
527 5701 697 5758 maturimi
712 5703 842 5759 Doctoris
856 5719 905 5759 ore
919 5709 949 5759 et
962 5720 1049 5760 mann
1065 5702 1216 5758 utilissima
1230 5716 1327 5771 opera,
1343 5712 1456 5752 rursum
1472 5696 1626 5753 ederentur
1649 5713 1665 5752 a
1680 5695 1762 5751 nobis
1782 5696 1844 5765 pari
