3884 6112
107 263 155 314 tbi
695 251 1026 310 itutttnctntioiibti
1045 251 1073 306 S.
1088 251 1292 310 tubbsttrtt.
1813 258 1860 310 652

107 386 194 441 etiam
210 383 346 439 brevitate
356 398 389 436 ac
397 381 539 436 celeritate
548 379 684 451 respondi
694 396 701 447 3
713 379 845 449 adjuncto
856 379 957 432 codem

5 481 10 490 '
106 490 238 529 sermone
249 471 368 543 acapite
378 469 571 543 responsionis
581 485 663 531 mere,
675 471 704 522 et
714 467 849 522 adhibitis
857 467 891 521 ad
902 467 958 521 sin-

106 565 173 635 gula
181 561 319 628 numeris,
328 558 584 633 quibusinspectis,
596 556 665 628 quid
678 555 723 610 cui
733 556 794 609 loco
805 555 957 627 responde·

106 652 172 719 rim,
189 651 269 706 facile
284 650 373 721 possit
387 646 506 704 adverti.
524 646 574 701 llic
593 645 675 711 liber,
691 648 757 715 post
780 660 879 699 eorum
894 660 956 699 ser·

107 757 221 795 monem
236 739 285 811 qui
301 737 421 809 acepite
438 736 589 806 adJ'unctus
605 737 657 800 est,
673 733 713 787 sic
725 731 844 805 incipit:
856 736 956 788 Eorum

101 829 263 899 precedenti
288 827 479 895 disputationi,
504 825 554 878 buc
577 823 762 892 disputatione
793 821 954 892 respondeo.

429 948 541 1004 CAPUT
562 946 632 1001 Llll.

103 1044 141 1096 Dc
167 1040 278 1110 Nuptiis
301 1043 326 1094 et
349 1038 580 1107 Concupiscentia,
604 1035 641 1091 ud
663 1037 802 1093 l'uleriurn
824 1037 954 1101 comitem,

461 1125 526 1179 libri
540 1125 602 1178 dito.

140 1231 246 1304 Scripsi
269 1234 341 1287 duos
366 1231 456 1285 libros
480 1230 516 1283 ad
539 1229 681 1283 illustrem
705 1228 799 1283 virum
821 1228 955 1283 comitem

104 1323 259 1389 Valerium,
275 1336 341 1375 cnm
354 1319 498 1373 audissem
521 1316 690 1388 Pelagianos
717 1317 744 1371 ei
766 1316 862 1371 nescio
886 1316 955 1388 quid

103 1411 248 1482 scripsisse
270 1409 305 1463 de
326 1407 420 1475 uobis,
436 1405 512 1477 quod
531 1405 639 1459 scilicet
664 1405 779 1476 nuptias
803 1406 954 1460 damnare-

103 1517 178 1564 mus,
200 1496 351 1552 nsserendo
373 1493 512 1566 originale
533 1499 681 1565 peccatum
699 1510 705 1548 :
722 1509 846 1565 quorum
867 1492 954 1548 libro·

102 1605 168 1644 rum
182 1587 284 1643 titulus
299 1588 351 1652 est,
365 1584 400 1639 de
417 1583 530 1655 Nuptiis
551 1588 580 1639 et
603 1583 848 1655 Concupiscentia.
872 1583 956 1638 lioni-

102 1681 190 1733 tatem
209 1675 316 1748 quippe
341 1673 522 1728 defendimus
547 1673 723 1743 nuptiarum,
746 1691 781 1728 ne
805 1676 955 1744 putaretur

102 1782 200 1822 earum
224 1780 285 1819 esse
313 1762 414 1817 vitium
439 1761 669 1833 concupiscentia
692 1762 796 1832 carnis,
816 1766 845 1816 et
860 1762 905 1816 lex
923 1760 954 1815 in

101 1853 238 1910 membris
252 1867 415 1924 repugnans
432 1850 490 1922 legi
513 1849 627 1920 mentis,
647 1867 705 1922 quo
729 1850 805 1905 malo
827 1848 953 1905 libidinis

101 1942 174 1997 bene
188 1940 278 1996 utitur
293 1939 328 1994 ad
341 1938 417 1994 lilios
430 1939 622 2009 procreandos
636 1937 774 2009 pudicitia
783 1938 951 2009 conjugalis.

103 2031 139 2085 Ut
152 2032 249 2085 eutem
264 2028 321 2083 duo
341 2026 408 2082 libri
431 2032 536 2095 essent,
560 2027 672 2098 primns
695 2026 774 2082 venit
795 2026 825 2081 in
846 2026 953 2082 tuliani

100 2116 244 2190 pelagiani
258 2133 370 2182 manus,
386 2119 415 2170 et
428 2115 541 2186 scripsit
554 2115 690 2169 adversus
704 2131 771 2169 eum
785 2114 875 2169 libros
885 2131 953 2186 qua-

1004 354 1103 432 ¹multo
1116 378 1200 449 plura
1218 377 1248 432 in
1267 377 1308 432 eis
1329 376 1401 432 mihi
1415 375 1566 432 viduantur
1578 376 1619 431 ita
1634 381 1821 449 pertractum,
1832 384 1861 434 ot

1012 465 1123 537 possint
1136 466 1223 521 etiam
1235 467 1328 521 soluta
1344 470 1373 520 et
1391 466 1519 537 exposita
1541 481 1602 520 non
1625 465 1774 522 immerito
1791 468 1861 538 jndi-

1012 555 1080 610 cari.
1094 556 1258 627 Regnorum
1274 570 1389 627 quoque
1404 553 1491 609 libros
1506 554 1608 609 eodem
1619 555 1706 611 modo
1718 555 1785 626 jam
1798 572 1859 612 cou-

1011 644 1138 700 siderare
1153 660 1344 715 coeperamus,
1358 643 1409 698 sed
1432 659 1490 698 non
1514 644 1639 698 multum
1660 644 1860 716 progressi,iu

1011 733 1066 787 sliu
1090 749 1156 805 quoe
1182 733 1274 804 magis
1296 732 1439 804 urgebant
1461 732 1592 788 animum
1616 732 1810 789 intendimus.
1833 735 1859 789 ln

1010 821 1104 892 primo
1118 826 1214 877 autem
1230 821 1315 886 libro,
1331 820 1380 875 ubi
1394 821 1488 892 agitur
1502 820 1538 876 de
1553 820 1643 892 virgis
1662 820 1783 876 variatis
1798 838 1858 893 quus

1010 910 1133 981 ponebat
1144 911 1230 966 Jacob
1246 910 1276 964 in
1290 926 1376 982 uque,
1398 915 1431 965 nt
1453 909 1484 965 in
1505 914 1648 981 conceptu
1673 909 1781 982 positae
1801 926 1857 965 oves

1010 1014 1058 1053 eas
1082 998 1209 1054 riderent
1237 1016 1300 1054 cum
1330 999 1470 1066 biberent,
1499 1003 1527 1053 et
1554 999 1650 1053 varios
1678 998 1757 1054 letus
1783 1015 1856 1070 pare·

1010 1092 1075 1143 rent
1099 1089 1209 1158 (Quest.
1241 1092 1300 1158 93);
1329 1104 1386 1142 non
1414 1088 1485 1142 bene
1512 1104 1528 1142 a
1553 1086 1639 1143 nobis
1664 1086 1799 1159 exposita
1821 1093 1855 1145 cst

1010 1193 1094 1231 cause
1123 1194 1174 1232 cur
1201 1177 1307 1232 iterum
1335 1176 1563 1248 concipientibus
1591 1192 1651 1232 non
1673 1177 1811 1249 ponebat,
1829 1177 1853 1233 it

1010 1270 1062 1330 est,
1078 1265 1229 1320 cumatius
1248 1266 1322 1321 fetus
1334 1264 1526 1336 conciperent,
1550 1265 1600 1320 sed
1622 1263 1654 1319 in
1677 1264 1778 1336 priore
1796 1281 1852 1321 con·

1009 1360 1104 1426 ceptu.
1119 1355 1189 1408 Nam
1203 1353 1371 1425 questionis
1386 1353 1504 1409 alterius
1523 1352 1664 1424 expositio
1680 1355 1794 1424 (Quest.
1807 1354 1849 1425 bil.

1010 1443 1059 1497 ubi
1072 1442 1213 1514 quaeritur
1225 1459 1276 1496 cur
1288 1441 1392 1497 dixerit
1414 1458 1511 1498 socero
1535 1458 1586 1497 sno
1608 1441 1711 1510 Jacob,
1733 1445 1771 1498 nt
1789 1443 1852 1498 dect-

1007 1534 1076 1602 pisti
1086 1532 1232 1587 mercedem
1245 1547 1331 1586 meum
1351 1531 1440 1586 decern
1460 1531 1583 1598 upnmus
1608 1531 1684 1601 (Gen.
1712 1547 1788 1602 xxxr,
1806 1534 1851 1603 ill,

1008 1620 1076 1676 setis
1089 1621 1226 1675 veraciter
1240 1620 1373 1687 enodata,
1389 1620 1568 1676 demonstrat
1581 1618 1680 1686 istam,
1705 1618 1779 1674 sicin
1790 1619 1850 1675 solri

1008 1709 1117 1776 debuit,
1133 1725 1192 1764 non
1206 1709 1339 1764 solutam.

1042 1798 1070 1851 2.
1088 1797 1120 1852 ln
1134 1796 1217 1851 tertio
1241 1813 1358 1868 quoque
1379 1794 1464 1859 libro,
1486 1795 1536 1852 ubi
1563 1796 1597 1851 de
1623 1812 1742 1852 summo
1767 1796 1847 1868 agitor

1008 1886 1163 1953 sacerdote,
1178 1887 1322 1957 quomodo
1343 1885 1458 1941 creabat
1471 1885 1557 1953 tilios,
1579 1901 1646 1941 cum
1669 1885 1789 1941 haberet
1806 1903 1846 1942 ne·

1007 1974 1166 2030 cessitatem
1184 1975 1228 2030 bis
1251 1974 1282 2030 in
1306 1975 1351 2030 die
1372 1975 1486 2047 ingredi
1508 1975 1537 2029 in
1559 1979 1657 2030 sancta
1684 1979 1847 2044 sanctorum,

1007 2062 1058 2118 ubi
1072 2068 1134 2118 erat
1145 2065 1234 2118 altare
1243 2063 1362 2131 incensi,
1374 2064 1409 2119 ad
1421 2063 1601 2119 offerendum
1612 2063 1766 2120 incensum
1776 2080 1847 2120 mune

1007 2155 1036 2205 et
1053 2167 1171 2221 vespera
1196 2151 1293 2223 (Euod.
1315 2168 1379 2219 xxx,
1403 2157 1431 2220 7,
1456 2151 1493 2221 8),
1519 2167 1576 2224 quo
1601 2167 1662 2206 uon
1689 2158 1794 2224 posset,
1817 2152 1846 2207 si·

101 2212 176 2274 tuor,
192 2205 343 2277 exquibus
357 2204 475 2276 quidam
489 2203 629 2258 nonnulla
643 2203 793 2275 decerpsit,
807 2207 835 2257 et
855 2202 952 2258 comiti

102 2294 212 2349 Valerio
224 2293 312 2360 misit,
327 2293 376 2347 ille
391 2308 457 2347 vero
472 2291 507 2347 ad
523 2308 586 2346 nos.
605 2291 674 2356 Quae
688 2307 754 2346 cnm
768 2291 950 2363 accepissem,

100 2381 157 2437 ulio
171 2382 243 2436 libro
258 2381 294 2437 ad
309 2382 410 2436 eadem
422 2379 484 2451 ipsa
498 2379 643 2451 respondi.
668 2380 757 2451 liujus
778 2379 872 2451 operis
889 2379 951 2450 pri-

100 2487 165 2525 mus
179 2470 252 2525 liber
272 2469 312 2524 sic
332 2469 455 2540 incipit:
475 2471 600 2523 lieretioi
618 2472 692 2536 noui,
714 2469 887 2524 dilectissime
910 2470 952 2537 pti

103 2542 205 2598 Veteri.
221 2540 368 2597 &condus
382 2543 478 2594 autem
493 2539 533 2593 sic
548 2556 555 2594 :
572 2541 644 2594 lnter
666 2541 772 2596 militie
794 2544 846 2594 tuae
859 2554 948 2595 curus.

420 2662 531 2718 CAPUT
551 2661 617 2717 LlV.

336 2753 512 2807 Locutionurn
524 2751 590 2805 libri
602 2755 711 2821 septem.

1006 2241 1055 2293 cut
1080 2238 1135 2292 Lex
1158 2237 1237 2305 dicit,
1267 2238 1434 2294 immundus
1461 2239 1589 2307 intrare3
1617 2242 1645 2294 et
1675 2240 1778 2296 eadem
1802 2240 1848 2297 tu

1005 2325 1089 2394 dicat,
1114 2327 1296 2382 immundum
1325 2327 1388 2383 lieri
1411 2327 1561 2382 hominem
1585 2327 1674 2383 etism
1700 2345 1735 2385 ex
1757 2345 1847 2385 conon

1005 2415 1066 2469 bitu
1083 2416 1237 2488 conjugali,
1252 2432 1340 2488 quem
1350 2416 1433 2488 jubet
1446 2417 1564 2488 quidem
1584 2416 1675 2472 levari
1700 2435 1785 2491 equa,
1807 2418 1848 2475 scd

1006 2503 1138 2557 etlotum
1157 2502 1225 2558 dicit
1245 2502 1430 2558 immundum
1451 2519 1511 2557 esse
1532 2519 1624 2574 usque
1647 2504 1686 2560 ad
1712 2521 1848 2578 uesperam

1005 2589 1079 2659 (Leo.
1108 2605 1155 2657 xv,
1181 2590 1232 2660 tb);
1263 2591 1338 2646 unde
1363 2590 1432 2658 dixi,
1457 2593 1623 2661 Consequens
1645 2594 1737 2659 fuisse
1759 2598 1790 2648 ut
1809 2598 1848 2649 uit

1004 2680 1141 2734 continens
1155 2683 1233 2748 esset,
1248 2695 1285 2734 uu
1299 2680 1392 2735 diebus
1407 2681 1545 2750 aliquibus
1569 2683 1798 2738 intermitteretur
1810 2685 1848 2739 in·

1004 2782 1111 2822 cessum
1125 2768 1235 2836 (Quart.
1252 2767 1296 2839 82)
1312 2785 1319 2824 :
1336 2786 1394 2824 non
1411 2769 1475 2825 ride
1489 2787 1550 2826 non
1563 2771 1650 2827 inisse
1666 2788 1847 2847 consequens.

135 2859 249 2930 Septem
264 2858 351 2913 libros
366 2857 401 2911 de
417 2862 526 2928 septem
541 2856 623 2912 libris
638 2857 800 2913 divinarum
820 2858 948 2929 Scriptu-
1004 2857 1102 2911 Potest
1114 2856 1192 2911 enim
1207 2857 1245 2911 sic
1259 2856 1381 2928 intelligi
1396 2860 1472 2930 quod
1497 2859 1635 2932 scriptum
1658 2866 1713 2930 est,
1739 2864 1846 2918 tunun-

100 2962 207 3014 runsm,
223 2946 311 3002 idest
325 2945 414 3018 ldoysi
430 2947 569 3019 quinque,
591 2950 621 3002 et
645 2963 703 3002 uuo
723 2949 790 3003 Jesu
812 2948 898 3014 Nave,
921 2951 951 3002 et
1004 2944 1056 3000 dua
1070 2947 1122 3000 erit
1137 2945 1269 3014 usquead
1283 2962 1433 3018 vesperum,
1447 2952 1477 3003 nt
1491 2965 1544 3020 per
1566 2948 1661 3020 ipsam
1684 2951 1846 3022 vesperam*

99 3037 188 3091 altero
201 3035 344 3101 iudicum,
358 3034 422 3101 leci,
437 3035 544 3090 notatis
558 3035 750 3091 locutionibus
768 3035 949 3107 singulorum
1000 3033 1061 3105 jam
1076 3049 1135 3087 non
1158 3039 1231 3088 esset
1252 3034 1425 3099 immundus,
1451 3037 1500 3092 sed
1518 3054 1610 3110 usque
1634 3038 1672 3093 ad
1699 3040 1803 3112 ipsam,
1822 3044 1848 3095 ut

98 3140 163 3194 quae
178 3123 274 3179 minus
287 3123 399 3177 usitatae
419 3127 485 3178 snut
499 3124 606 3195 linguis
621 3131 725 3180 nostrie
741 3141 747 3180 :
762 3141 832 3197 quas
846 3140 948 3197 parum
1002 3121 1164 3192 vespertino
1176 3123 1237 3194 jam
1259 3127 1387 3195 tempore
1408 3124 1555 3180 1111118111
1578 3127 1705 3182 mund&
1731 3129 1845 3195 01111111

99 3211 272 3266 advertendo
287 3226 403 3265 sensum
419 3216 561 3282 quaerunt,
578 3212 629 3284 qui
650 3214 760 3285 legunt,
786 3213 947 3268 divinorum
1002 3225 1068 3264 curn
1080 3216 1198 3282 propter
1213 3212 1433 3267 creandoslilius
1442 3214 1692 3284 postmatntinnm
1704 3214 1846 3271 incensum

99 3299 291 3371 eloquiorum,
302 3315 368 3354 cum
380 3300 416 3354 sit
424 3299 577 3355 locutionis
589 3317 689 3372 genus,
701 3305 729 3356 et
739 3318 948 3373 nonnunquam
1002 3298 1108 3354 mixtus
1123 3307 1197 3355 esset
1211 3300 1301 3355 uxori.
1318 3302 1445 3373 itemque
1466 3301 1517 3357 ubi
1538 3303 1693 3374 quaesitum
1719 3308 1762 3359 est
1784 3321 1847 3378 quo·

98 3389 266 3459 enscnlpunt
277 3387 382 3459 aliquid
396 3388 471 3459 quod
482 3405 499 3442 a
512 3388 632 3444 veritate
647 3389 763 3461 quidem
777 3405 836 3445 non
848 3390 948 3445 abbor-
1002 3387 1087 3443 modo
1110 3388 1269 3460 prohibitus
1291 3394 1366 3445 esset
1389 3406 1475 3462 super
1496 3392 1582 3445 funus
1605 3390 1700 3462 patris
1725 3392 1846 3448 sacerdos

97 3481 172 3546 reat;
188 3492 247 3532 non
260 3482 358 3532 tamen
379 3477 409 3533 id
432 3477 554 3534 sensisse
579 3483 679 3534 auctor
693 3495 710 3534 u
724 3494 782 3550 quo
802 3479 856 3534 hoc
877 3479 946 3534 scri·
1002 3492 1130 3531 summus
1144 3476 1250 3531 intrare
1262 3478 1357 3548 (teuit.
1371 3494 1428 3546 xxi,
1445 3479 1500 3546 tl),
1516 3495 1583 3534 oum
1598 3495 1668 3534 eum
1682 3480 1749 3535 fieri
1763 3496 1844 3537 sacer

95 3570 177 3637 ptum
193 3571 235 3621 est
247 3565 400 3636 invenitur,
416 3567 465 3622 sed
480 3583 584 3639 genere
599 3567 753 3623 locutionis
771 3567 824 3622 hoo
843 3567 946 3623 dixisse
1001 3564 1097 3619 dotem
1109 3564 1238 3638 (qnando
1252 3581 1327 3621 unus
1340 3568 1421 3638 erat),
1445 3567 1501 3621 nisi
1525 3572 1591 3638 post
1613 3573 1743 3624 mortem
1763 3585 1844 3625 secer·

96 3655 260 3710 credibilius
274 3660 403 3727 apparet.
420 3656 508 3711 Multo
522 3660 620 3711 autem
633 3656 826 3728 inscripturis
841 3657 946 3713 sanctis
1001 3651 1075 3707 dctis
1089 3651 1179 3723 patris
1192 3668 1250 3707 non
1266 3657 1424 3724 oporteret;
1449 3653 1527 3708 dixi:
1543 3655 1659 3724 Propter
1679 3656 1731 3712 boc
1753 3670 1845 3712 neuru

96 3744 226 3809 obscure,
244 3743 358 3812 cognitu
373 3744 525 3799 locutionis
546 3761 651 3816 genere
673 3745 860 3801 dilucescunt.
877 3747 945 3800 Pro·
998 3742 1095 3808 fuisit,
1109 3740 1232 3797 ”0⁷¹th
1245 3743 1348 3812 sepulto
1361 3747 1441 3811 putre
1453 3744 1548 3798 Statim
1560 3746 1623 3813 P⁰³²
1647 3745 1707 3814 ejus
1732 3753 1841 3811 1111111111

95 3835 160 3901 pter
173 3830 250 3903 quod
259 3832 455 3901 cognoscenda
464 3836 532 3886 sunt
542 3833 641 3887 eadem
650 3849 756 3905 genera
765 3833 945 3889 locutionum
998 3830 1085 3899 filium
1097 3830 1155 3899 ejus
1168 3831 1305 3899 constitui,
1321 3832 1370 3900 qui
1383 3831 1533 3886 succederet
1541 3833 1634 3901 potri;
1645 3840 1764 3905 propter
1773 3836 1842 3890 etun

95 3915 146 3972 u'bi
160 3917 308 3972 sententie
323 3922 437 3988 palent;
461 3923 491 3973 nt
514 3920 598 3974 etiam
627 3920 675 3975 ubi
698 3910 798 3990 latent,
820 3922 944 3993 cognitio
999 3920 1209 3975 continuationis
1230 3920 1377 3990 incensum,
1393 3920 1465 3989 quod
1485 3919 1526 3975 bis
1550 3922 1580 3975 tn
1604 3921 1650 3976 die
1668 3937 1775 3980 necesse
1794 3924 1841 3978 erut

94 4005 158 4076 ipsa
183 4011 338 4072 succurret,
368 4021 473 4077 easque
499 4008 654 4062 intentioni
682 4009 801 4080 legentis
824 4010 943 4081 aperiat.
999 4007 1214 4077 offerritQuaest.
1229 4007 1288 4077 83);
1304 4007 1354 4080 qui
1368 4009 1500 4064 sacerdus
1522 4025 1608 4081 super
1629 4016 1758 4067 mortem
1776 4027 1838 4067 non·

94 4095 185 4167 Hujus
201 4095 297 4165 operis
311 4093 413 4148 titulus
427 4100 478 4158 est,
496 4095 665 4152 Locutiones
679 4097 714 4152 de
730 4097 846 4164 Genesi;
858 4103 944 4170 atque
998 4095 1066 4151 dum
1082 4095 1284 4167 sepultipatris
1297 4096 1468 4166 prohibetur
1478 4096 1595 4153 intrare.
1611 4099 1667 4154 Sed
1682 4117 1786 4172 parum
1805 4104 1837 4155 at·

93 4184 134 4246 ita
147 4183 312 4256 desingnlis
326 4183 416 4238 libris.
433 4183 514 4248 Quod
530 4190 628 4240 autem
640 4184 671 4240 in
693 4185 768 4240 libro
781 4184 875 4256 primo
890 4202 943 4257 po·
997 4186 1084 4251 tendi,
1102 4187 1230 4258 potuisse
1253 4188 1307 4242 hoo
1320 4187 1440 4260 praecipi
1460 4188 1553 4259 mngis
1577 4193 1697 4261 propter
1716 4191 1781 4246 illos
1799 4188 1837 4262 qui

93 4272 138 4328 sui
163 4275 253 4341 (Num.
269 4272 346 4345 xrur)
371 4272 509 4343 scriptum
532 4290 602 4342 esse,
619 4278 656 4330 nt
678 4277 743 4343 fecit
771 4277 826 4331 Noe
853 4277 944 4330 omniu
997 4275 1087 4330 futuri
1099 4275 1325 4331 lueruntsummi
1334 4276 1506 4344 sacerdotes,
1518 4292 1575 4331 non
1588 4278 1721 4349 putribus
1731 4277 1836 4336 summis

92 4362 174 4417 verbu
187 4378 359 4433 quecumque
370 4365 498 4431 precepit
511 4363 555 4416 illi
569 4366 709 4431 Dominus,
724 4365 763 4418 sic
777 4367 843 4432 fecit
867 4365 941 4435 (Gen.
997 4360 1190 4418 sacerdotibus
1205 4363 1397 4428 succedentes,
1421 4364 1471 4419 sed
1493 4369 1589 4419 tauma
1613 4382 1649 4420 cx
1671 4367 1750 4437 tiliis,
1763 4367 1836 4425 idest

92 4466 131 4520 vr,
146 4453 201 4521 rt),
216 4467 336 4523 eamque
349 4449 525 4505 locutionem
537 4449 594 4505 dixi
608 4466 667 4505 esso
682 4451 807 4506 similem
821 4451 848 4507 ei
865 4453 942 4524 quod
997 4465 1032 4504 ex
1056 4451 1177 4521 posteris
1201 4455 1307 4518 Aaron,
1330 4453 1353 4507 si
1376 4453 1448 4508 forte
1475 4470 1605 4509 summus
1630 4457 1773 4524 sacerdos,
1796 4458 1835 4511 aut

92 4538 124 4593 in
138 4539 299 4595 conditione
318 4544 458 4596 creaturus
474 4555 480 4594 :
497 4544 684 4611 posteaquam
707 4541 820 4612 dicitur,
845 4546 881 4598 lit
903 4545 942 4599 sic
995 4537 1071 4592 fiilos
1086 4555 1143 4593 non
1156 4540 1284 4609 haberet,
1297 4545 1348 4596 aut
1361 4540 1401 4596 ita
1415 4543 1552 4613 reprobos
1570 4542 1692 4601 haberet
1706 4550 1740 4601 ut
1752 4545 1834 4602 nubis

93 4629 260 4694 estfactum,
283 4630 408 4698 additur,
423 4635 449 4684 et
466 4630 532 4696 fecit
550 4631 619 4685 Deus
645 4630 697 4700 (td.
720 4629 756 4702 1);
779 4647 838 4685 non
863 4632 942 4687 omni
996 4641 1096 4681 sorum
1106 4629 1181 4700 putri
1196 4630 1311 4686 deberet
1324 4631 1475 4687 succedere
1490 4647 1498 4687 ι
1515 4631 1588 4688 sicut
1603 4634 1721 4692 Samuel
1735 4647 1833 4690 sumno

94 4715 290 4786 mudosssimile
312 4718 367 4773 hoc
391 4718 483 4773 eidem
503 4717 575 4773 mihi
595 4718 717 4775 videtur.
746 4719 873 4791 Denique
902 4720 942 4776 ibi
995 4716 1134 4771 1111111011
1148 4717 1211 4772 Heli
1236 4718 1504 4791 8111111511(Ιῆ19»
1535 4720 1573 4792 1);
1599 4737 1668 4777 111111
1694 4719 1833 4779 5111110111

92 4802 178 4859 etiem
192 4820 291 4876 sensus
305 4805 389 4873 latct;
404 4806 451 4862 hic
466 4808 527 4862 sola
541 4806 647 4863 locutio
662 4812 714 4865 est.
732 4809 791 4864 lloe
804 4825 877 4881 opos
901 4810 941 4865 sic
994 4803 1070 4858 filius
1083 4805 1144 4876 ipse
1159 4822 1219 4860 nou
1232 4812 1316 4875 esset,
1333 4808 1382 4864 sed
1405 4813 1502 4864 tumen
1515 4825 1549 4863 ex
1563 4809 1641 4879 tiliis,
1658 4811 1714 4867 hoc
1735 4816 1785 4880 est,
1806 4825 1832 4864 tx

90 4892 193 4965 incipit
207 4908 215 4948 ι
228 4895 384 4950 Locutiones
399 4896 614 4966 scripturarum.
993 4892 1115 4962 posteris
1129 4899 1205 4949 esset
1217 4897 1313 4950 Aaron
1329 4895 1376 4967 (u).

423 5019 536 5078 CAPUT
556 5022 609 5076 LV.

321 5108 504 5173 Questionum
519 5109 584 5165 libri
597 5115 705 5180 septem.

1025 4999 1032 5032 ¹
1049 4999 1080 5047 tn
1094 4999 1155 5049 Mes.
1170 5000 1328 5072 quibusdam
1341 5002 1440 5062 sitm,
1452 5005 1514 5066 post
1526 5007 1615 5068 iprum
1628 5004 1832 5070 superunitur

993 5065 1180 5121 consentanee,
1196 5064 1246 5112 nist
1263 5064 1437 5114 subaudiatur
1449 5065 1609 5116 incltouturn.

917 5162 922 5170 .
1024 5122 1060 5194 (u)
1072 5122 1126 5172 Etsi
1136 5138 1191 5173 non
1202 5124 1468 5197 leviusiutrationum
1479 5133 1612 5179 momenta
1621 5134 1731 5202 propter
1773 5141 1832 5183 ero

127 5223 151 5273 Ι.
170 5217 276 5273 liudem
286 5219 415 5285 tempore
429 5213 528 5285 scripsi
543 5215 628 5270 etium
640 5215 730 5271 libros
744 5216 938 5281 Quaestiouum
991 5189 1728 5307 fflffissffiffiffifflffifflffffiffiffluffi
1751 5204 1831 5307 ,ffi
1887 5246 1889 5295 ε

87 5306 123 5361 de
138 5306 229 5362 Libris
243 5305 351 5361 eisdem
366 5301 471 5357 divinis
486 5308 603 5374 septem,
621 5320 694 5376 quos
708 5305 772 5361 ideo
792 5306 937 5376 appellere
991 5307 1120 5358 oriundus
1132 5309 1167 5359 sit
1176 5325 1206 5360 cx
1215 5310 1517 5376 baroncinterpostcros
1530 5315 1665 5367 tevinatu
1673 5271 1830 5383 irretirent·
1887 5306 1889 5313 ’

85 5394 124 5449 sic
139 5395 225 5464 volui,
242 5393 310 5468 quia
323 5410 357 5449 ea
378 5407 443 5464 quae
466 5390 507 5446 ibi
528 5391 718 5463 disputantur.
744 5394 836 5467 magis
859 5411 937 5466 ω.
990 5371 1797 5490 tumenpleriquereterumcumS.Augustinosacerdotalemi
1824 5376 1831 5424 i

331 5482 336 5493 ¹
578 5481 583 5492 1
664 5481 668 5492 ,
751 5481 756 5493 ‚
915 5484 920 5495 ¹
991 5432 1386 5502 dignitatemnscribunt;Cypr.
1395 5437 1476 5502 Epist.
1499 5441 1527 5501 53
1542 5438 1793 5493 Ambrosinl’sald
1810 5443 1831 5499 t,

84 5482 174 5538 reuda
199 5500 350 5556 proposui,
380 5497 466 5554 quani
496 5486 614 5552 quaes1ta
642 5482 774 5550 dissolv13
806 5499 937 5555 quumvis
991 5507 1070 5544 serm.
1088 5499 1125 5556 tit,
1143 5501 1192 5547 etc.
