3884 6112
84 231 135 285 407
699 219 781 273 vlla
800 216 826 272 S.
847 212 1034 271 AUGUSTlNl
1055 209 1222 268 EPISCOPI.

86 348 212 405 uberiori
222 348 357 402 adversus
369 359 475 417 egenos
489 340 658 397 liberalitate
671 338 798 394 fulciant.
812 336 936 409 Impellit
992 334 1159 405 dringentes
1180 331 1322 387 antistites
1335 345 1387 401 per
1398 331 1488 384 totam
1502 325 1627 384 Atrieam
1642 343 1674 383 se
1685 341 1748 383 csse

86 442 225 510 praeterea
247 434 403 499 auditores,
420 441 452 485 ut
475 434 587 501 arrepta
609 427 825 509 adventantium
839 441 935 480 servo·
991 423 1122 478 dicarunt
1136 422 1194 490 (dd
1213 422 1368 475 Donatistas
1383 423 1445 488 post
1460 418 1568 483 eattae,
1583 433 1612 471 a.
1626 417 1685 484 lt).
1700 415 1752 473 Cret

88 542 152 581 rum
170 525 220 581 liei
234 521 447 594 opportunitate
465 519 689 591 hospitalitatem
704 517 866 570 exerceant.
884 512 938 568 Ubi
993 511 1071 567 abiis
1081 511 1177 565 nullus
1184 508 1354 563 nominatim
1365 506 1540 576 designatus.
1553 506 1586 559 Et
1593 520 1661 560 sane
1674 503 1747 560 illud

86 629 154 668 sane
168 612 316 682 episcopos
344 607 546 678 Carthaginem
561 604 727 661 Collationis
745 617 831 657 causa
856 616 936 654 acce·
991 599 1068 655 futili
1082 604 1110 653 et
1123 598 1221 669 inepta
1234 595 1358 650 vanitate
1369 595 1504 661 dicerent,
1518 593 1587 647 satis
1600 608 1744 665 superque

88 702 197 767 dentes,
213 699 257 753 vel
272 701 347 753 certe
358 696 535 750 adherentes
548 693 589 748 eis
604 691 768 758 monachos,
782 687 938 760 significari
992 688 1081 754 rebat,
1098 703 1164 741 cum
1178 702 1211 740 ex
1229 683 1397 755 imposturis
1411 699 1482 754 quas
1507 682 1706 753 exaggerando
1723 697 1752 736 au

88 805 174 844 nemo
189 787 309 842 dubitet.
334 783 413 837 Unde
429 780 573 850 intelligas
589 796 621 833 ea
637 778 666 832 in
682 778 752 832 urbe
776 792 938 832 sermonem
994 791 1113 829 numero
1127 772 1329 839 adhibuerant,
1353 775 1414 825 tum
1434 786 1468 825 cx
1481 786 1515 824 eo
1538 769 1617 841 qued
1636 769 1704 824 solis
1722 783 1752 824 ea

88 877 165 931 hunc
190 869 547 941 habuissehugustinum:
577 867 667 922 ethic
688 883 786 921 revera
808 865 886 921 illius
908 865 939 918 in
994 862 1107 935 aegrotis
1122 862 1220 917 deesse
1234 860 1392 926 neminem,
1420 875 1472 913 sua
1493 856 1751 921 inltotoriaerant

89 962 219 1035 proxime
232 957 373 1030 sequenti,
386 973 473 1027 quem
483 956 652 1026 Carthagine
664 954 881 1025 pronuntiatum
894 952 940 1006 in-
994 953 1103 1007 tissime
1117 950 1248 1022 professi.

90 1051 174 1106 dubie
194 1052 314 1116 constat,
329 1045 505 1100 mentionem
521 1043 587 1098 lacit
601 1045 694 1113 (Scrm.
709 1046 771 1109 358,
786 1059 814 1098 ιι.
831 1042 868 1113 a).
1030 1043 1056 1095 4.
1069 1038 1121 1094 Ubi
1132 1037 1332 1107 Carthaginem
1340 1037 1490 1107 utriusque
1500 1033 1713 1089 communionis
1720 1048 1752 1105 ep

125 1144 151 1194 3.
167 1137 210 1192 hd
225 1133 389 1207 Collationis
402 1133 495 1188 locum
511 1131 646 1187 Catholici
661 1146 718 1186 non
733 1129 892 1202 composito
904 1130 940 1184 ad
998 1132 1151 1194 advenere,
1166 1127 1344 1182 llarcelliuus
1359 1127 1447 1181 altero
1458 1125 1550 1181 edicto
1561 1123 1751 1180 Collationisl

89 1227 193 1281 fastum
220 1227 360 1296 apparatu
386 1237 419 1275 ac
439 1236 556 1291 pompa,
584 1219 633 1274 sed
655 1218 762 1290 singuli
788 1232 891 1272 venere
906 1216 940 1270 ab
997 1224 1109 1288 tempus
1131 1221 1217 1287 atque
1233 1215 1364 1271 ordinem
1391 1213 1538 1268 constituit
1568 1214 1685 1281 (Brevia.
1701 1212 1752 1270 cot

91 1312 282 1368 ostentatione
297 1308 511 1364 Donatistarum
523 1307 610 1377 longe
624 1305 810 1361 abhorrentes
825 1305 938 1375 (Breeic.
996 1322 1057 1375 cap.
1084 1308 1120 1372 3).
1149 1304 1299 1374 Simulque
1321 1302 1455 1358 adhibitis
1482 1302 1676 1369 cautionibus,
1698 1299 1752 1366 dilit

91 1403 187 1458 Cottet.
210 1404 235 1461 l,
256 1413 319 1466 cap.
349 1396 411 1466 11);
441 1376 475 1449 hi
491 1394 598 1465 quippe
621 1391 825 1463 Carthaginem
839 1392 940 1464 quinta
996 1392 1131 1464 providit,
1146 1407 1182 1445 ne
1197 1391 1254 1459 cui,
1270 1389 1562 1462 quodinCollatione
1581 1388 1709 1454 dixisset,
1724 1403 1752 1458 pt

91 1487 171 1552 ferio,
187 1486 286 1557 quinto
311 1483 422 1538 decimo
437 1481 573 1536 kalendas
583 1481 692 1552 junias,
708 1485 787 1534 tanta
799 1495 863 1534 cum
880 1495 941 1533 ma·
997 1482 1065 1536 dum
1084 1480 1182 1535 liceret
1196 1479 1326 1534 inficiari.
1344 1478 1472 1533 Decrevit
1490 1477 1589 1548 igitur,
1606 1477 1748 1548 cujusque

94 1572 269 1645 gnificautia‚
295 1575 373 1626 tanta
400 1570 537 1624 comitum
555 1569 640 1624 turba
663 1567 784 1639 ingressi
796 1571 887 1649 sunt,
912 1571 944 1621 ut
998 1569 1144 1641 episcopos
1152 1573 1272 1640 septem,
1288 1567 1339 1638 qui
1353 1567 1531 1636 disputarent
1545 1564 1672 1633 intense,
1686 1564 1752 1620 abrs

93 1661 223 1716 omnium
238 1675 350 1729 magnae
364 1659 439 1712 illius
461 1657 539 1712 urbis
553 1656 660 1711 civium
676 1658 772 1711 ocules
786 1655 816 1710 in
831 1671 861 1710 se
876 1671 943 1709 con·
998 1656 1132 1710 omnibus
1155 1655 1316 1725 eligendos;
1333 1653 1437 1724 quibus
1457 1653 1633 1708 adderentur
1648 1650 1700 1706 alii
1718 1655 1752 1707 tot

94 1765 188 1803 versos
213 1747 384 1802 distinerent
405 1746 512 1816 (Cottet.
529 1745 659 1812 Curtlvup.
690 1748 711 1810 l,
728 1759 807 1814 capp.
829 1744 872 1809 lt,
887 1743 941 1810 191.
999 1760 1070 1815 quos
1085 1743 1142 1797 illis
1156 1742 1315 1808 consulere,
1331 1741 1422 1796 sicubi
1435 1757 1479 1794 res
1494 1740 1640 1812 postulare
1650 1740 1752 1795 videret

94 1837 209 1909 Ipsique
223 1835 294 1890 adeo
307 1833 439 1905 jactitant
448 1833 648 1902 Carthaginem
662 1844 788 1897 omnem,
804 1829 863 1885 imo
879 1831 942 1884 uui·
997 1833 1098 1886 berum
1113 1830 1200 1896 leret,
1216 1847 1248 1884 ac
1263 1835 1402 1901 praetereo
1421 1834 1544 1900 quatuor
1558 1828 1618 1894 alii,
1635 1826 1688 1898 qui
1701 1827 1752 1882 Ces

93 1940 203 1979 versam
213 1922 349 1982 Africam.
363 1922 501 1976 adventus
517 1920 560 1974 sui
572 1925 675 1975 testem
686 1935 758 1987 esse,
774 1919 813 1973 ita
825 1922 857 1974 ut
873 1919 944 1973 nulli
998 1918 1200 1990 conscriptioni
1214 1921 1368 1989 praeessent
1382 1921 1424 1971 :et
1439 1915 1567 1970 kalendis
1575 1915 1668 1985 juniis
1678 1928 1752 1969 cone

94 2013 178 2067 liceat
192 2012 253 2082 ejus
276 2010 318 2065 rei
333 2009 527 2081 ignorantiam
547 2008 712 2063 obtendere.
733 2007 850 2062 Addunt
863 2007 945 2062 indu·
1000 2009 1068 2063 dum
1084 2007 1114 2061 in
1129 2007 1256 2061 thermas
1268 2005 1458 2076 Gargilianas;
1473 2003 1524 2076 qui
1542 2003 1622 2058 locus
1635 2008 1752 2074 tanquan

95 2106 155 2156 ctos
165 2116 194 2153 se
206 2116 249 2164 eo,
267 2098 343 2170 quod
354 2097 408 2151 sibi
418 2095 619 2151 denuntiatum
633 2112 649 2150 a
664 2094 825 2150 Marcellino
840 2094 943 2161 fuerat,
1000 2096 1082 2151 nium
1096 2094 1218 2150 manime
1232 2098 1410 2166 opportunus
1425 2092 1550 2148 delectus
1561 2091 1657 2146 luerat
1668 2091 1752 2160 (Colla

96 2189 200 2253 edicto,
215 2192 248 2241 ut
269 2200 393 2256 propere
421 2183 622 2254 Carthaginem
643 2182 826 2249 advolarent;
853 2197 944 2249 senes,
1001 2187 1076 2254 theg.
1094 2189 1119 2252 1,
1134 2200 1195 2254 cup.
1224 2184 1277 2252 18).
1302 2184 1367 2237 Erat
1382 2181 1471 2236 hicin
1486 2181 1556 2236 urbe
1582 2180 1690 2248 media,
1714 2195 1752 2251 spt

96 2275 346 2347 quamvisexactae
368 2287 400 2326 ac
427 2271 578 2342 decrepitas
608 2271 708 2338 astatis,
729 2286 787 2325 non
801 2285 946 2326 excusasse
1001 2273 1165 2338 admodum,
1182 2273 1273 2327 clarus
1289 2269 1453 2341 etalgidus,
1468 2276 1578 2325 etsane
1597 2274 1657 2323 tam
1671 2268 1752 2324 celebr

97 2362 334 2427 imbecillitatem
351 2375 444 2430 neque
456 2359 529 2413 ullos
543 2358 654 2412 relictos
668 2358 697 2412 in
712 2357 875 2429 provinciis,
891 2357 948 2412 nisi
1002 2368 1085 2416 ventu
1101 2363 1186 2432 longe
1210 2359 1413 2431 dignissimus:
1431 2358 1466 2413 de
1480 2374 1538 2428 quo
1553 2355 1752 2412 Thrasamuud

97 2467 170 2522 quos
183 2450 301 2504 adversa
327 2447 460 2501 valetudo
475 2446 616 2500 retinebat
629 2445 742 2500 invitos.
759 2447 791 2500 at
811 2450 885 2500 certe
908 2446 948 2500 sic
1003 2451 1134 2506 dolorum
1149 2448 1224 2520 regis
1245 2448 1320 2503 curis
1336 2451 1422 2519 atque
1445 2445 1581 2518 impensis
1594 2446 1752 2501 restitutos

99 2554 146 2593 res
160 2536 300 2592 habebat:
317 2535 423 2606 quippe
442 2550 541 2588 eorem
555 2534 664 2605 primas
679 2550 744 2588 suos
759 2534 948 2605 omnesabje·
1003 2539 1181 2610 epigramma
1204 2537 1370 2591 observatur
1396 2535 1513 2604 (litoius,
1536 2536 1566 2589 ie
1596 2537 1662 2590 Vita
1690 2537 1752 2603 Aeg

99 2626 152 2681 ctis
171 2623 345 2697 quibuslibet
354 2623 439 2678 rebus
454 2639 488 2676 eo
503 2638 670 2676 concurrere
681 2622 814 2693 jusserat,
830 2625 949 2677 testatus
1000 2644 1067 2697 pop.
1098 2626 1168 2695 359).
1199 2625 1465 2696 Episcoposomnes
1487 2627 1545 2677 tam
1569 2623 1739 2687 Catholicos,

99 2713 238 2768 nimirum
254 2710 369 2783 eosqui
384 2726 450 2765 cum
465 2710 583 2783 reliquis
596 2711 694 2765 venire
709 2710 907 2777 detrectarent,
919 2710 948 2765 id
1004 2715 1163 2771 Donatistae
1178 2729 1277 2784 capere
1293 2713 1370 2767 lrnud
1384 2711 1537 2766 difficulter
1548 2711 1709 2781 potuisset:
1724 2725 1752 2783 qr

99 2800 226 2874 praesidii
240 2817 299 2855 suaa
314 2804 462 2870 erepturos
476 2815 578 2866 causae,
595 2798 673 2870 quod
685 2798 825 2853 haberent
837 2798 950 2870 potissi·
1003 2803 1119 2874 «tetidem
1135 2818 1168 2855 eo
1181 2801 1265 2855 simul
1275 2799 1398 2854 universi
1408 2799 1593 2853 intraverant.
1603 2801 1639 2854 ht
1653 2798 1752 2870 quen'n

100 2888 408 2952 mumtddltonetistes
417 2892 480 2956 post
491 2888 643 2955 cottam.
655 2887 713 2956 tt).
729 2887 828 2958 ltaque
839 2903 904 2941 curn
915 2887 949 2940 ad
1005 2907 1078 2963 gnus
1097 2889 1150 2943 iste
1167 2904 1303 2944 numeres
1323 2887 1520 2942 contusionem
1543 2885 1661 2941 indubie
1688 2900 1752 2959 pepe

100 2977 288 3033 Collatienem
307 2975 428 3047 publicis
443 2975 533 3030 Gestis
551 2974 644 3028 vocati
665 2978 741 3040 sunt,
756 2974 906 3030 adfuturos
920 2992 949 3027 se
1004 2979 1103 3034 statuit
1115 2977 1299 3042 Marcellinus,
1321 2980 1351 3029 ut
1374 2974 1572 3046 episcoporum
1592 2974 1712 3042 nemini,
1737 2990 1752 3047 p

99 3069 235 3135 prompto
245 3063 341 3117 auimo
355 3062 528 3134 promisere;
546 3078 598 3116 nec
617 3062 823 3130 Marcellinum,
837 3061 949 3117 tametsi
1004 3084 1091 3139 quam
1103 3065 1210 3137 vigenti
1220 3070 1293 3132 octo,
1304 3065 1349 3119 vel
1357 3063 1480 3134 trigenta
1490 3079 1538 3118 sex
1548 3063 1752 3135 memoratis}

100 3151 266 3206 catholicam
287 3149 455 3219 religionem
475 3165 540 3203 eum
555 3149 682 3220 proliteri
697 3166 756 3204 uon
770 3151 948 3220 ignorarent,
1004 3161 1082 3211 tatur
1103 3155 1213 3222 aditus;
1233 3154 1370 3224 praesules
1389 3156 1481 3222 rogat,
1505 3151 1633 3206 subditos
1658 3166 1750 3222 praem

100 3239 228 3310 judicem
242 3238 272 3292 in
282 3237 349 3292 lidei
362 3253 447 3291 causa
459 3237 644 3308 repudiavere
655 3237 818 3306 (Persidem,
834 3242 868 3295 in
884 3242 909 3293 V
911 3242 951 3292 tto
1005 3244 1058 3299 sibi
1072 3243 1203 3315 populos,
1215 3259 1251 3294 ne
1263 3240 1307 3295 die
1318 3240 1590 3295 Collationiseodcm
1601 3239 1752 3295 conveniat

103 3328 263 3394 Autumni·
288 3341 310 3380 ⁰·
337 3327 376 3395 4)·
398 3328 484 3380 ¹’⁰¹'¹'⁰
508 3324 585 3395 (10οᾱ
608 3324 648 3379 113
671 3328 817 3394 impete
840 3325 950 3396 primas
1006 3332 1083 3386 addit
1097 3330 1169 3384 velle
1183 3347 1223 3395 se,
1239 3329 1387 3399 utriusque
1402 3327 1613 3382 communionis
1629 3327 1752 3398 episcopt

100 3403 245 3486 ¹optimum
259 3414 289 3468 iu
300 3430 383 3467 causa
398 3429 449 3467 sua
467 3413 596 3468 luterum
611 3412 837 3480 commendabat,
850 3412 879 3467 id
892 3416 950 3467 llu-
1006 3418 1082 3472 diem
1096 3432 1262 3487 congressus
1276 3416 1411 3486 polliceri,
1435 3432 1463 3469 se
1484 3420 1577 3469 ratum
1601 3416 1752 3471 habituros

102 3502 217 3574 gastine
233 3506 303 3556 teste
317 3501 389 3556 nihil
404 3511 465 3556 erat
479 3501 566 3566 aliud,
583 3501 637 3555 uisi
655 3504 687 3554 ut
709 3502 809 3555 darent
822 3516 949 3572 operam,
1006 3507 1074 3578 quid
1084 3505 1232 3578 aseptenis
1247 3506 1281 3559 ad
1296 3504 1470 3577 colloquium
1484 3503 1580 3559 electis
1592 3504 1680 3558 luerit
1693 3502 1752 3559 actit

101 3608 158 3662 quo
173 3589 709 3659 numerosissimiesseviderentur(rld
722 3591 878 3644 Donamus
891 3594 951 3659 post
1006 3600 1092 3665 atque
1106 3593 1265 3648 consectum
1289 3593 1341 3646 hac
1364 3593 1398 3646 de
1419 3608 1449 3644 re
1472 3596 1577 3656 actum,
1602 3608 1632 3644 se
1654 3607 1752 3662 presset

101 3680 214 3748 veltet,
229 3695 257 3733 a.
271 3677 511 3747 attenuatam
526 3677 611 3732 variis
625 3677 773 3732 fraudibus
789 3694 822 3732 ac
837 3677 951 3731 menda·
1006 3682 1139 3736 omnibus
1158 3681 1367 3752 obsignandum
1391 3680 1445 3735 sibi
1467 3679 1528 3734 dari
1549 3695 1555 3733 :
1572 3679 1716 3751 quidquid
1735 3678 1752 3735 d

101 3765 152 3820 ciis
177 3781 296 3819 suorum
323 3765 500 3836 amplificare
525 3765 740 3819 multitudinem
760 3765 950 3820 studuerunt:
1006 3769 1101 3823 statim
1117 3769 1192 3823 notis
1207 3770 1241 3823 ab
1257 3769 1414 3823 astantibus
1429 3768 1482 3822 sibi
1502 3769 1705 3839 exceptoribus
1723 3784 1752 3841 pt

101 3854 206 3924 qulbus
220 3858 316 3906 tamen
331 3852 468 3906 hactenus
487 3857 598 3907 tautum
616 3852 771 3923 profecere,
791 3859 824 3908 ut
837 3853 952 3908 ducenti
1007 3857 1149 3928 simulque
1161 3874 1177 3910 a
1188 3856 1355 3928 quatuorde
1366 3862 1487 3927 utraque
1503 3856 1712 3927 parteuotariis
1726 3871 1752 3911 ct

101 3939 282 4011 septuaginta
292 3955 392 3993 novem
405 3945 634 4006 numerarentur,
646 3940 731 4010 paulo
741 3939 951 4011 videlicetpau·
1007 3945 1082 3999 sticis
1098 3945 1200 4000 scribi:
1218 3961 1289 4015 quos
1302 3945 1399 4013 etiam,
1415 3961 1450 3999 ne
1466 3961 1566 3999 eorum
1582 3944 1655 3999 tides
1665 3945 1696 3999 in
1711 3943 1752 4000 du]

101 4027 293 4099 cioresquam
309 4027 445 4082 Catholici
461 4027 566 4097 (Callet.
588 4028 717 4094 carthae.
747 4032 771 4095 1,
788 4043 848 4098 cap.
875 4030 950 4100 tlt).
1005 4049 1152 4105 quoquam
1171 4033 1297 4087 revocari
1312 4033 1411 4103 possit,
1425 4032 1557 4103 quaterni
1571 4034 1752 4089 Gestorumc

102 4133 174 4187 quos
184 4116 218 4169 ad
232 4115 369 4170 ducentos
392 4115 534 4185 octoginta
549 4131 596 4169 sex
619 4119 680 4169 erat
693 4116 822 4171 iuvenire
838 4117 951 4187 (hs-cute.
1007 4120 1097 4192 ptioni
1115 4121 1241 4191 preteeti
1255 4121 1382 4191 episcopi
1395 4120 1526 4192 pervigili
1545 4138 1577 4174 ae
1590 4118 1752 4175 sollicitae}

101 4207 202 4260 Collat.
227 4208 252 4270 1,
281 4220 343 4274 cap.
372 4205 415 4272 11,
430 4208 456 4258 et
474 4204 570 4260 Callet.
595 4205 726 4272 carthag.
756 4208 782 4273 l,
802 4220 860 4275 cap.
878 4206 951 4275 att.)
1006 4209 1084 4264 tiene
1107 4209 1275 4264 custodiant.
1301 4211 1451 4274 Praeterea,
1468 4225 1504 4263 ne
1524 4210 1641 4279 quaudo
1656 4208 1752 4264 hiscat

101 4295 209 4348 Praeter
233 4293 296 4359 hos,
311 4297 345 4347 ut
367 4295 429 4345 acta
443 4291 608 4346 Collationis
631 4292 759 4361 tradunt,
774 4293 822 4347 alii
837 4310 952 4365 queque
1006 4297 1049 4350 vel
1065 4297 1184 4350 nrirrima
1200 4297 1390 4369 corruptionis
1409 4297 1612 4352 mutationisve
1625 4296 1752 4353 erimina!

101 4381 247 4436 catholicae
257 4379 471 4435 communionis
485 4380 586 4452 viginti
599 4396 685 4452 supra
697 4381 834 4436 ducentos
843 4383 949 4448 (Cottut.
1006 4385 1086 4456 pingi
1101 4389 1197 4455 queat,
1223 4401 1239 4438 a
1261 4385 1380 4457 singulis
1401 4387 1562 4440 antistitum
1577 4403 1612 4440 ea
1633 4384 1752 4441 subscril

102 4472 232 4538 Certhop.
251 4474 277 4540 l,
291 4485 352 4539 cap,
369 4472 442 4537 atat,
455 4485 503 4522 scu
518 4469 620 4533 verius,
636 4485 694 4523 non
705 4469 826 4540 amplius
837 4475 951 4524 centum
1007 4474 1148 4528 dixerint:
1174 4474 1251 4544 qued
1270 4473 1347 4528 idem
1372 4491 1400 4527 se
1425 4473 1558 4545 primitus
1572 4474 1607 4528 ad
1624 4473 1752 4529 interloct

102 4556 204 4627 viginti
223 4559 335 4623 (Brevia.
355 4558 450 4614 Cottat.
469 4560 494 4623 1,
519 4573 578 4628 crtp.
602 4559 657 4626 tat,
686 4574 773 4629 quem
799 4574 952 4613 numerum
1006 4578 1070 4617 suas
1083 4562 1278 4633 prestiturum
1292 4563 1445 4633 promittit.
1458 4563 1586 4618 Tabellas
1597 4562 1752 4634 deniquae

101 4645 287 4714 Augustinus,
317 4662 427 4700 necnon
452 4645 663 4716 manuscriptus
690 4646 854 4701 Collationis
881 4647 953 4702 liber
1006 4652 1123 4706 modum
1150 4650 1304 4722 descriptas
1327 4651 1752 4722 etdigestasunacumepiscu

103 4732 249 4801 exhibent,
266 4732 297 4786 in
310 4735 463 4804 provinciis
482 4739 531 4790 aut
544 4733 722 4800 infirmitate,
736 4739 786 4789 aut
808 4740 951 4791 senectute
1006 4739 1233 4810 quatuordecim,
1249 4756 1319 4810 quos
1334 4740 1367 4794 ad
1383 4740 1600 4810 disceptandum
1616 4738 1752 4810 elegisset

103 4826 151 4875 aut
180 4821 236 4875 alia
260 4822 394 4892 quapiam
420 4824 586 4878 necessitate
613 4823 721 4878 detenti
745 4831 950 4880 remanserant.
1006 4828 1208 4899 scriptionibus
1223 4828 1316 4882 statim
1330 4828 1545 4898 publicealtigi‚
1562 4826 1752 4898 quoetomui

104 4912 193 4964 Fuere
208 4909 326 4980 insuper
337 4910 458 4965 viduatae
473 4912 530 4966 suis
544 4912 714 4983 praesulibus
728 4912 857 4967 Ecclesiae
872 4931 950 4968 sexa·
1006 4917 1111 4987 legere,
1121 4922 1150 4970 ot
1160 4917 1291 4970 universe
1306 4916 1521 4987 Carthaginensi
1533 4917 1644 4986 populo
1654 4916 1690 4971 de
1705 4914 1752 4971 iisd

103 4998 241 5069 gintadc
252 4997 383 5069 proinde,
399 4999 423 5052 si
437 5001 579 5055 rationem
595 5000 705 5055 adeum
721 5001 837 5056 modum
848 5003 948 5058 subdu·
1006 5004 1099 5059 dicare
1115 5004 1205 5059 liceat.
1221 5007 1290 5061 Nam
1305 5021 1364 5059 cum
1380 5008 1428 5071 eis,
1440 5005 1522 5059 verba
1544 5010 1612 5058 sunt
1632 5002 1752 5059 llarcelli

102 5103 165 5142 cere
181 5087 274 5155 liceat,
288 5086 511 5158 quadringentos
526 5089 672 5159 sexaginta
688 5105 734 5143 scs
750 5089 950 5161 episcoporum
1001 5093 1120 5162 judicem
1131 5093 1235 5147 dederet
1251 5095 1377 5161 degesta
1392 5093 1527 5161 dignatio,
1543 5093 1643 5163 quibas
1653 5093 1752 5161 inserto

102 5175 307 5231 catholicorum
331 5175 411 5230 sedes
433 5176 462 5230 in
478 5176 572 5231 Africa
587 5177 725 5231 exstitisse
744 5178 882 5245 dicamus,
902 5195 951 5233 ne·
1004 5197 1059 5236 esse
1070 5197 1121 5251 pre
1143 5184 1213 5235 tcutt
1230 5184 1345 5237 nominis
1360 5184 1528 5236 veneratione
1548 5179 1752 5251 commorantia

102 5282 178 5322 cesse
194 5271 245 5321 est.
275 5264 361 5337 lltqui
376 5266 505 5320 absentes
519 5266 674 5337 episcopos.
698 5272 885 5340 vacantesque
901 5270 951 5322 lic-
1005 5270 1133 5324 citudinis
1147 5285 1210 5324 mcae
1233 5271 1283 5324 hcc
1302 5270 1515 5325 cotrstdcratiene
1533 5272 1677 5339 prospect,
1699 5274 1752 5325 att

102 5443 242 5512 jactarunt
254 5442 496 5513 schismatici,qui
509 5448 609 5513 postea
619 5443 706 5497 etiam
720 5445 873 5515 plusquam
882 5461 950 5514 qna·
1006 5446 1080 5499 urhis
1103 5445 1225 5514 aretusa,
1247 5462 1338 5501 aerum
1357 5450 1438 5501 etium
1457 5448 1589 5500 uniuersae
1612 5447 1752 5514 procincta
