3884 6112
100 273 133 324 Π
773 270 958 328 phasaelo
977 267 1185 326 seusatus.
1826 275 1859 328 lii

135 391 179 446 Ab
193 391 261 446 hinc
274 390 419 464 incipiunt
431 393 522 464 Opera
535 392 685 465 polemica,
702 409 826 466 quorum
840 394 947 466 primas
960 397 1060 449 tenent
1075 392 1105 447 in
1117 396 1197 447 tomo
1212 392 1333 464 septimo
1349 392 1414 448 libri
1428 393 1530 466 viginti
1545 394 1601 450 duo
1617 395 1651 451 de
1666 395 1785 453 Ciuitate
1797 397 1857 464 liei,

97 485 200 534 contm
215 481 355 553 Pagasas.
891 475 900 485 ’

133 579 240 634 lomus
264 583 391 644 octavus,
416 578 564 650 praemisso
587 579 617 634 in
640 579 735 636 fronte
755 580 829 636 libro
851 581 886 636 de
910 580 1079 647 Haresibus,
1096 579 1207 635 exhibet
1221 596 1308 652 opera
1325 579 1465 652 polemico
1479 581 1613 636 adversus
1626 581 1750 649 ludens,
1766 582 1853 638 llani·

96 666 205 733 chreos,
223 665 465 736 Priscillianistas,
480 667 640 722 athrianos
656 685 663 723 :
678 668 782 740 quibus
795 669 946 740 Opusculis
960 669 1089 741 adjuncti
1103 673 1170 724 sunt
1185 668 1250 723 libri
1261 669 1425 741 quindecim
1441 669 1476 724 de
1489 669 1641 724 Trimtate.

134 764 240 818 Turnus
254 779 347 818 nonus
361 763 489 820 continet
502 765 594 836 Opera
606 765 746 838 polemica
761 769 863 822 contra
881 760 1049 823 Donatistae.

134 859 265 932 lienique
274 865 369 915 tomus
377 860 505 916 decimus
519 860 611 933 Opera
625 861 725 918 itidem
740 861 882 934 polemica
891 868 989 918 contra
999 863 1166 935 Pelagianos
1177 880 1184 918 ε
1197 863 1301 936 quihus
1310 864 1422 935 scriptis
1431 864 1647 936 subjunguntur
1656 865 1735 921 varia
1745 881 1850 922 monu-

98 954 208 1017 menta,
224 966 290 1021 qua
304 950 340 1005 ad
356 965 389 1005 ea
401 950 569 1006 illustranda
582 955 704 1021 possunt
717 952 888 1007 conducere.
907 952 1046 1006 Hactenus
1061 951 1095 1006 de
1110 950 1220 1005 ordine.

134 1057 197 1111 lam
212 1073 279 1112 vero
293 1057 471 1113 illustrandis
485 1058 656 1114 sanctissimi
671 1058 761 1114 Patris
776 1057 910 1130 operibus
934 1057 1118 1112 Proelationes
1141 1057 1260 1129 singulis
1274 1057 1359 1111 tomis
1373 1057 1548 1128 praemittere
1562 1058 1752 1114 necessarium
1769 1058 1853 1114 duxi·

98 1162 173 1210 raras,
191 1144 221 1199 in
236 1146 342 1217 quibus
356 1162 400 1201 res
413 1147 508 1218 potius
520 1147 680 1216 historicas,
690 1164 777 1219 quam
788 1145 963 1219 dogmaticas
973 1145 1113 1217 explicare
1125 1145 1297 1212 studuimus,
1308 1146 1507 1217 adjuvandam
1517 1146 1655 1201 lectorum
1665 1145 1848 1202 industriam.

95 1234 137 1287 Ad
153 1235 218 1289 haec
232 1234 377 1305 plerisque
392 1236 537 1306 opusculis
549 1235 768 1291 Admonitiones
782 1235 956 1308 praeliximus
966 1235 1003 1290 ad
1018 1236 1217 1306 explicandum
1232 1251 1330 1290 eorum
1344 1242 1555 1306 argumentum.
1574 1236 1693 1306 Insuper
1709 1235 1855 1291 breviores

95 1323 220 1378 subinde
236 1324 343 1378 notulae
365 1324 395 1379 in
415 1324 544 1397 margine
558 1324 686 1380 interiori
700 1341 718 1379 a
732 1325 814 1380 uobis
836 1324 983 1398 appositos,
1002 1323 1106 1396 quibus
1121 1324 1163 1378 vel
1183 1324 1325 1379 variantes
1339 1323 1473 1379 lectiones
1487 1323 1660 1393 indicentur,
1675 1325 1719 1379 rel
1734 1324 1855 1380 obscura

93 1411 166 1478 loca,
185 1411 309 1466 maxime
322 1411 444 1469 aliorum
460 1413 587 1468 locorum
600 1413 824 1486 comparatione,
841 1415 1040 1486 explanantur.

130 1509 163 1562 ln
178 1508 224 1563 his
240 1509 373 1564 omnibus
387 1510 416 1565 id
431 1511 486 1566 alte
500 1510 585 1566 nobis
599 1511 696 1567 animo
710 1510 832 1567 intlxum
845 1511 908 1578 luit,
920 1514 949 1566 et
962 1526 980 1565 a
994 1509 1156 1582 praepositis
1167 1509 1271 1564 nostris
1280 1508 1465 1579 inculcatum,
1477 1515 1508 1565 ut
1518 1510 1644 1582 partium
1656 1509 1750 1566 studia
1764 1509 1794 1565 iu
1811 1525 1857 1564 ex·

93 1597 230 1667 plicanda
243 1597 397 1668 Augustini
412 1599 541 1654 doctrina
555 1599 653 1655 sedule
668 1616 844 1655 caveremus.
858 1600 927 1665 Quae
942 1616 988 1655 res
999 1599 1029 1655 in
1039 1615 1124 1655 causa
1138 1598 1201 1666 fuit,
1213 1598 1482 1670 utaprolixioribus
1492 1599 1710 1655 commentariis
1722 1603 1751 1655 et
1761 1599 1857 1654 obser·

92 1686 268 1755 rationibus,
281 1687 516 1756 abstinuerimus,
532 1692 565 1743 nt
580 1705 617 1743 ue
632 1689 770 1761 cuiquam
778 1689 821 1744 vel
833 1688 987 1743 minimum
999 1687 1164 1743 offendiculi
1175 1687 1381 1759 praeberemus,
1392 1688 1478 1743 ullive
1489 1689 1695 1744 catholicorum
1709 1688 1858 1760 theologo·

94 1791 160 1829 rum
176 1776 328 1830 sentcntiae
344 1776 612 1848 praejudicaremus.

130 1874 238 1927 Verum
253 1872 438 1945 quantumvis
451 1874 479 1929 id
497 1875 702 1942 curaverimus,
717 1875 933 1946 curandumque
949 1872 1147 1929 mandaverint
1164 1871 1313 1942 Praepositi
1324 1872 1428 1940 nostri;
1446 1872 1562 1928 difficile
1578 1877 1675 1928 tamen
1691 1871 1755 1938 luit,
1772 1875 1803 1926 ut
1819 1887 1855 1926 ue

96 1961 164 2031 quid
176 1959 208 2014 in
218 1967 277 2015 tam
288 1965 366 2016 vasto
376 1977 462 2033 opere
473 1962 556 2018 uobis
566 1963 681 2019 incaute
691 1980 749 2019 non
760 1963 936 2034 subreperet,
953 1963 1005 2027 vel,
1023 1965 1055 2016 ut
1065 1964 1131 2017 suut
1144 1962 1310 2016 mortalium
1321 1961 1411 2016 animi
1422 1962 1499 2018 varie
1515 1962 1619 2028 allecti,
1635 1977 1671 2016 ne
1686 1960 1757 2033 quid
1771 1976 1855 2016 secus

96 2065 183 2119 qnam
201 2049 430 2118 intenderemus,
447 2051 477 2106 in
495 2052 655 2124 sequiorem
671 2057 783 2124 partem
798 2068 858 2107 non
873 2051 1035 2123 acciperent
1050 2052 1193 2107 nonnulli.
1210 2054 1243 2107 Et
1255 2068 1284 2107 re
1297 2052 1414 2125 quidem
1431 2052 1493 2123 ipsa
1506 2053 1545 2107 sic
1560 2050 1672 2107 accidit.

131 2149 202 2202 Nam
219 2147 274 2202 ctsi
288 2148 420 2221 plerique
434 2164 533 2205 omncs
547 2154 674 2205 nostram
690 2150 847 2206 editionem
868 2153 1040 2215 accuratam,
1065 2150 1257 2216 commodam,
1274 2150 1400 2222 satisque
1416 2150 1598 2217 illustratam,
1618 2147 1743 2219 denique
1758 2148 1854 2218 Augu·

97 2236 228 2292 stinianre
242 2237 381 2292 doctrinm
397 2238 514 2293 omnino
532 2245 754 2294 consentaneam
769 2255 829 2293 esse
856 2237 1029 2304 censuerint,
1044 2254 1167 2310 eamque
1191 2237 1234 2292 his
1254 2237 1421 2293 nominibus
1436 2238 1572 2309 suffragio
1587 2253 1638 2292 suo
1653 2233 1856 2306 comprobare·

95 2327 167 2393 riut;
183 2325 366 2381 insurrexere
380 2331 477 2382 tamma
491 2333 600 2395 contra,
613 2332 680 2399 post
695 2328 793 2383 decem
808 2327 867 2382 fere
883 2344 976 2383 annos
990 2327 1025 2382 ab
1042 2326 1118 2383 edito
1132 2326 1234 2382 ultimo
1249 2330 1338 2394 tomo,
1355 2328 1492 2399 anonymi
1506 2328 1623 2400 quidam
1645 2340 1788 2394 censores,
1804 2323 1854 2395 qui

94 2414 208 2469 furtivis
224 2413 337 2485 scriptis
348 2415 423 2470 hene
440 2415 607 2483 editionem,
623 2420 652 2471 et
665 2420 775 2471 tantum
791 2432 850 2471 non
864 2416 952 2472 tidem
967 2421 1096 2471 nostram
1111 2421 1270 2487 suspectam
1286 2417 1404 2472 reddere
1420 2417 1515 2473 moliti
1529 2422 1604 2473 suut.

128 2511 278 2582 Ejusmodi
290 2512 503 2583 scriptiunculis
519 2513 550 2568 in
564 2515 668 2585 vulgus
682 2513 797 2585 sparsis,
814 2530 968 2569 commune
982 2514 1167 2586 prudentium
1183 2514 1243 2569 fere
1258 2514 1389 2569 omnium
1402 2515 1550 2570 consilium
1567 2516 1632 2583 fuit,
1646 2523 1678 2573 ut
1695 2519 1814 2574 leviores
1825 2518 1855 2574 id

93 2617 187 2670 genus
203 2601 316 2655 libellos
330 2617 550 2673 aspernaremur
565 2618 572 2657 ε
588 2602 695 2674 quippe
706 2618 765 2657 nou
778 2602 888 2670 decere,
900 2607 933 2658 ut
945 2618 1011 2657 cum
1024 2602 1108 2657 larris
1121 2606 1149 2657 et
1161 2603 1270 2657 umbris
1284 2603 1469 2670 luctaremur,
1481 2620 1516 2658 nc
1529 2606 1727 2676 respondendo
1741 2606 1854 2678 pondus

94 2694 121 2744 et
136 2689 339 2745 auctoritatem
352 2689 465 2745 lurtivis
487 2690 545 2747 illis
559 2691 662 2746 libellis
676 2691 870 2763 preberemus
891 2706 898 2745 ε
919 2707 973 2747 nec
993 2691 1123 2747 Ecclesiae
1136 2707 1235 2764 pacem
1249 2691 1332 2747 editis
1346 2693 1422 2747 ultro
1438 2691 1576 2764 citroque,
1595 2697 1625 2749 ut
1638 2694 1680 2762 lit,
1696 2695 1855 2767 scriptioni·

93 2778 148 2832 bus
160 2777 410 2848 perturbaremus.
430 2780 488 2832 lloc
497 2778 649 2834 consilium
664 2778 795 2834 unanimi
807 2795 923 2833 assensu
937 2781 1158 2852 comprobavere
1171 2779 1320 2851 Praepositi
1331 2780 1421 2835 nostri
1438 2798 1444 2835 :
1459 2781 1539 2852 quod
1551 2786 1648 2837 umen
1664 2783 1783 2839 minime
1798 2783 1853 2840 im-

90 2866 202 2937 pedivit
219 2866 385 2938 quominus,
402 2867 458 2921 illis
472 2866 652 2935 inconsultis,
675 2867 793 2939 quidam
817 2884 832 2922 e
852 2867 956 2923 nostris
970 2883 1074 2922 novam
1091 2868 1181 2923 sancti
1195 2867 1349 2940 Augustini
1372 2868 1529 2923 editionem
1544 2869 1753 2926 defendendam
1771 2875 1854 2926 tuen·
1871 2861 1874 2871 ¹

92 2957 219 3027 dumque
246 2972 299 3027 pro
314 2956 390 3011 ririli
405 2958 581 3029 susceperint
596 2974 603 3013 :
620 2975 655 3012 ex
671 2957 776 3029 quibus
791 2973 876 3027 unus,
890 2956 941 3029 qui
955 2960 1017 3012 turn
1032 2956 1130 3011 llomae
1143 2955 1318 3025 versabatur,
1335 2956 1421 3027 hujus
1436 2955 1567 3012 editionis
1580 2957 1723 3014 vindicias
1735 2958 1766 3014 in
1776 2959 1854 3015 alma

95 3045 181 3113 Urbe,
195 3046 249 3100 sub
263 3045 432 3101 auctoritate
448 3047 519 3102 sacri
535 3047 637 3102 Palatii
653 3046 791 3118 Magistri,
808 3045 945 3101 Romanis
959 3044 1184 3116 approbantibus
1196 3045 1331 3118 vulgarit.

128 3144 192 3198 tam
203 3159 237 3197 eo
249 3159 295 3197 res
310 3143 475 3212 devenerat,
486 3149 519 3199 ut
529 3144 643 3200 furtivae
652 3144 710 3199 illae
721 3148 909 3215 utrarumque
920 3141 1047 3213 partium
1056 3141 1236 3198 velitationes
1247 3141 1275 3197 in
1286 3146 1418 3213 apertum
1429 3143 1488 3199 fere
1501 3144 1607 3200 bellum
1621 3148 1851 3218 prorumperent,

92 3248 158 3287 cum
173 3232 324 3304 Prepesiti
336 3234 439 3300 nostri,
456 3237 566 3289 mutato
582 3235 698 3289 demum
713 3248 766 3305 pro
781 3232 823 3287 rei
838 3236 911 3287 statu
926 3231 1056 3296 consilio,
1072 3232 1203 3287 eamdem
1218 3231 1375 3287 editionem
1390 3233 1548 3304 approbata
1562 3235 1598 3288 ab
1613 3251 1642 3289 se
1655 3234 1771 3305 publica
1782 3234 1852 3290 scri·

92 3321 204 3392 ptione,
220 3321 456 3394 Congregationis
471 3326 576 3377 nostran
590 3321 719 3388 nomine,
734 3322 868 3378 adversus
883 3321 1004 3376 latentes
1019 3319 1198 3375 adversarios
1210 3319 1307 3390 palam
1323 3321 1566 3391 propugnandam
1580 3328 1763 3377 censuerunt.
1778 3324 1853 3379 Jam-

93 3425 149 3481 que
161 3411 377 3481 propemodum,
396 3411 506 3478 allecta,
526 3411 658 3483 typisque
686 3415 784 3483 parata
804 3412 866 3464 crat
881 3409 941 3463 hoec
956 3407 1081 3479 scriptio,
1096 3423 1161 3480 quie
1178 3412 1206 3462 et
1220 3407 1389 3475 editionem,
1406 3413 1434 3464 et
1450 3409 1536 3464 tidem
1552 3415 1678 3466 nostram
1694 3410 1729 3465 ab
1751 3411 1852 3484 iniqua

93 3498 255 3570 suspicione
266 3503 295 3553 et
309 3499 518 3568 criminatione,
531 3501 645 3556 tametsi
659 3499 762 3572 privati
777 3498 893 3570 quidam
908 3513 924 3551 e
939 3496 1042 3552 nostris
1057 3495 1087 3550 id
1098 3497 1159 3568 jam
1173 3496 1239 3551 satis
1254 3496 1590 3568 praestiterantomnino
1606 3499 1772 3555 vindicaret

127 3596 233 3652 Verum
258 3596 327 3652 dum
349 3597 380 3652 id
396 3597 611 3665 meditaremur,
626 3597 671 3653 his
689 3596 793 3669 jurgiis
812 3594 972 3650 intercessit
986 3594 1119 3650 Ludovici
1134 3594 1229 3666 Magni
1243 3593 1408 3661 auctoritas,
1423 3594 1483 3666 qui,
1499 3599 1530 3650 ut
1547 3596 1676 3651 Ecclesia
1692 3596 1756 3668 paci
1771 3596 1806 3651 ab
1821 3612 1852 3653 se

92 3684 253 3739 conciliatae
273 3685 415 3741 indelessa
436 3685 629 3742 sollicitudine
645 3701 759 3758 semper
781 3684 920 3756 invigilat,
936 3682 1066 3754 gliscenti
1081 3682 1112 3737 iu
1128 3681 1188 3738 dies
1208 3681 1391 3753 dissensioni,
1409 3682 1549 3755 imperato
1570 3684 1699 3756 utrisque
1723 3684 1852 3757 partibus

91 3772 222 3840 silentio,
237 3774 356 3830 modum
371 3775 510 3846 imposuit
535 3791 543 3830 c
565 3774 664 3846 sicque
678 3773 751 3829 tarrti
772 3772 913 3844 Principis
928 3772 1096 3827 auctoritate
1111 3787 1240 3843 repressa
1255 3775 1298 3826 est
1312 3773 1415 3827 ardens
1430 3773 1478 3827 illa
1492 3774 1647 3841 contentio,
1661 3791 1726 3847 quae
1741 3775 1851 3847 sopitos

87 3860 264 3931 jamdudum
279 3860 360 3933 ignes
374 3860 532 3917 excitatura
539 3860 703 3918 videbatur.
721 3862 797 3917 Hanc
808 3865 905 3916 autem
914 3860 1122 3933 redintegrare,
1133 3876 1200 3915 cum
1215 3861 1388 3932 longeabest
1402 3878 1419 3915 a
1433 3861 1561 3917 moribus
1571 3862 1685 3934 uostris,
1699 3867 1761 3919 tum
1777 3867 1853 3920 vetat

90 3950 122 4004 in
137 3949 243 4020 primis
257 3965 371 4004 summa
384 3955 483 4005 nostra
497 3965 566 4022 erga
580 3951 699 4022 Regem,
716 3949 853 4022 regiaque
864 3950 945 4022 jussa
965 3948 1174 4019 obtemperatio
1193 3965 1200 4004 :
1218 3948 1284 4004 dein
1300 3949 1429 4004 Ecclesiae
1444 3950 1522 4021 pacis
1534 3951 1661 4007 studium
1678 3952 1733 4007 alte
1747 3950 1852 4007 animis

92 4040 214 4094 insitum
230 4039 335 4095 uostris
351 4055 358 4094 :
373 4039 499 4111 denique
513 4038 636 4095 charitas
650 4040 786 4095 adversus
801 4055 913 4107 omnes,
926 4055 998 4112 quos
1009 4035 1184 4093 turbulentis
1196 4036 1336 4108 ejusmodi
1347 4039 1604 4096 concertationibus
1614 4041 1758 4096 ollandere
1767 4039 1852 4096 nohis

91 4128 197 4199 religio
210 4128 306 4185 luerit.

131 4225 296 4297 Suppressis
311 4226 419 4298 itaque,
433 4226 549 4298 quesad
562 4229 691 4281 nostram
702 4229 866 4298 nostraeque
877 4224 1008 4281 editionis
1022 4223 1218 4280 defensionem
1232 4224 1378 4280 adornate
1392 4230 1484 4294 erant,
1499 4225 1799 4294 commentationibus,
1815 4226 1852 4283 ud

94 4315 211 4385 objecta
222 4315 450 4371 adversariorum
467 4315 641 4387 respondere
655 4313 879 4387 supersedimus,
899 4330 935 4369 ue
948 4312 1150 4385 respondendo
1165 4327 1250 4367 novas
1265 4317 1365 4368 contra
1377 4313 1514 4369 mandata
1527 4313 1608 4385 regia
1621 4312 1686 4368 lites
1700 4328 1795 4369 serere
1808 4312 1850 4368 vi·

93 4405 245 4459 deremur.
1751 4424 1754 4429 ·

132 4498 1851 4573 Verumnelorteadversarioruminiqurecriminationespiorumquorumdametbenevolorumetiamvirorumanhnis
1933 4542 1937 4547 ⁴

93 4592 237 4665 quosdam
260 4593 407 4663 scrupulos
435 4590 678 4663 ingeneraverint;
703 4591 758 4645 hos
783 4588 881 4661 paucis
901 4586 994 4642 verbis
1015 4603 1115 4642 curare
1137 4587 1168 4643 iu
1188 4589 1319 4644 animum
1335 4589 1509 4655 induximus,
1526 4587 1592 4657 rati,
1609 4587 1639 4644 id
1654 4604 1748 4661 neque
1764 4588 1851 4661 regies

90 4680 230 4752 jussioni,
251 4696 343 4752 neque
369 4680 500 4736 Ecclesiae
522 4678 586 4750 paci
600 4677 785 4741 contrarium,
801 4677 859 4732 imo
872 4675 989 4748 utrique
1004 4675 1123 4731 omniuo
1148 4682 1373 4732 consentaneum
1388 4678 1458 4732 lore.
1476 4677 1535 4732 Etsi
1550 4676 1628 4731 enim
1647 4676 1719 4732 nihil
1733 4693 1791 4732 nou
1805 4692 1850 4732 ca-

93 4769 212 4833 tholice,
227 4772 303 4823 certe
316 4768 389 4823 nihil
407 4784 465 4823 non
479 4766 618 4822 catholico
632 4764 728 4821 animo
743 4783 760 4820 a
774 4764 857 4820 nobis
881 4764 988 4819 dictum
1002 4763 1057 4832 sit3
1077 4765 1221 4821 malumus
1235 4771 1332 4821 tamen
1348 4766 1416 4820 dare
1431 4766 1539 4839 aliquid
1554 4770 1660 4822 tenere
1675 4781 1707 4820 aa
1721 4764 1777 4837 pire
1791 4765 1852 4820 illo·

93 4874 161 4914 rum
177 4857 252 4911 circa
267 4856 354 4912 tidem
375 4856 529 4924 affectioni,
544 4871 632 4927 qnam
652 4853 776 4926 superbo
790 4853 1015 4909 fastidiosorum
1029 4855 1187 4926 scrupulos
1200 4855 1394 4911 dissimulare.
1412 4855 1543 4911 Aliorum
1567 4871 1644 4924 vcro,
1660 4855 1750 4928 siqui
1768 4857 1852 4909 erunt

93 4948 145 5020 qui
170 4946 351 5001 contentioso
373 4946 471 5001 animo
486 4943 562 5000 rixas
576 4944 671 4999 denuo
687 4943 883 5014 redintegrare
897 4946 1029 5014 pergant,
1047 4942 1124 4998 dicas
1138 4947 1168 4998 et
1183 4943 1378 4999 cavillationes
1390 4942 1525 5015 deinceps
1538 4944 1806 5016 pretermittemus,
1823 4945 1853 4997 et

94 5052 148 5107 pro
167 5032 259 5088 nihilo
274 5033 453 5089 habebimus.
1784 5036 1786 5039 '

130 5135 165 5188 ln
180 5133 282 5205 primis
298 5131 383 5188 toties
397 5133 519 5205 repetita
533 5148 550 5187 a
564 5132 648 5187 uobis
660 5131 794 5188 omnibus
809 5136 837 5188 et
852 5128 973 5200 singulis
986 5129 1204 5202 professi0,qua
1214 5130 1472 5187 Constitutionibus
1487 5146 1665 5186 summorum
1680 5127 1851 5184 Pontificum

95 5222 258 5276 lnnocentii
281 5223 301 5277 ll
326 5227 355 5276 et
369 5220 522 5277 Alexandri
537 5221 584 5276 vll
597 5237 649 5276 nos
664 5221 772 5277 sincere
787 5225 815 5277 et
830 5237 862 5276 ex
878 5219 974 5275 auimo
990 5218 1136 5275 adherere
1152 5218 1265 5290 publice
1279 5219 1427 5276 contestati
1441 5236 1551 5289 sumus,
1566 5222 1694 5275 nostram
1711 5217 1787 5271 circa
1804 5215 1845 5271 la·
1906 5285 1913 5292 Π

96 5327 192 5365 mosas
219 5311 347 5383 quinque
362 5310 575 5382 propositiones
590 5309 678 5365 tidem
696 5309 730 5364 ab
746 5310 826 5365 omni
837 5323 954 5381 prorsus
969 5305 1130 5378 suspicione
1145 5306 1231 5362 debet
1246 5307 1379 5363 eximere.
1395 5307 1424 5363 Si
1439 5308 1517 5363 enim
1531 5311 1574 5362 tot
1588 5303 1765 5377 argumentis
1780 5303 1853 5359 tulta

96 5401 170 5456 fides
185 5400 218 5455 iu
234 5405 296 5455 tuto
311 5416 368 5455 non
382 5404 433 5466 est,
451 5400 531 5454 nulla
545 5399 599 5455 erit
611 5416 629 5454 a
642 5398 802 5471 suspicione
816 5396 971 5467 immunis,
987 5399 1017 5451 ct
1030 5394 1054 5449 si
1070 5395 1115 5451 cui
1131 5410 1189 5452 non
1202 5396 1325 5452 sufficiat
1339 5401 1398 5452 tam
1412 5396 1522 5451 sincera
1536 5393 1686 5468 professio,
1703 5392 1784 5449 nulla
1797 5393 1854 5449 alia

96 5488 284 5562 quantumvis
299 5489 407 5560 Jurata,
422 5488 605 5561 quantumvis
621 5487 789 5560 explicatior
807 5487 964 5543 sufficeret.
982 5486 1037 5540 llas
1052 5485 1158 5558 quippe
1172 5485 1395 5542 constitutiones
1410 5489 1438 5540 et
1451 5502 1486 5540 cx
1502 5483 1604 5556 primis
1618 5498 1684 5538 cum
1702 5482 1799 5539 debita
1811 5498 1855 5539 re·

97 5577 227 5634 verentia
248 5582 277 5634 et
293 5577 481 5634 submissione
496 5582 669 5649 exceperunt
688 5578 720 5634 in
734 5577 857 5633 comitiis
873 5575 931 5632 suis
951 5574 1134 5647 generalibus
1149 5575 1299 5647 Praepositi
1312 5574 1414 5642 nostri,
1429 5588 1535 5645 easque
1551 5572 1585 5629 ab
1603 5571 1737 5630 omuibus
1752 5577 1782 5627 et
1795 5571 1852 5627 sin·

98 5667 184 5740 gulis,
200 5667 254 5740 qui
269 5667 300 5725 iu
310 5671 417 5724 cretum
430 5669 559 5723 nostrum
573 5666 745 5725 admittendi
758 5670 864 5735 essent,
878 5663 1019 5722 subscribi
1036 5669 1245 5736 preceperunt.
