3884 6112
60 206 142 288 'troo
803 229 909 288 nana
928 229 1091 287 rannus
1757 231 1825 283 nro

10 320 31 405 .²
106 357 152 410 53.
170 353 387 423 Voluntasergo
401 350 706 407 adhaerenscommuni
721 351 920 425 atqueincom·
974 352 1095 408 Omnem
1116 351 1223 424 quippe
1238 364 1300 404 rem
1320 347 1371 402 nbi
1390 362 1554 402 mansuram
1577 352 1605 404 et
1625 366 1779 408 numerum
1792 359 1822 409 et

10 406 33 461 ⁸
70 441 207 497 mutabili
234 440 321 503 bono,
343 439 587 511 impetratprima
608 445 637 495 at
660 456 766 512 magna
794 439 919 496 hominis
972 441 1105 496 ordinem
1119 437 1233 505 videris,
1249 439 1308 492 lleo
1323 435 1424 490 artifici
1448 435 1575 492 tribuere
1603 453 1639 495 ne
1664 442 1822 513 cuncteris,

10 502 33 551 ²
66 529 156 597 bona,
171 545 237 584 cnm
252 528 314 600 ipsa
324 527 361 582 sit
375 527 502 583 madium
512 528 656 600 quoddam
674 528 794 584 bonurn.
811 529 919 584 Volun—
973 529 1052 584 Unde
1066 531 1163 584 autem
1173 527 1227 582 ista
1241 525 1354 597 ponitus
1367 524 1533 593 detraxeris,
1550 525 1624 581 nihil
1639 528 1757 583 omnino
1773 545 1819 585 re-

64 621 111 674 tas
121 622 219 673 autern
236 633 334 673 aversa
351 618 388 672 ab
399 615 625 672 incommutabili
637 621 664 672 el
675 618 823 673 communi
832 617 917 686 bono,
971 616 1119 671 manebit:
1135 614 1204 687 quia
1218 614 1270 669 etsi
1284 613 1453 668 remanserit
1467 614 1563 687 aliqua
1584 614 1686 670 iormaa
1701 615 1820 686 alicujus

10 684 35 731 ³
65 710 95 764 at
109 722 246 762 conversa
260 705 450 778 adproprium
464 705 584 772 bonurn,
596 709 646 760 aul
666 705 703 760 ad
719 705 853 774 exterius,
869 709 919 760 aut
970 704 1126 771 inchoatio,
1137 702 1188 758 ubi
1202 718 1295 775 neque
1310 717 1476 757 mensuram
1493 718 1586 774 noque
1601 719 1758 760 numerum
1772 722 1820 761 na·

10 774 36 822 ¹¹
67 795 103 852 ad
125 794 257 861 inierim,
279 799 388 865 peccat.
404 794 448 849 Ad
470 793 622 865 proprium
646 793 831 859 convertitur,
851 809 918 848 cum
971 810 1027 864 que
1044 793 1175 848 ordinem
1201 790 1339 857 invenias,
1368 790 1435 862 quia
1462 790 1637 864 ubicumque
1658 791 1713 848 ista
1740 799 1818 858 sunt,

10 864 37 911 Ι
67 899 128 940 suae
141 882 293 954 potestatis
314 883 376 938 vult
398 898 478 950 esse;
502 881 687 948 ademarius,
704 897 771 937 cum
794 880 917 937 aliorum
968 880 1061 935 torma
1077 880 1201 950 perfecta
1225 884 1281 947 est,
1300 883 1412 950 oportet
1434 878 1546 935 auferas
1567 881 1654 936 etiam
1668 881 1761 953 ipsam
1775 882 1822 937 in-

22 955 37 1012 !
64 971 194 1044 propria,
210 972 255 1026 rel
273 986 462 1043 quaecumque
476 970 513 1026 ad
534 987 564 1026 sa
588 985 645 1025 non
657 970 816 1042 pertinent,
829 985 916 1042 cogo·
969 970 1151 1025 montionem
1167 969 1274 1036 lormae,
1289 984 1353 1038 quae
1369 972 1507 1037 tanquam
1530 969 1661 1024 materias
1684 970 1720 1025 ad
1734 970 1819 1040 perti·

10 1036 38 1090 ⁵
63 1060 265 1128 scerestndet;
294 1060 331 1115 ad
354 1059 486 1127 inferius,
511 1074 576 1114 cum
589 1059 767 1130 voluptatem
787 1057 916 1131 corporis
969 1058 1101 1113 ciendum
1124 1057 1270 1128 subjacare
1294 1056 1407 1111 videtur
1421 1056 1533 1113 artillci.
1562 1057 1592 1112 Si
1615 1058 1692 1113 enirn
1715 1057 1816 1115 formae

10 1126 172 1227 “mitigit
194 1154 281 1221 atque
300 1148 340 1203 ita
355 1149 441 1204 horno
456 1148 606 1219 superbus,
623 1153 650 1203 et
665 1147 802 1211 curiosus,
830 1155 859 1202 et
872 1147 915 1202 la·
967 1145 1103 1218 perfectio
1117 1147 1225 1202 bonum
1241 1151 1292 1212 est,
1316 1145 1489 1200 nonnullum
1512 1147 1574 1216 jam
1590 1146 1697 1201 bonum
1721 1151 1765 1202 est
1789 1151 1818 1203 et

10 1229 34 1273 ¹
62 1237 157 1294 salvus
171 1237 299 1302 allectus,
315 1237 456 1309 excipitur
470 1236 505 1292 ab
523 1235 580 1291 alia
595 1235 662 1304 vita,
677 1251 742 1307 quae
756 1234 915 1305 incompa-
966 1237 1067 1293 formae
1077 1236 1232 1293 inchoatio.
1255 1237 1307 1304 lla,
1330 1236 1456 1292 detracto
1484 1236 1599 1308 penitus
1623 1237 1701 1292 omni
1727 1238 1814 1306 bono,

10 1320 30 1378 Ι
61 1328 174 1383 ratione
195 1325 350 1400 superioris
365 1325 432 1381 vitae
445 1340 523 1380 mors
538 1328 597 1393 est;
617 1340 683 1397 quae
696 1329 793 1379 tamen
806 1322 917 1396 regitur
967 1342 1026 1380 non
1040 1325 1157 1397 quidem
1173 1324 1317 1391 nonnihil,
1334 1324 1384 1379 sed
1399 1324 1518 1379 omnino
1532 1325 1605 1380 nihil
1618 1326 1779 1382 remanebit
1793 1328 1813 1381 ¹.

10 1394 27 1468 i
61 1414 313 1471 administratione
326 1413 430 1470 divinae
441 1412 635 1485 providentia,
656 1429 720 1484 quaa
730 1412 863 1484 congruis
873 1426 915 1467 sa·
967 1415 1057 1470 Omne
1079 1418 1176 1469 autem
1190 1414 1300 1468 bonurn
1319 1428 1353 1467 ax
1370 1414 1446 1467 Deo:
1475 1413 1555 1468 nulla
1570 1428 1639 1485 ergo
1653 1419 1757 1470 natura
1771 1419 1815 1471 est

10 1484 23 1542 Β
60 1503 147 1560 dibus
172 1503 287 1559 ordinat
302 1499 407 1565 omnia,
426 1507 455 1556 et
468 1517 521 1572 pro
536 1499 646 1555 meritis
668 1516 720 1556 sua
736 1499 840 1571 cuique
854 1500 913 1555 dis·
967 1518 1032 1574 qnae
1045 1518 1106 1558 non
1120 1502 1157 1558 sit
1171 1518 1202 1557 ex
1219 1503 1289 1558 lieo.
1309 1502 1401 1557 hlotns
1413 1517 1481 1572 crgo
1492 1501 1540 1555 ille
1556 1501 1721 1570 aversionis,
1736 1502 1814 1575 quod

10 1581 20 1649 ,Ι
59 1592 228 1649 tribuitlta
242 1591 275 1646 fit
288 1595 321 1646 ut
334 1605 428 1662 neque
451 1588 593 1644 illalbona
607 1603 672 1660 qum
695 1605 712 1642 a
732 1586 913 1657 peccantibus
964 1591 1091 1646 latemur
1105 1588 1812 1661 essepeccatnm,quoniamdelectivusmotusesl,
1887 1594 1892 1605 '

58 1682 250 1749 appetuntur,
265 1677 324 1733 ullo
337 1678 424 1732 modo
434 1677 511 1731 mala
521 1677 588 1743 sint,
604 1691 697 1748 neque
710 1675 772 1747 ipsa
779 1676 912 1730 voluntas
965 1679 1059 1734 omnis
1073 1684 1169 1734 antem
1183 1677 1321 1734 delectus
1335 1693 1368 1732 ex
1388 1677 1478 1732 nihilo
1503 1681 1556 1743 est,
1572 1677 1635 1733 ride
1650 1693 1707 1748 quo
1728 1678 1816 1748 perti·

10 1767 15 1807 Ι
58 1766 163 1832 libera,
177 1781 264 1837 quam
273 1766 304 1820 in
313 1764 397 1820 bonis
407 1763 578 1836 quibusdam
589 1764 691 1819 mediis
702 1764 911 1819 numerandam
965 1771 1041 1835 neat,
1056 1771 1084 1822 et
1099 1767 1135 1821 ad
1146 1768 1237 1821 Deum
1249 1782 1309 1821 non
1323 1765 1469 1836 pertinere
1483 1781 1520 1820 ne
1533 1765 1646 1820 dubites
1659 1765 1680 1819 ³.
1700 1764 1755 1830 Qui
1769 1772 1813 1822 ta-

10 1859 13 1894 l
58 1871 124 1911 esse
139 1854 349 1926 comperimus;
364 1854 413 1909 sed
428 1853 538 1907 malum
556 1852 593 1906 sit
611 1851 720 1907 aversio
735 1851 797 1922 ejus
811 1852 848 1907 ab
869 1850 912 1906 in·
963 1872 1031 1911 men
1046 1855 1171 1910 detectus
1185 1853 1324 1925 quoniam
1338 1856 1382 1908 est
1404 1852 1591 1917 voluntarios,
1615 1853 1645 1908 in
1659 1858 1757 1909 nostra
1770 1860 1814 1910 ast

57 1942 258 1999 commutabili
271 1943 358 2009 bono,
381 1945 409 1995 el
429 1939 576 1995 conversio
590 1940 626 1995 ad
647 1939 798 1996 mutabilia
813 1940 910 1996 bona:
962 1944 1074 2014 positus
1085 1946 1235 2015 potestate.
1247 1942 1277 1998 Si
1292 1941 1370 1998 enirn
1385 1943 1470 1997 limes
1483 1942 1576 2008 illum,
1589 1945 1702 2013 oportet
1717 1945 1749 1998 ut
1762 1958 1813 1998 no·

57 2049 127 2104 qnae
138 2036 235 2087 tamen
249 2029 357 2085 aversio
373 2035 458 2101 atque
473 2028 777 2100 conversio,quoniam
792 2045 851 2084 non
866 2045 911 2084 co·
963 2032 1251 2101 lis;siantemnolis,
1272 2048 1331 2087 non
1346 2031 1491 2096 erit.Qnid
1505 2031 1812 2104 ergosecuriusquam
1877 2034 1880 2041 '

55 2120 148 2194 gitur,
159 2120 209 2175 sed
224 2124 268 2174 est
281 2118 452 2186 voluntaria,
468 2117 557 2188 digna
573 2121 602 2173 et
614 2117 693 2189 justa
706 2132 771 2172 eam
786 2116 910 2173 miseriae
964 2136 1025 2178 esse
1038 2121 1068 2175 in
1083 2136 1117 2175 ea
1127 2119 1195 2187 vita,
1212 2119 1263 2174 ubi
1278 2135 1335 2174 non
1350 2119 1440 2191 possit
1448 2118 1503 2174 tibi
1517 2117 1646 2174 invenire
1660 2119 1737 2191 quod
1755 2136 1814 2176 nou

55 2226 145 2282 poena
159 2207 354 2279 subsequitur.
962 2210 1027 2266 ris?
1038 2209 1094 2266 Sed
1106 2208 1245 2280 qnoniam
1259 2224 1318 2263 non
1332 2208 1405 2264 sicut
1422 2208 1510 2263 homo
1531 2211 1632 2279 sponte
1645 2207 1757 2276 cecidit,
1773 2208 1814 2265 ita

94 2297 209 2353 CAPUT
225 2297 278 2352 xx.
290 2326 324 2336 -
338 2298 382 2351 Ea
397 2296 454 2350 Deo
467 2310 521 2350 noa
535 2300 574 2350 est
588 2300 675 2351 motas
689 2296 745 2364 ille,
759 2311 811 2366 qao
823 2311 872 2350 oo·
961 2300 1048 2356 etiam
1059 2299 1167 2370 lsponte
1179 2313 1296 2368 surgere
1312 2301 1423 2369 potest;
1441 2300 1602 2368 porrectam
1624 2295 1708 2352 nobis
1725 2297 1810 2353 desn-

164 2387 255 2442 laatas
274 2384 309 2439 al>
329 2384 543 2439 incommutabili
567 2384 633 2438 bono
655 2386 799 2439 auertitur.
962 2403 1016 2459 per
1030 2387 1178 2442 dexteram
1194 2384 1255 2452 Ilei,
1276 2384 1363 2441 idest
1386 2385 1540 2440 Dominum
1560 2388 1692 2440 nostrum
1716 2385 1813 2440 lesum

93 2474 136 2528 54.
153 2473 208 2528 Sed
222 2447 766 2543 tnfortassequaesituriases,qaoniam
776 2475 909 2528 movetur
967 2476 1122 2542 Christum,
1143 2474 1200 2529 fide
1219 2472 1304 2528 firma
1327 2476 1475 2528 teneamus
1491 2473 1538 2543 (a),
1564 2477 1593 2527 et
1618 2476 1812 2544 exspectemus

53 2562 187 2618 volantes
210 2576 276 2615 cum
291 2576 320 2614 sa
339 2558 441 2614 sverm
462 2559 498 2614 ab
512 2559 743 2615 incommutabili
767 2560 844 2616 bono
872 2561 907 2616 ad
961 2567 1040 2619 certa
1054 2578 1115 2633 spe,
1130 2566 1159 2617 et
1175 2560 1313 2617 charitate
1330 2560 1443 2616 ardenti
1468 2560 1672 2615 desideramus.
1689 2560 1718 2616 Si
1742 2560 1811 2632 quid

51 2648 195 2705 mutabile
208 2648 328 2713 bonnm,
344 2646 420 2703 unde
431 2646 457 2702 ei
467 2646 521 2701 iste
536 2653 632 2702 motus
642 2646 743 2702 existat
755 2648 828 2720 ,qui
842 2664 908 2719 pro·
960 2649 1328 2722 antemdeoriginepeccati
1340 2649 1505 2721 diligentius
1520 2651 1708 2722 quarendum
1717 2652 1810 2708 adhuc

50 2738 130 2795 lecto
146 2737 240 2792 malus
254 2740 306 2805 est,
322 2735 572 2791 tametsiroluntas
587 2736 686 2803 libera,
701 2736 770 2807 quia
779 2735 843 2792 sine
857 2736 908 2793 illa
960 2744 1046 2810 putas
1059 2741 1136 2810 (narn
1151 2741 1270 2793 omnino
1283 2752 1336 2809 ogo
1347 2737 1408 2808 jam
1423 2753 1495 2809 opus
1509 2753 1569 2792 esse
1584 2754 1642 2793 non
1660 2738 1808 2811 arbitrorlt

54 2842 111 2883 nec
138 2829 215 2880 recte
241 2824 298 2880 rivi
325 2826 430 2896 potest,
459 2823 490 2878 in
513 2823 597 2879 bonis
616 2824 797 2879 numeranda
816 2824 907 2881 sitsi
960 2828 984 2882 si
997 2826 1067 2899 qnid
1083 2830 1181 2882 tamen
1193 2829 1288 2897 potas,
1303 2824 1333 2879 in
1348 2825 1433 2880 aliam
1447 2825 1669 2897 disputationem
1679 2825 1810 2882 differen-

54 2913 136 2971 enim
149 2918 243 2970 motus
255 2914 320 2980 iste,
344 2912 374 2968 id
390 2916 433 2967 est
450 2911 558 2967 aversio
578 2912 732 2968 voluntatis
752 2912 906 2968 abomino
961 2916 1030 2972 dum
1046 2918 1141 2971 esth.
1157 2915 1267 2986 Sequor
1280 2929 1349 2969 sane
1360 2914 1536 2970 voluntatem
1550 2917 1640 2983 tuam,
1652 2914 1723 2968 utin
1735 2918 1808 2970 lem·

51 3005 125 3070 Ileo,
139 3001 200 3057 sine
215 3000 394 3057 dubitatione
416 3005 564 3072 peccatum
586 3004 638 3067 osl,
660 3016 731 3055 num
754 3016 905 3072 possumus
958 3020 1014 3075 pus
1027 3003 1117 3071 alind,
1133 3003 1211 3076 quod
1226 3002 1292 3058 hinc
1306 3003 1438 3067 moverit,
1453 3002 1630 3058 differamus.
1651 3004 1722 3059 Nam
1736 3002 1807 3059 illud

52 3096 201 3148 auctorem
219 3089 328 3161 peccati
353 3090 444 3145 Deum
469 3088 587 3144 diceret
607 3090 669 3143 Non
691 3088 747 3145 erit
768 3104 837 3161 ergo
851 3089 904 3146 iste
959 3092 1012 3148 tibi
1034 3108 1092 3148 non
1114 3091 1313 3159 concesserim,
1338 3094 1372 3146 ut
1391 3091 1459 3146 satis
1481 3091 1542 3162 jam
1567 3090 1807 3163 inde'qnoesitum

52 3183 150 3235 motus
165 3195 200 3234 ex
214 3179 281 3234 Deo.
299 3177 380 3233 Unde
393 3177 483 3249 igitur
496 3177 573 3232 erit?
586 3178 629 3233 lta
643 3176 784 3249 quaerenti
796 3177 860 3248 tihi,
880 3178 904 3233 si
957 3185 1051 3251 putes.

48 3267 242 3340 respondeam
257 3265 366 3322 nescire
382 3281 439 3334 me,
452 3265 572 3321 sortasse
587 3264 642 3321 eris
656 3265 784 3321 tristior:
800 3266 850 3322 sed
864 3271 904 3322 ta·

50 3372 122 3412 men
140 3371 206 3411 vera
229 3353 440 3426 responderim.
465 3353 536 3409 Sciri
549 3353 627 3409 enim
643 3370 701 3409 non
715 3359 811 3426 polest
824 3356 903 3427 qaod
990 3360 998 3392 ¹
1012 3358 1073 3407 blas.
1086 3358 1204 3421 plerique
1212 3361 1238 3408 et
1247 3358 1408 3421 antiquiores
1420 3357 1549 3407 editiones
1558 3362 1648 3408 carent
1656 3357 1697 3407 his
1707 3358 1803 3419 verbis,

49 3444 126 3501 nihil
150 3449 202 3501 est.
226 3444 269 3499 Tu
281 3442 546 3513 tantumpietatem
560 3443 758 3497 inconcussam
772 3447 849 3510 tene,
870 3448 903 3499 nl
955 3431 1011 3470 ’¹⁰⁷²
1021 3420 1130 3483 q‘M‘m
1145 3418 1282 3510 ''mihi‘’
1298 3419 1430 3509 ”dnm
1444 3419 1487 3469 ΜΟ
1497 3433 1634 3470 “mmm
1647 3434 1680 3469 ⁶¹
1692 3419 1756 3510 ¹¹⁰?

987 3499 1071 3548 ²bad.
1080 3503 1107 3548 et
1114 3499 1156 3548 Er.
1166 3512 1264 3549 omissa
1275 3501 1417 3562 negatione
1424 3498 1531 3558 habent,
1541 3498 1576 3548 od
1584 3501 1804 3562 neamperaaere

50 3532 164 3589 nullum
186 3530 238 3587 tibi
254 3531 364 3587 bonum
378 3531 422 3586 vel
435 3529 582 3599 sentienti,
601 3530 646 3584 vel
661 3529 842 3600 intelligenti,
858 3533 901 3586 val
954 3572 1009 3611 mm
1019 3560 1131 3611 dum-m·
1144 3561 1253 3624 Pingui,
1263 3573 1345 3620 mor,
1357 3560 1403 3623 qui
1417 3573 1450 3609 ,x
1464 3560 1524 3609 M„
1537 3563 1563 3610 οι
1576 3560 1633 3624 5950
1641 3573 1672 3610 ω
1680 3564 1805 3611 commu

51 3637 169 3694 quoquo
185 3620 270 3675 modo
285 3619 424 3691 cogitanti
434 3622 563 3674 occurrat
573 3618 652 3690 qnod
663 3634 721 3673 non
735 3618 772 3672 sit
786 3634 819 3673 ex
831 3619 899 3676 Deo.
954 3623 1084 3672 sermonis
1096 3622 1233 3673 refellitur.

51 3712 96 3765 Ita
110 3708 189 3764 anim
206 3708 288 3765 nulla
301 3713 406 3763 natura
419 3707 542 3763 occurrit
563 3722 629 3778 quaa
643 3722 702 3762 non
718 3706 755 3761 sit
774 3721 808 3761 ex
831 3708 898 3763 Deo.
985 3718 1025 3782 (a)
1037 3719 1096 3776 vid,
1110 3720 1224 3770 nausea.
1237 3719 1282 3769 lin.
1294 3721 1318 3780 t,
1331 3730 1388 3783 esp.
1401 3720 1426 3778 9,
1441 3731 1468 3768 n.
1485 3721 1508 3769 t.

586 3980 842 4104 LIBER
888 3981 1267 4107 TERTIUS.
1547 4014 1558 4042 ’

86 4211 116 4258 lu
130 4222 183 4282 quo
193 4209 322 4280 quaeritur
333 4208 404 4281 uude
415 4207 459 4258 ille
469 4211 558 4280 motus
567 4207 664 4256 existat
674 4220 726 4279 quo
740 4206 864 4279 voluntas
874 4208 1125 4281 ablincommutabili
1134 4209 1205 4259 bono
1217 4208 1344 4269 aenaeum
1353 4221 1388 4258 an
1398 4221 1488 4281 secum
1502 4208 1615 4256 invicem
1628 4207 1748 4317 pFJU⁰n²
1757 4205 1804 4277 Dei

52 4268 1289 4383 tilithi„litllttttthitltt‘lllttll‘ttltstatuali-'titia
1302 4266 1804 4392 tiltlttttlttttlsttttl

50 4348 168 4445 ogssngg
183 4395 225 4453 sit,
239 4347 412 4458 pioductione
425 4407 455 4443 ac
470 4393 600 4457 supplicio
614 4393 779 4442 laudandum
791 4368 858 4442 ’essa
878 4394 971 4443 Deum.
988 4347 1054 4443 Hinc
1073 4393 1105 4442 ad
1121 4393 1158 4441 ori
1180 4393 1230 4442 'nis
1240 4347 1455 4457 'rihapperducta
1469 4365 1646 4455 disputatio’ne
1658 4389 1805 4461 declaretur

52 4457 279 4520 quemadmodum
294 4470 326 4506 ea
337 4455 407 4505 haud
423 4455 522 4505 in'uste
536 4455 564 4505 in
576 4455 640 4505 Adra
654 4459 774 4519 posteros
788 4454 945 4515 demanant;
958 4459 1040 4519 utque
1054 4459 1161 4518 propter
1192 4469 1231 4506 aec
1244 4455 1301 4520 ipsa
1317 4455 1447 4506 immerito
1456 4455 1595 4518 peccantes
1608 4454 1804 4502 excusationem

52 4518 219 4569 obtendant:
235 4518 359 4582 deinceps
372 4531 436 4568 vero
468 4517 474 4528 '
488 4517 618 4568 ticultates
632 4516 769 4568 nonnullae
780 4517 833 4616 huc
848 4518 1008 4581 pertinentes
1022 4517 1179 4568 enodantur.

290 4708 303 4737 4

49 4763 165 4822 CAPUT
180 4765 328 4822 PillllUll.
345 4795 379 4806 -
397 4766 471 4821 Uada
484 4768 522 4821 sit
540 4770 628 4822 motus
650 4766 697 4822 ille
711 4781 763 4835 quo
777 4767 903 4824 uoluntas
959 4765 1054 4821 aliena
1067 4767 1111 4821 vel
1125 4765 1236 4834 intima,
1251 4760 1443 4835 atqueomnia
1458 4759 1673 4815 commutabilia
1686 4775 1804 4817 conver·

232 4854 349 4924 deflectit
362 4855 397 4909 ab
412 4854 629 4910 incommutabili
649 4854 725 4910 boao.
959 4853 1029 4909 titur
1042 4851 1146 4910 henot
1157 4855 1195 4908 A.
1208 4851 1282 4918 Quid
1290 4850 1367 4906 enim
1378 4864 1448 4921 opus
1461 4852 1505 4904 est
1518 4849 1572 4904 hoc
1583 4848 1679 4905 seirat
1692 4848 1804 4914 Itonia

90 4945 114 4996 l.
128 4943 160 4999 Ε.
181 4942 324 5007 Quoniam
348 4942 418 4999 satis
446 4940 519 4997 mihi
541 4941 727 4997 manifestum
752 4945 804 5011 ast,
828 4942 904 4997 inter
958 4941 983 4998 si
997 4941 1038 4997 ita
1052 4942 1118 4997 data
1127 4947 1179 5008 est,
1195 4944 1225 4996 ut
1234 4941 1396 4995 naturalem
1411 4937 1608 4994 habeatistum
1616 4940 1737 5002 motum,
1743 4935 1804 5006 jam

50 5031 137 5093 bona,
152 5035 181 5086 et
195 5047 229 5086 ea
250 5031 370 5102 quidem
384 5046 443 5086 non
458 5029 590 5097 minima,
614 5031 823 5085 numerandam
843 5045 904 5084 esse
945 5030 1127 5101 ,necessitate
1142 5029 1176 5084 ad
1196 5029 1258 5085 haec
1274 5026 1467 5094 convertitur3
1483 5042 1577 5099 neque
1588 5024 1739 5093 nllaculpa
1757 5023 1804 5078 de-

56 5117 177 5173 liberem
191 5118 378 5186 voluntatem,
387 5134 421 5173 cx
431 5117 583 5189 quoetiam
597 5117 680 5172 fateri
695 5117 827 5188 cogimur
840 5133 905 5173 eam
956 5118 1097 5190 prehendi
1107 5120 1209 5189 potest,
1224 5115 1384 5172 ubinatura
1401 5114 1612 5186 necessitasque
1627 5109 1803 5168 dominatur.

53 5205 191 5262 divinitus
207 5207 304 5262 datam
316 5223 387 5274 esse,
402 5206 521 5278 darique
536 5205 711 5278 oportuisse:
723 5206 783 5277 jam
808 5206 832 5260 si
853 5223 904 5278 op-
958 5211 996 5263 A.
1012 5208 1143 5262 Placetne
1153 5205 1206 5261 tihi
1216 5205 1269 5260 ista
1280 5209 1384 5270 molus,
1395 5203 1595 5276 andisplicet‘l
1608 5203 1642 5257 E.
1658 5197 1801 5271 Displicet.

52 5300 210 5367 portunum
224 5295 379 5364 existimas,
395 5295 479 5366 cupio
504 5311 556 5367 per
581 5300 608 5350 ta
636 5310 806 5367 cognoscere
829 5297 904 5351 unde
958 5298 997 5352 Α.
1023 5294 1218 5367 Reprehendis
1232 5309 1301 5365 ergo
1325 5310 1401 5350 eum.
1433 5295 1465 5350 Ε.
1492 5291 1593 5362 Utique
1613 5284 1802 5358 reprehendo.
1902 5341 1905 5347 ,

51 5383 101 5439 1¹¹⁶
124 5388 220 5439 m⁰t¹²³
246 5384 358 5452 “imit
390 5399 448 5455 ‘1¹¹⁰
475 5382 540 5454 ipsa
566 5383 697 5439 V⁰¹¹¹¹¹t⁸⁵
724 5383 862 5439 ”mitur
888 5399 905 5439 ἃ
991 5417 1071 5466 ¹Tres
1081 5416 1252 5480 btss.,otqac
1261 5417 1370 5466 omniao
1381 5411 1581 5466 commutabilia
1589 5406 1802 5462 coaoarlitarbo

52 5472 201 5528 communi
212 5477 302 5544 atque
311 5470 542 5529 incommutabili
550 5470 638 5541 bono,
647 5476 676 5528 et
690 5471 848 5545 adpropria
859 5474 904 5528 ret
958 5492 1003 5530 aa.
1017 5478 1104 5529 Recta.
