3884 6112
57 278 112 332 865
699 275 807 334 LIBER
834 273 991 333 DECIMUS
1014 276 1178 337 TERTIUS.
1760 291 1812 347 suo

56 415 115 471 que
130 397 296 465 animantia,
312 401 340 452 et
354 395 494 469 quidquid
517 398 659 455 radicibus
678 402 785 456 terram
809 404 907 456 tenet:
963 417 1028 473 quer
1043 402 1169 460 interris
1183 419 1282 476 graves
1292 403 1415 460 fluitent.
1430 405 1563 461 Videmus
1575 413 1813 480 congregatarum

56 487 106 542 sed
122 486 254 541 hostilem
270 490 394 540 mentem
413 491 604 559 naturamque
624 487 722 556 aliam,
743 504 802 544 non
818 489 909 544 abste
962 506 1103 562 aquarum
1116 491 1240 564 speciem
1263 507 1314 564 per
1335 508 1450 564 campos
1463 495 1568 562 maris,
1587 500 1615 550 et
1630 497 1741 554 aridam
1755 504 1815 554 ter-

55 573 211 640 conditam,
232 574 340 646 tibique
359 574 542 643 contrariam,
557 575 588 628 in
602 574 790 631 inierIoribus
804 575 908 631 muudi
945 560 1036 647 'ram,
1052 580 1095 635 vel
1110 581 1256 648 nudatam,
1271 581 1316 636 rel
1330 581 1483 638 formatam
1504 587 1535 638 ut
1557 589 1631 641 esset
1644 586 1763 643 risibilis
1786 594 1816 644 et

58 663 195 717 locIsista
211 663 328 734 gignere
352 667 436 734 atque
455 663 589 718 formare.
613 663 710 719 lusani
734 664 908 720 dicunthaec
964 669 1131 741 composita,
1146 671 1359 742 herbarumque
1373 674 1459 743 atque
1488 674 1623 729 arborum
1654 676 1814 732 materiem.

56 751 194 823 quoniam
207 768 263 806 uon
271 768 323 823 per
332 751 469 823 Spiritum
481 751 667 807 tuumvideut
676 767 765 824 opera
778 757 838 823 tua,
857 768 909 808 nec
965 745 1098 812 Videmus
1117 757 1268 813 lumiuaria
1283 758 1393 830 fulgere
1406 758 1550 830 desuper;
1567 763 1658 817 solem
1685 765 1814 821 sulficere

55 845 84 895 te
99 846 276 912 cognoscunt
289 841 320 895 in
334 842 384 895 uis.
965 843 1033 913 diei,
1048 845 1146 900 lunum
1168 851 1197 900 ct
1217 845 1312 900 stellas
1334 846 1475 901 consolari
1496 852 1620 914 noctem,
1656 855 1741 922 atque
1768 853 1815 907 his

375 929 488 985 CAPUT
506 929 592 986 XXXI.
965 930 1099 986 omnibus
1113 931 1209 987 notari
1223 936 1252 987 et
1264 932 1418 1004 significari
1443 938 1584 1007 tempora.
1600 937 1736 993 Videmus
1763 939 1815 995 hu-

204 1019 262 1074 Piis
274 1017 345 1072 idem
356 1019 490 1088 probatur
504 1019 577 1088 quaed
589 1021 641 1073 lieo
652 1019 767 1089 placuit.
965 1019 1073 1074 midam
1086 1035 1293 1092 usquequaque
1310 1024 1453 1089 naturam,
1481 1023 1606 1094 piscibus
1621 1029 1650 1079 et
1662 1024 1765 1082 belluis
1789 1033 1817 1084 et

95 1107 142 1162 46.
159 1104 212 1170 Qui
228 1110 323 1161 autem
338 1122 390 1176 per
404 1106 540 1176 Sptritum
558 1111 641 1163 tuum
654 1106 751 1162 rident
765 1123 809 1178 ea,
822 1111 854 1162 tu
867 1106 911 1162 ri-
965 1106 1081 1162 alitibus
1099 1108 1289 1175 fecundatam,
1305 1109 1382 1178 quod
1396 1110 1469 1165 aeris
1484 1113 1671 1182 corpulentia,
1688 1096 1752 1186 quae
1767 1132 1817 1171 vo·

58 1196 112 1251 des
126 1195 156 1249 in
171 1193 221 1249 eis.
239 1196 311 1265 Ergo
326 1211 391 1249 eum
407 1194 506 1250 rident
524 1196 591 1267 quia
604 1196 681 1250 boue
695 1201 772 1263 suut,
786 1201 817 1250 ιιι
832 1195 912 1250 rides
966 1194 1039 1248 latus
1055 1193 1150 1249 arium
1167 1197 1271 1265 portat,
1298 1211 1439 1266 equarum
1454 1197 1631 1253 exhalatione
1647 1203 1814 1259 concrescit.

58 1283 131 1356 quia
144 1282 313 1337 bonasunt:
330 1286 358 1337 et
372 1299 560 1356 quascumque
571 1289 725 1357 propterte
740 1285 863 1354 placent,
879 1288 912 1340 tu
966 1281 1101 1336 Videmus
1116 1283 1238 1337 terrenis
1252 1281 1424 1337 animalibus
1437 1283 1538 1338 faciem
1553 1290 1637 1340 terrra
1664 1287 1793 1343 decorari
1809 1309 1817 1356 ;

57 1373 91 1426 in
105 1371 146 1426 eis
167 1369 297 1442 places¹3
320 1375 348 1425 et
372 1387 438 1443 quae
462 1388 514 1443 per
538 1371 677 1443 Spiritum
700 1377 783 1427 tuum
799 1373 913 1443 placent
967 1369 1172 1442 hominemque
1202 1369 1237 1424 ad
1253 1370 1409 1441 imaginem
1437 1376 1466 1425 et
1492 1371 1711 1429 similitudinem
1738 1380 1819 1431 tuem

59 1459 156 1526 nobis,
171 1459 223 1515 tibi
237 1461 352 1531 placent
368 1459 399 1514 in
418 1460 511 1516 uobis.
529 1461 596 1526 Quis
611 1463 682 1516 euim
701 1463 753 1516 scit
775 1461 912 1516 bominum
966 1457 1075 1513 cunctis
1090 1457 1333 1513 irrationabilibus
1347 1458 1542 1514 animantibus
1555 1460 1616 1530 ipsa
1627 1464 1676 1515 tue
1690 1462 1816 1535 imagine

58 1565 122 1620 que
136 1553 197 1604 sunt
208 1549 333 1617 beluinis,
350 1552 405 1603 uisi
416 1552 532 1619 spiritus
543 1551 660 1604 hominis
676 1551 767 1618 quiin
781 1552 840 1621 ipsa
853 1552 912 1606 est?
968 1562 1000 1600 ac
1014 1545 1211 1615 similitudine,
1228 1546 1283 1600 hoc
1296 1549 1339 1600 est
1351 1545 1469 1601 rationis
1489 1551 1518 1600 et
1539 1546 1739 1619 intelligentie
1759 1552 1816 1607 rir-

58 1641 100 1693 sie
120 1643 144 1692 et
168 1653 228 1707 que
242 1640 291 1692 Ilei
313 1643 376 1693 aaut
394 1654 470 1692 mmo
492 1641 553 1704 scit,
575 1641 631 1693 uisi
645 1639 766 1709 Spiritus
783 1641 838 1694 Dei.
858 1641 912 1695 Nos
968 1638 1040 1703 tute,
1055 1634 1197 1706 praeponi.
1212 1634 1245 1688 Et
1257 1634 1541 1705 quemadmodumin
1556 1636 1618 1707 ejus
1630 1638 1727 1694 anima
1741 1641 1821 1696 aliud

58 1725 273 1795 autem,iuquit,
289 1740 341 1779 uon
352 1726 482 1793 spiritum
492 1724 574 1794 hujus
585 1725 682 1779 mundi
695 1728 856 1794 accepimus,
867 1725 914 1780 sed
968 1728 1010 1777 est
1024 1723 1102 1794 quod
1115 1723 1289 1777 consulendo
1305 1721 1481 1789 dominatur,
1497 1722 1574 1778 eliud
1589 1725 1665 1795 quod
1687 1726 1819 1782 subditur

58 1814 197 1882 Spiritum
217 1814 265 1880 qui
284 1828 318 1866 eu
332 1816 385 1867 Deo
397 1817 446 1879 est,
462 1817 492 1866 ut
506 1815 623 1868 sciamus
643 1828 702 1882 quae
717 1828 734 1866 a
750 1816 799 1867 lieo
813 1812 914 1868 dauata
968 1816 1001 1866 ut
1015 1811 1192 1882 obtemperet
1208 1827 1215 1865 ε
1232 1811 1270 1864 sic
1280 1811 1340 1864 vtro
1353 1810 1457 1866 iactam
1467 1826 1528 1866 esse
1537 1811 1624 1867 etiam
1633 1800 1822 1886 corporaliter

60 1905 127 1954 secut
138 1900 214 1955 uobis
231 1900 252 1958 tl
267 1902 328 1957 Cor.
342 1917 372 1967 u,
391 1904 434 1964 ll,
455 1901 509 1971 li).
526 1901 560 1954 Et
581 1901 740 1956 admoneor
754 1905 787 1956 ut
801 1901 913 1956 dicam:
969 1899 1117 1965 feminam,
1134 1915 1199 1970 quas
1212 1899 1332 1954 haberet
1341 1894 1496 1971 quidemiu
1509 1905 1605 1955 urente
1618 1901 1766 1957 rationalis
1775 1893 1829 1957 in-¹

62 1989 150 2043 Certe
165 2004 249 2043 nemo
265 1989 317 2042 scit
327 2004 391 2060 quae
408 1989 461 2043 Dei
472 1993 547 2055 sunt,
563 1988 619 2043 uisi
631 1989 753 2060 Spiritus
766 1988 827 2043 Dei.
845 1988 917 2052 Quo·
970 1987 1136 2058 telligentire
1151 2003 1250 2057 parem
1271 1992 1421 2055 naturam;
1436 2003 1504 2042 sexu
1518 1992 1615 2043 tamen
1630 1989 1760 2060 corporis
1772 1991 1821 2061 ,ita

62 2077 153 2131 modo
166 2092 233 2148 ergo
248 2075 353 2132 scimus
368 2081 396 2132 et
411 2094 464 2132 uos
479 2094 544 2150 quae
559 2094 575 2131 e
591 2078 650 2132 Deo
666 2077 769 2131 donata
783 2082 850 2132 suut
862 2093 916 2131 no·
971 2075 1128 2130 masculino
1143 2076 1221 2131 sexui
1233 2076 1432 2146 subjiceretur,
1443 2075 1688 2146 quemadmodum
1703 2077 1820 2149 subjici-

62 2165 131 2220 bis?
144 2166 343 2237 Respondetur
360 2165 432 2219 mihi
453 2165 589 2236 quoniam
608 2180 673 2236 quae
686 2180 739 2236 per
752 2164 814 2235 ejus
826 2165 915 2235 Spiri-
972 2169 1019 2220 tur
1037 2165 1179 2236 appetitus
1204 2164 1313 2219 actione
1343 2165 1378 2219 ad
1405 2164 1621 2236 concipiendam
1651 2167 1685 2222 de
1710 2168 1821 2223 ιιιιοιιι

63 2259 129 2308 tum
151 2254 267 2318 scimus,
288 2253 375 2308 etiam
399 2253 438 2308 sic
460 2267 536 2308 nemo
556 2254 617 2320 seit,
640 2254 697 2307 nisi
713 2254 834 2322 Spiritus
858 2254 915 2308 liei.
972 2253 1062 2308 menti
1076 2257 1151 2306 reete
1167 2251 1268 2322 agendi
1292 2250 1448 2306 solertiam.
1473 2252 1609 2308 Videmus
1632 2253 1694 2310 hec
1720 2259 1747 2311 et
1762 2255 1821 2311 sin·

63 2342 146 2398 Sicut
156 2342 233 2397 enim
246 2347 323 2398 recte
333 2342 442 2397 dictum
457 2346 510 2408 est,
524 2343 583 2399 Nou
595 2343 666 2396 euim
680 2356 727 2396 vos
740 2343 804 2397 estis
817 2343 866 2410 qui
881 2342 917 2395 io·
972 2342 1040 2413 gula
1051 2340 1138 2410 bona,
1154 2344 1182 2394 et
1196 2339 1294 2394 omnia
1308 2339 1385 2393 bona
1398 2338 1489 2395 valde.

63 2432 186 2501 quimiui
201 2432 312 2501 (dietih.
328 2447 357 2499 x,
378 2431 432 2501 ιθ),
449 2430 489 2484 eis
509 2429 605 2501 quiin
623 2429 730 2502 Spiritu
745 2431 803 2485 Deo
817 2429 917 2501 loque·
1277 2426 1390 2482 CAPUT
1406 2428 1520 2484 XXXIII.

64 2516 184 2586 rentur,
199 2519 239 2573 sic
252 2522 328 2574 recte
341 2518 455 2587 dicitur,
477 2518 539 2573 Non
558 2533 608 2572 vos
627 2517 695 2573 estis
709 2517 759 2588 qui
774 2516 861 2586 scitis,
877 2517 918 2572 eis
1002 2510 1007 2516 ’
1061 2515 1304 2572 omniadeuilrito
1322 2518 1379 2571 siue
1400 2516 1433 2570 de
1448 2522 1589 2572 concreata
1607 2522 1732 2575 materia.

64 2606 119 2678 qui
131 2606 162 2661 in
172 2606 223 2661 liei
236 2606 345 2678 Spiritu
359 2607 460 2661 sciunt.
477 2605 670 2661 Nihilominus
686 2605 777 2676 igitur
788 2609 864 2660 recte
874 2605 917 2660 di·
1008 2606 1053 2660 le.
1069 2604 1199 2660 Laudent
1212 2608 1240 2658 te
1254 2619 1342 2674 opere
1365 2608 1424 2672 tua,
1453 2608 1486 2659 ut
1512 2621 1660 2672 amemus;
1687 2611 1716 2663 ct
1743 2623 1822 2662 eme·

64 2695 153 2762 citur,
170 2695 232 2750 Nou
244 2711 294 2750 ros
309 2695 375 2749 estis
390 2694 441 2765 qui
455 2693 565 2760 videtis,
583 2693 624 2748 eis
639 2693 732 2765 quiin
746 2693 853 2765 Spiritu
868 2694 918 2748 Ilei
973 2709 1038 2748 mus
1053 2697 1081 2748 te
1094 2690 1117 2762 ¹,
1130 2696 1163 2746 ut
1176 2692 1295 2747 laudent
1304 2694 1332 2746 te
1343 2708 1432 2763 opera
1442 2697 1502 2759 tua,
1511 2708 1576 2763 quae
1589 2693 1822 2752 habentinitinm

66 2783 183 2839 rident:
200 2784 241 2838 ita
254 2782 393 2854 quidquid
403 2783 432 2837 iu
442 2782 548 2854 Spiritu
564 2782 614 2836 Dei
622 2782 720 2837 rident
731 2783 799 2853 quia
810 2781 919 2837 bonum
974 2785 1003 2836 et
1017 2781 1105 2835 finem
1120 2797 1153 2834 cx
1169 2784 1307 2850 tempore,
1327 2784 1423 2834 ortum
1441 2782 1470 2832 et
1495 2795 1636 2845 occasum,
1663 2782 1823 2851 profectum

66 2876 126 2939 est;
140 2888 199 2927 nou
212 2871 279 2942 ipsi,
294 2871 343 2925 sed
356 2872 430 2925 Deus
452 2869 530 2925 videt
550 2871 618 2942 quia
640 2871 749 2925 bonum
767 2873 819 2925 est.
833 2870 920 2925 Aliud
975 2869 1166 2935 etdefectum,
1190 2867 1314 2939 speciem
1338 2871 1367 2921 et
1393 2866 1592 2936 privationem.
1619 2869 1729 2923 liabent
1754 2885 1824 2941 ergo

66 2976 139 3032 ergo
153 2964 204 3028 cst,
219 2964 250 3015 ut
260 2964 342 3031 putet
361 2960 483 3032 quisque
503 2959 612 3013 malum
632 2958 786 3031 essequod
809 2958 919 3014 bonum
972 2956 1176 3028 consequentia
1188 2971 1271 3010 mane
1287 2959 1482 3025 etresperum,
1493 2953 1740 3025 partimlatenter,
1758 2974 1822 3030 par-

68 3053 123 3116 cst,
147 3050 245 3120 quales
270 3048 425 3120 supradicti
448 3051 532 3103 suut:
554 3047 643 3117 aliud,
667 3051 699 3102 ut
718 3047 796 3119 quod
811 3047 919 3103 bouum
975 3044 1028 3099 tim
1041 3042 1197 3098 euidenter.
1212 3044 1251 3097 lie
1266 3042 1357 3097 nihilo
1372 3041 1449 3097 enim
1470 3046 1539 3110 ate,
1563 3059 1621 3099 nou
1644 3044 1679 3099 de
1701 3049 1728 3100 te
1752 3045 1825 3101 factu

69 3141 124 3204 est,
148 3137 242 3193 rideat
262 3137 349 3192 homo
367 3135 436 3207 quia
459 3137 569 3191 bouum
589 3140 646 3203 est;
671 3135 744 3190 sicut
758 3134 857 3191 multis
871 3141 921 3190 tua
976 3138 1054 3199 suut,
1070 3147 1130 3186 uon
1146 3131 1181 3186 de
1197 3130 1293 3201 aliqua
1309 3146 1369 3185 non
1390 3135 1440 3186 tua
1454 3129 1476 3198 ¹,
1490 3132 1534 3186 rel
1549 3148 1614 3203 quae
1630 3138 1712 3188 antea
1724 3134 1823 3201 fuerit,

69 3230 202 3280 creatura
224 3225 317 3296 placet
338 3225 405 3296 quia
419 3225 494 3279 bona
512 3228 565 3292 est,
587 3224 690 3296 quibus
704 3229 802 3279 tamen
814 3239 874 3279 nou
889 3226 921 3278 tu
976 3220 1027 3276 scd
1041 3220 1077 3275 de
1092 3224 1252 3287 concreata,
1271 3217 1300 3274 id
1325 3224 1367 3275 est
1394 3219 1479 3274 simul
1495 3236 1511 3274 a
1525 3225 1552 3275 te
1567 3227 1662 3277 creata
1684 3223 1825 3293 materia;

71 3313 167 3384 places
187 3313 218 3368 in
232 3328 276 3383 ea,
299 3313 376 3368 unde
389 3312 447 3368 frui
469 3312 561 3384 magis
576 3313 638 3384 Ipsa
650 3327 738 3385 quam
761 3315 788 3368 te
799 3312 920 3368 volunt:
977 3308 1045 3381 quie
1068 3308 1128 3380 ejus
1139 3307 1349 3363 informitatem
1368 3307 1429 3363 sine
1445 3307 1502 3363 nlla
1516 3309 1655 3379 temporis
1670 3309 1826 3383 interposi·

72 3401 153 3457 aliud
166 3406 273 3469 autem,
290 3404 320 3455 ut
333 3417 399 3456 cum
412 3401 522 3473 aliquid
537 3400 615 3456 ridet
628 3401 715 3457 homo
730 3401 798 3473 quia
811 3402 922 3457 bonum
977 3398 1056 3453 tione
1070 3397 1211 3452 formasti.
1227 3397 1376 3451 Nemeum
1392 3394 1470 3450 aliud
1484 3395 1521 3449 sit
1536 3397 1599 3451 coeli
1614 3401 1644 3451 et
1661 3402 1746 3452 terras
1765 3415 1827 3454 ma·

72 3496 126 3558 est,
142 3490 257 3545 Deusin
266 3491 316 3546 illo
325 3491 420 3546 rideat
432 3490 500 3561 quie
514 3490 624 3545 bonum
639 3494 695 3551 est,
706 3495 739 3545 nt
753 3489 860 3545 scilicet
873 3489 922 3544 ille
977 3485 1074 3553 teries,
1089 3485 1168 3540 aliud
1181 3484 1244 3539 coeli
1257 3488 1285 3537 et
1300 3488 1383 3538 terrra
1399 3482 1524 3553 species;
1547 3482 1698 3540 materiem
1710 3486 1828 3558 quidem

73 3583 186 3633 ametur
199 3578 231 3634 in
248 3596 281 3635 eo
300 3579 376 3651 quod
396 3578 472 3646 fecit,
493 3579 544 3649 qui
562 3594 620 3634 non
639 3583 784 3634 amaretur
802 3578 857 3633 uisi
871 3593 923 3648 per
980 3582 1015 3636 de
1030 3580 1149 3635 omuino
1165 3579 1266 3646 nihilo,
1278 3579 1380 3633 mundi
1394 3584 1491 3634 autem
1508 3580 1632 3649 speciem
1659 3581 1694 3636 de
1709 3581 1827 3638 informi

74 3666 213 3739 Spiritum
227 3672 355 3722 sanctum
371 3683 457 3739 quem
473 3666 564 3733 dedit;
582 3666 719 3738 quoniam
733 3666 857 3721 charitas
873 3665 923 3721 Dei
979 3670 1109 3737 materia,
1124 3670 1209 3724 simul
1223 3674 1320 3724 umen
1334 3674 1489 3740 utrumque
1503 3669 1605 3738 fecisti,
1628 3673 1661 3725 ut
1677 3672 1826 3727 materiam

74 3755 178 3811 diffusa
192 3758 233 3810 est
247 3756 278 3810 in
297 3755 430 3810 cordibus
445 3755 548 3810 uostris
567 3771 618 3826 per
636 3755 774 3826 Spiritum
793 3758 924 3810 sanctum
980 3760 1083 3829 forma,
1096 3759 1175 3814 nulle
1188 3774 1276 3813 morae
1290 3757 1513 3828 intercapedine,
1528 3763 1705 3831 sequeretur.

73 3844 124 3916 qui
137 3843 219 3899 datus
243 3848 286 3900 est
303 3844 386 3899 nobis
398 3846 489 3917 (Rom.
517 3860 544 3910 r,
559 3845 599 3914 5),
614 3860 665 3916 per
685 3859 772 3915 quem
792 3843 925 3900 ridemus
1192 3910 1193 3913 ¹
1287 3845 1401 3900 CAPUT
1415 3845 1525 3900 XXXIV.

74 3933 143 4005 quia
158 3933 266 3987 bonnm
289 3935 332 3987 est
350 3931 490 4004 quidquid
515 3931 611 4004 aliquo
635 3933 722 3987 modo
743 3936 800 3987 est:
821 3933 857 3987 ab
877 3932 925 3987 illo
1067 3936 1159 3990 Totius
1173 3936 1316 3990 meatiouis
1330 3933 1426 3988 muudi
1440 3934 1586 4001 allegorica
1600 3938 1744 4005 expositio.

74 4022 154 4076 enim
169 4025 222 4085 est,
237 4020 287 4092 qui
300 4036 358 4075 non
370 4020 465 4092 aliquo
477 4021 562 4075 modo
573 4025 625 4088 est,
640 4021 689 4075 sed
700 4021 774 4093 quod
785 4023 837 4089 est,
850 4018 923 4075 est¹.
1016 4025 1064 4079 ts.
1082 4021 1480 4095 Inspeximusetiampropter
1490 4037 1614 4093 quorum
1625 4023 1830 4095 figurationem

383 4109 496 4163 CAPUT
516 4109 617 4164 XXXII.
982 4112 1037 4167 ista
1048 4112 1092 4165 rel
1105 4111 1157 4166 tali
1171 4111 1269 4166 ordine
1284 4110 1357 4177 lieri,
1373 4111 1417 4164 rel
1432 4109 1592 4165 taliordine
1607 4112 1693 4166 scribi
1702 4112 1829 4179 voluisti,

271 4196 431 4268 compendio
447 4201 559 4252 marrat
577 4211 659 4266 opero
672 4198 731 4251 Det.
982 4205 1010 4255 et
1023 4199 1147 4254 vidimus
1161 4199 1229 4271 quie
1252 4198 1328 4254 bona
1351 4203 1418 4254 sunt
1432 4198 1556 4269 singula,
1583 4201 1611 4252 et
1633 4200 1730 4254 omnia
1757 4200 1832 4256 boue

111 4289 157 4342 tr.
183 4286 293 4342 Gratias
314 4285 378 4356 tibi,
403 4284 533 4340 DomIne.
558 4284 692 4339 Videmus
711 4283 815 4339 coelum
829 4288 858 4338 et
871 4288 927 4339 ter·
982 4287 1073 4353 valde,
1083 4286 1114 4340 in
1128 4287 1220 4341 Verbo
1237 4290 1298 4353 tuo,
1314 4285 1344 4340 in
1361 4287 1447 4342 Unico
1462 4291 1533 4353 tuo;
1548 4287 1652 4340 coelum
1667 4291 1696 4341 ct
1709 4289 1829 4355 terram,

75 4392 149 4442 rem,
166 4375 223 4430 sire
239 4375 414 4447 corporalem
432 4377 543 4446 partem
562 4371 738 4444 superiorem
752 4375 838 4443 atque
853 4371 927 4428 infe·
983 4379 1110 4447 caputet
1136 4389 1238 4446 eorpus
1267 4374 1408 4443 Ecclesia,
1432 4374 1462 4430 in
1489 4373 1740 4446 predestinatione
1764 4382 1830 4433 ante

76 4465 194 4530 morem,
215 4463 273 4518 sive
286 4463 470 4535 {spiritualem
494 4461 730 4532 corporalemque
745 4463 926 4530 creaturam
983 4463 1080 4519 omnia
1093 4467 1233 4535 tempora,
1245 4462 1307 4519 sine
1321 4480 1405 4520 maus
1417 4468 1581 4535 etrespera.
1598 4463 1651 4517 Ubi
1666 4467 1762 4521 autem
1772 4481 1833 4521 coe·

77 4558 164 4624 utque
177 4552 207 4606 in
222 4550 348 4607 ornatu⁸
361 4551 465 4606 harum
483 4551 610 4623 partium
629 4549 733 4622 quibus
752 4553 864 4605 constat
882 4550 927 4604 rel
982 4552 1049 4623 pisti
1068 4550 1269 4622 predestinata
1294 4549 1492 4623 temporaliter
1520 4550 1646 4621 exsequi,
1676 4556 1708 4606 ut
1723 4554 1832 4610 occulta

76 4639 430 4705 universemundimoles,
447 4640 637 4695 relquversa
651 4640 769 4695 omniuo
784 4644 927 4707 creature,
984 4640 1192 4710 manifestares,
1227 4645 1257 4695 et
1288 4637 1478 4710 incomposita
1497 4642 1595 4693 nostra
1626 4655 1831 4711 componeres;

76 4727 207 4783 ridemus
220 4729 314 4783 lucem
329 4728 443 4794 factam,
458 4728 634 4800 divisamque
649 4746 665 4784 a
681 4728 819 4784 tenebris.
839 4726 927 4782 Vide·
984 4727 1122 4800 quoniam
1138 4742 1225 4800 super
1238 4742 1291 4782 uos
1305 4729 1387 4780 eraut
1400 4727 1517 4796 peccate
1542 4728 1647 4788 nostra,
1673 4731 1702 4781 et
1721 4726 1752 4782 iu
1766 4744 1832 4800 pro·

77 4831 144 4870 murs
158 4815 373 4870 firmamentum
388 4813 471 4869 coeli:
492 4815 550 4869 sive
565 4815 640 4870 inter
658 4816 821 4887 spirituales
840 4830 929 4886 aquas
984 4815 1105 4871 fundum
1120 4815 1306 4871 tenebrosum
1316 4812 1477 4867 abieramus
1492 4812 1541 4868 abs
1551 4817 1590 4882 tc,
1600 4818 1629 4870 et
1637 4815 1759 4887 Spiritus
1767 4822 1833 4873 tuus

77 4903 240 4975 superiores
259 4909 288 4959 et
310 4904 469 4975 corporales
493 4902 643 4958 inferiores
662 4904 731 4974 (Lib.
752 4907 928 4972 instruct,
984 4905 1076 4961 bouus
1091 4903 1323 4975 superferebatur
1337 4901 1372 4956 ad
1387 4901 1616 4958 subveniendum
1627 4904 1749 4960 nobisin
1760 4908 1833 4960 tem-

77 5009 141 5063 cap.
156 5009 193 5061 vr,
208 5009 237 5047 ir.
248 4994 289 5063 ι),
304 4992 585 5063 primariumcorpus
602 4992 717 5060 muudi;
729 4993 786 5046 sire
799 4992 854 5048 hoc
866 5008 930 5065 spa·
984 5010 1055 5066 pore
1071 4997 1233 5066 opportuno
1250 5009 1257 5047 ε
1272 4995 1301 5073 et
1324 4989 1486 5061 justillcasti
1507 4991 1623 5064 impios,
1639 4997 1668 5047 et
1681 4992 1833 5049 distinxisti

78 5082 154 5137 tium
169 5081 252 5148 aeris,
273 5081 342 5152 quia
356 5084 384 5135 et
397 5080 451 5135 hoc
464 5084 580 5136 vocatur
594 5081 708 5147 eoelum,
724 5095 775 5153 per
788 5081 865 5153 quod
881 5096 929 5134 va·
985 5099 1034 5138 eos
1050 5081 1084 5137 ab
1098 5080 1204 5152 iniquis
1216 5097 1223 5148 ;
1239 5083 1268 5135 et
1282 5077 1411 5134 solidasti
1425 5080 1624 5135 auctoritatem
1639 5080 1714 5136 Libri
1727 5080 1769 5135 tui
1793 5081 1835 5137 in·

80 5173 186 5243 gantur
195 5168 322 5223 volatilia
339 5168 403 5223 coeli
416 5169 491 5223 iuter
509 5184 597 5240 aquus
617 5183 682 5240 quae
703 5167 875 5239 vaporaliter
889 5168 931 5223 eis
985 5174 1029 5225 ter
1045 5168 1207 5240 superlores
1220 5167 1272 5239 qui
1286 5166 1339 5222 tibi
1364 5165 1502 5222 docibiles
1522 5172 1625 5231 essent,
1640 5170 1669 5222 et
1686 5166 1835 5224 inferiores

80 5258 311 5329 superferuntur,
323 5261 351 5311 et
359 5256 467 5312 serenis
481 5257 567 5311 ctiam
578 5255 822 5324 noctibusrorant‚
837 5260 865 5312 et
879 5256 930 5312 has
986 5257 1037 5330 qui
1050 5259 1090 5312 eis
1100 5255 1307 5324 subderentur;
1322 5258 1352 5310 et
1365 5256 1544 5328 congregasti
1558 5255 1721 5311 socletatem
1734 5255 1835 5314 inlide-

113 5384 121 5417 ¹
139 5380 201 5431 liad.
216 5381 273 5430 dm.
287 5381 330 5430 Er.
345 5381 424 5440 Losa,
437 5380 599 5444 complaces.
1019 5378 1116 5442 ¹Augl.
1130 5379 1207 5438 bles,
1221 5381 1244 5427 ei
1256 5391 1407 5430 amemuro
1422 5382 1455 5435 te.

112 5443 188 5494 ’δια
202 5449 243 5494 est
255 5451 302 5500 est,
314 5442 390 5506 iuxta
407 5445 418 5491 l
434 5444 495 5492 blas.
509 5442 578 5505 apud
592 5442 666 5491 uteri.
698 5442 733 5492 bl.
1018 5441 1085 5489 ²lte
1101 5442 1161 5490 bles.
1175 5445 1201 5491 et
1214 5441 1277 5491 Aru.
1291 5457 1298 5503 ;
1314 5441 1485 5493 rittodum.
1499 5441 1540 5490 Er.
1554 5440 1615 5491 bor.
1629 5439 1789 5496 habentium
1804 5443 1837 5495 de

115 5504 437 5570 miseriammiseriar
454 5503 689 5568 blesepudllart.
721 5504 755 5554 bl.
831 5534 832 5537 =
992 5501 1185 5567 taritaticum
1199 5504 1294 5564 datae,
1308 5507 1359 5566 oct,
1374 5507 1424 5554 etc.
