3884 6112
61 200 134 255 tlte

60 337 108 377 sus
129 320 194 375 dnm
214 319 338 376 conderet
364 319 469 376 urbem.
492 321 662 389 Lattopenus
678 320 749 376 unde
771 319 910 376 bonnam.

61 413 153 480 Atque
164 410 227 464 alte
240 411 337 463 meum
351 409 452 463 Roma.
469 411 501 464 D.
517 408 774 464 manifestissimum
788 413 839 463 est.

98 502 124 552 t.
140 500 181 553 Μ.
201 497 334 568 Quinque
350 496 439 568 igitur
453 499 480 551 et
495 501 605 569 septem
621 496 779 568 semipedes
798 511 912 552 versum

60 586 209 641 heroicum
226 584 256 639 in
272 585 328 639 duo
342 584 471 639 membra
482 585 656 654 partiuntur,
672 601 757 656 quem
773 601 821 640 sex
834 582 914 656 pedi·

60 675 115 730 bus
128 677 335 745 quaternorum
344 672 831 744 temporumconstarenotissimum
846 668 911 726 est¹:

66 762 171 817 etsine
197 761 389 816 concinnitate
417 760 536 833 quidem
563 761 685 815 duorum
705 759 912 825 membrorum,

63 850 122 905 sive
136 848 199 915 iste,
219 848 277 903 sive
292 848 389 919 aliqua
403 848 459 903 alia
482 864 580 903 versus
606 848 702 904 nullus
724 852 775 902 est.
799 849 830 903 ln
851 846 914 918 qui·

62 941 116 995 bus
130 938 264 993 omnibus
278 939 332 992 boc
348 938 420 992 ratio
436 937 642 993 demonstravit
655 953 716 993 esse
730 935 912 1003 servandum,

62 1031 95 1082 nt
110 1043 168 1080 non
183 1025 271 1098 possit
285 1041 351 1096 pars
365 1025 445 1096 prior
459 1026 488 1080 in
501 1026 669 1098 posteriore,
685 1028 714 1080 et
726 1024 869 1096 posterior
883 1022 914 1077 in

61 1116 159 1187 priore
170 1115 231 1169 loco
247 1114 325 1185 poni.
340 1113 421 1180 Quod
436 1114 459 1169 si
474 1115 557 1169 aliter
568 1114 664 1181 fuerit,
688 1129 746 1168 non
768 1114 829 1185 jam
850 1128 912 1166 ver·

63 1220 121 1269 sus,
151 1203 206 1257 nisi
237 1202 363 1256 nominis
390 1203 538 1268 abusione,
571 1202 705 1269 dicetur;
730 1201 786 1256 erit
818 1207 913 1255 autem

60 1291 215 1362 rhythmus
230 1295 258 1345 et
271 1294 406 1357 metrum,
423 1290 521 1362 qualia
536 1289 680 1344 rarissime
695 1288 790 1360 longis
810 1287 912 1342 carmi-

62 1379 149 1434 nibus
159 1379 340 1450 interponere
355 1395 420 1450 qua·
434 1378 563 1433 versibus
578 1381 779 1445 contexuntur,
795 1392 854 1430 non
869 1375 915 1429 in-

63 1469 199 1524 decorum
213 1472 256 1522 est
271 1485 277 1523 :
295 1470 379 1540 quale
394 1469 470 1523 idem
487 1467 582 1539 ipsum
597 1467 729 1539 estquod
748 1466 834 1537 paulo
848 1470 913 1519 ante

64 1557 303 1612 commemorari:
316 1557 577 1613 Cornuuuelotorum
583 1558 712 1610 vertimus
722 1559 912 1609 antennarum.

63 1645 255 1711 Quamobrem
272 1661 330 1699 non
344 1644 417 1699 mihi
431 1659 609 1699 versusexeo
620 1644 780 1716 appellatus
790 1641 912 1708 ridetur,

61 1738 95 1787 ut
110 1732 243 1788 nonnulli
257 1736 369 1804 putant,
382 1732 460 1805 quod
474 1735 579 1787 aeerto
596 1731 654 1786 line
665 1732 701 1786 ad
714 1730 841 1802 ejusdem
856 1745 913 1784 uu·

61 1821 137 1876 meri
149 1824 235 1892 eaput
248 1821 370 1889 reditur,
386 1826 417 1875 ut
428 1836 534 1875 nomen
549 1819 667 1875 ductum
680 1819 717 1874 sit
730 1817 809 1873 abiis
823 1817 914 1890 quise

62 1914 178 1966 vertunt
191 1911 259 1966 dum
274 1909 320 1964 via
331 1910 465 1976 redeunt3
482 1925 550 1965 nam
564 1909 619 1964 hoc
633 1908 675 1964 illi
689 1925 754 1964 cum
768 1907 812 1963 his
827 1907 914 1961 etiam

61 1999 172 2068 metris,
186 2015 251 2070 quas
266 2014 362 2053 versus
375 2001 519 2064 nonsunt,
536 2001 654 2070 apparet
669 2013 730 2052 esse
746 2011 912 2051 commune:

62 2088 115 2144 sed
145 2088 236 2160 magis
262 2087 419 2142 fortassee
441 2085 584 2141 eontrmio
608 2101 714 2141 nomen
730 2084 849 2151 invenit,
872 2087 914 2138 ut·

63 2176 308 2249 quemadmodum
323 2174 504 2247 grammatici
517 2174 664 2246 deponens
678 2174 798 2229 verbum
813 2173 915 2244 quodr

61 2265 190 2319 litteram
204 2280 263 2319 non
277 2262 405 2334 deponit,
420 2261 505 2316 sicuti
520 2266 571 2333 est,
586 2264 684 2331 lucror,
702 2266 742 2329 et,
757 2277 914 2333 conqueror,

62 2353 302 2425 appellaverunt3
318 2352 358 2406 ita
372 2351 448 2423 quod
459 2351 570 2406 duobus
585 2350 722 2405 membris
736 2350 834 2417 confit,
845 2366 914 2421 quo·

62 2457 130 2496 rum
145 2443 281 2496 neutrum
296 2439 328 2494 in
347 2439 465 2495 alterius
480 2440 542 2494 loco
556 2440 632 2494 selva
646 2440 709 2511 lege
726 2453 915 2494 numerorum

63 2528 258 2596 constituitur,
279 2527 348 2600 quia
370 2527 443 2582 verti
464 2542 522 2581 non
543 2530 645 2598 potest,
669 2543 767 2581 versus
788 2529 913 2581 vocetur.

61 2617 120 2673 Sed
133 2617 299 2672 utramlibet
317 2617 421 2672 harum
436 2616 577 2688 originem
594 2614 724 2670 vocabuli
731 2619 762 2670 tu
771 2614 839 2670 licet
850 2630 915 2686 pro-

61 2705 127 2772 bes,
143 2706 187 2759 vel
212 2709 363 2777 utramque
391 2704 547 2776 improbes,
575 2703 703 2758 atellam
718 2719 839 2774 quaeras,
865 2706 916 2756 aut

61 2795 232 2848 contemnes
242 2807 355 2847 mecum
369 2795 463 2846 totum
473 2791 527 2846 boc
539 2788 706 2862 questionis
720 2805 827 2860 genus;
841 2787 915 2843 nibil

61 2881 100 2936 ad
127 2881 180 2935 hoc
201 2886 315 2952 tempus
337 2880 472 2952 pertinet.
501 2881 571 2935 Cum
593 2877 671 2933 enim
694 2877 761 2932 satis
781 2893 827 2932 res
848 2877 911 2947 ipsa

62 2985 131 3041 qua
145 2970 197 3024 boc
211 2969 328 3024 nomine
354 2968 541 3040 significatur,
570 2969 717 3038 appareat,
736 2981 796 3021 non
823 2969 866 3020 est
880 2965 915 3020 de

62 3057 145 3112 verbi
159 3057 247 3130 stirpe
273 3057 472 3112 laborandum.
500 3054 560 3111 Nisi
575 3054 644 3126 quid
667 3054 755 3109 babes
780 3053 816 3108 ed
842 3053 914 3122 boec.¹

792 195 900 254 masa
919 193 1083 264 omarus,

1745 202 1814 257 lttto

1002 323 1028 377 d.
1055 323 1088 376 n.
1117 321 1220 376 Vemm
1247 319 1326 376 dicis.
1357 319 1450 386 Quare
1477 321 1564 377 aliem
1590 322 1708 378 termini
1725 325 1813 396 hujus

966 412 1065 464 notam
1081 410 1265 481 quaerendam
1284 425 1345 465 esse
1367 414 1496 479 autumo,
1511 427 1571 466 non
1599 411 1672 466 hanc
1696 428 1761 484 que
1783 412 1815 469 iu

967 498 1093 567 spondeo
1106 496 1225 569 ponitur
1249 496 1473 568 approbandam.
1501 500 1540 554 Μ.
1566 499 1640 563 Quid
1653 500 1729 554 hoc‘t
1743 516 1814 556 num

966 584 1089 651 dubitas,
1118 600 1307 656 quacumque
1335 585 1388 639 ista
1419 585 1466 653 sit,
1491 590 1541 641 aut
1574 587 1604 641 in
1631 587 1714 658 pedis
1741 604 1814 656 esse,

967 679 1016 729 aut
1030 673 1060 728 in
1075 673 1213 744 temporis
1234 673 1404 738 differentia,
1422 678 1473 728 aut
1499 674 1530 729 in
1554 678 1677 747 utroque
1687 677 1702 730 ‘t
1714 679 1747 732 D.
1761 674 1816 741 Oui

967 763 1049 817 aliter
1062 764 1229 833 potest‘llt.
1253 762 1327 827 Quid
1355 762 1472 816 tandem
1499 761 1604 817 borum
1631 763 1720 818 trium
1746 780 1814 835 pro-

966 850 1038 905 basi
1066 851 1124 922 Ego
1152 850 1239 920 enim,
1270 850 1407 922 quoniam
1435 849 1561 921 idipsum
1587 850 1671 906 finire
1699 867 1813 907 versum

966 956 1002 994 ne
1029 939 1152 1010 longius
1171 955 1258 1011 quam
1283 943 1396 1011 oportet
1432 943 1573 1003 excurrat,
1601 955 1660 993 aon
1690 939 1815 1010 pertinet

966 1027 1022 1082 nisi
1034 1029 1071 1083 ad
1085 1028 1222 1098 temporis
1236 1028 1356 1083 modum
1370 1045 1378 1095 ;
1394 1044 1452 1083 non
1467 1028 1591 1083 arbitror
1600 1028 1715 1083 aliunde
1729 1027 1814 1082 istem

967 1120 1064 1171 notam
1080 1117 1183 1172 debere
1199 1117 1273 1172 sumi
1287 1133 1375 1188 quam
1388 1133 1423 1171 ex
1437 1121 1581 1188 tempore.
1605 1121 1647 1172 An
1663 1116 1715 1171 tibi
1737 1115 1815 1171 aliud

967 1204 1079 1274 placet?
1106 1208 1138 1261 D.
1153 1206 1214 1259 lmo
1241 1205 1391 1259 assentior.
1417 1207 1454 1260 Μ.
1478 1205 1598 1260 Videsne
1622 1204 1709 1259 etiam
1732 1203 1814 1269 illud,

968 1308 1033 1347 cum
1045 1297 1159 1364 tempus
1184 1292 1230 1347 hic
1247 1291 1437 1348 differentiam
1452 1292 1558 1347 habere
1568 1309 1627 1347 non
1642 1292 1743 1364 possit,
1759 1291 1814 1366 nisi

968 1381 1044 1450 quod
1057 1380 1134 1436 aliud
1149 1385 1191 1435 est
1206 1379 1330 1451 longius,
1348 1379 1425 1434 aliud
1436 1380 1549 1435 brevius
1562 1401 1570 1447 ;
1589 1379 1657 1452 quia
1672 1396 1737 1434 oum
1752 1394 1815 1433 ver-

967 1484 1016 1523 sus
1035 1467 1144 1535 finitur,
1160 1469 1189 1523 id
1206 1468 1350 1538 agiturne
1370 1472 1472 1538 pergat
1492 1468 1615 1539 longius,
1640 1466 1816 1522 inbreviare

968 1560 1095 1626 tempore
1107 1558 1203 1611 notam
1215 1555 1347 1610 tinisesse
1357 1556 1514 1626 oportere?
1529 1559 1563 1612 D.
1586 1555 1673 1611 Video
1686 1554 1813 1627 quidem:

968 1645 1019 1699 sed
1034 1661 1090 1716 quo
1106 1645 1230 1716 pertinet
1242 1645 1318 1717 quod
1331 1644 1459 1702 additum
1485 1647 1537 1710 est,
1553 1645 1626 1700 llic?
1645 1646 1682 1699 Μ.
1706 1643 1745 1697 Eo
1759 1641 1816 1696 soi-

966 1733 1033 1788 licet
1047 1734 1123 1805 quod
1138 1749 1196 1789 non
1216 1732 1324 1805 ubique
1345 1733 1482 1806 temporis
1506 1732 1697 1787 differentiam
1710 1731 1740 1785 in
1756 1730 1817 1784 sola

966 1821 1105 1876 brevitate
1120 1837 1152 1876 ao
1165 1821 1346 1893 longitudine
1376 1821 1541 1893 accipimus.
1558 1823 1603 1875 An
1614 1824 1645 1874 tu
1663 1817 1769 1874 estatis
1784 1833 1817 1871 ae

968 1909 1071 1965 hiemis
1084 1910 1286 1978 differentiam,
1303 1914 1353 1965 aut
1378 1926 1439 1966 esse
1453 1908 1593 1982 temporis
1607 1924 1705 1979 negas,
1721 1910 1771 1961 eut
1784 1905 1815 1960 in

968 1997 1060 2068 spatio
1074 1998 1170 2069 potius
1184 1997 1315 2053 breviore
1330 1999 1374 2053 vel
1386 1996 1527 2068 longiore,
1543 2012 1576 2051 ac
1590 2011 1648 2051 non
1667 1994 1697 2049 ia
1721 1993 1750 2047 vi
1763 1993 1815 2047 tri-

969 2084 1045 2155 goris
1061 2085 1219 2155 calorisque
1233 2085 1391 2151 constituis,
1406 2084 1451 2138 vel
1465 2082 1595 2138 humoris
1607 2086 1636 2137 et
1649 2080 1781 2137 siccitatis
1795 2082 1817 2151 ¹,

968 2176 997 2228 et
1010 2172 1034 2226 si
1048 2173 1117 2245 quid
1130 2173 1186 2228 tale
1201 2172 1300 2228 aliud?
1314 2176 1347 2229 D.
1363 2174 1426 2229 lam
1440 2171 1582 2242 intelligo,
1598 2176 1627 2225 ot
1640 2171 1713 2225 hanc
1728 2185 1816 2242 quam

969 2261 1126 2333 quaerimus
1135 2260 1252 2316 termini
1266 2266 1375 2329 notam,
1387 2277 1404 2316 a
1417 2259 1555 2332 temporis
1565 2259 1702 2314 brevitate
1715 2258 1818 2314 ducen-

970 2351 1036 2405 dam
1050 2366 1109 2405 esse
1124 2351 1283 2408 consentio.

1003 2443 1032 2493 7.
1047 2440 1085 2494 Μ.
1100 2439 1223 2494 Attende
1247 2438 1336 2510 igitur
1357 2438 1434 2494 hunc
1461 2453 1586 2503 versum,
1609 2439 1699 2503 ltoma,
1723 2437 1818 2501 ltoma,

969 2542 1045 2582 cerae
1058 2532 1163 2596 quanto
1184 2530 1221 2582 sit
1235 2528 1313 2582 deum
1328 2527 1492 2596 benignitus,
1506 2525 1556 2597 qui
1571 2525 1732 2582 trochaicus
1746 2523 1817 2578 dici-

969 2619 1027 2682 tur,
1043 2621 1071 2670 et
1085 2616 1186 2671 metire
1199 2615 1292 2685 illum,
1308 2620 1394 2687 atque
1416 2614 1559 2685 responde
1586 2613 1661 2685 quod
1677 2611 1820 2667 inveneris

970 2704 1004 2759 de
1020 2704 1157 2758 membris
1172 2704 1234 2775 ejus
1262 2709 1290 2758 et
1315 2719 1435 2758 numero
1449 2702 1565 2773 pedum.
1581 2704 1613 2757 D.
1637 2702 1677 2755 lle
1698 2700 1818 2772 pedibus

970 2791 1089 2864 quidem
1103 2791 1186 2847 iecils
1200 2791 1397 2862 responderim
1412 2807 1420 2845 ι
1436 2791 1528 2861 liquet
1542 2789 1619 2844 enim
1642 2804 1691 2843 eos
1709 2790 1817 2858 septem

970 2885 999 2935 et
1012 2880 1098 2935 semis
1114 2896 1183 2934 esse.
1203 2880 1242 2934 lle
1269 2877 1407 2935 membris
1432 2884 1529 2932 autem
1555 2893 1616 2932 non
1640 2877 1707 2930 satis
1720 2879 1820 2946 aperta

971 2984 1016 3023 res
1029 2972 1071 3023 est
1084 2985 1091 3033 ;
1109 2967 1207 3023 multis
1220 2967 1298 3022 enim
1311 2966 1380 3021 locis
1393 2971 1504 3038 partem
1524 2964 1661 3020 orationis
1675 2962 1752 3019 liniri
1778 2961 1818 3016 vi-

971 3057 1024 3112 deo
1040 3074 1047 3111 :
1063 3060 1262 3111 verumtamen
1287 3055 1391 3127 opinor
1410 3070 1470 3109 esse
1482 3053 1567 3109 istam
1581 3052 1766 3124 partitionem
1788 3050 1819 3105 in

63 3143 174 3218 D.'Ego
187 3162 255 3202 vero
270 3145 353 3212 nibil,
371 3145 421 3200 scd
433 3160 521 3216 perge
536 3143 572 3199 ad
588 3146 701 3198 catera.

173 3234 287 3291 CAPUT
299 3234 344 3288 IV.
356 3263 391 3275 -
412 3236 552 3288 Terminus
565 3247 691 3288 umanum
702 3231 807 3286 nomm.

971 3149 1069 3199 octavo
1084 3144 1240 3216 semipede,
1256 3148 1289 3199 ut
1302 3143 1467 3216 precedens
1481 3143 1645 3198 membmm
1665 3139 1709 3202 sit,
1723 3143 1818 3203 Romo,

969 3236 1063 3300 Romo,
1078 3249 1154 3288 cerne
1168 3237 1290 3304 quanta3
1306 3233 1481 3305 subsequens
1506 3236 1602 3287 eutem
1612 3230 1738 3286 sitdeum
1748 3229 1821 3284 beni-

103 3325 131 3376 5.
149 3324 186 3378 Μ.
203 3322 338 3393 Sequitur
363 3326 396 3376 ut
410 3323 444 3376 de
459 3338 557 3376 versus
578 3320 702 3375 termino
726 3317 915 3390 requiremus.
969 3324 1071 3390 enites.
1097 3324 1135 3378 Μ.
1159 3322 1233 3387 Quot
1259 3321 1418 3394 semipedes
1444 3320 1554 3376 habet?
1569 3323 1602 3376 li.
1626 3319 1751 3390 Septem.
1781 3319 1819 3373 Μ.

64 3411 140 3466 Nam
155 3415 183 3465 et
197 3411 274 3477 bunc
288 3410 385 3481 aliqua
395 3409 557 3465 differentia
566 3404 914 3480 notatumatqueinsigni·
971 3412 1035 3482 Ipsa
1051 3411 1124 3466 ratio
1134 3415 1162 3465 te
1173 3410 1253 3466 duxit
1267 3410 1396 3466 omnino.
1412 3410 1483 3465 Cum
1497 3409 1573 3464 enim
1588 3408 1662 3463 nibil
1677 3407 1713 3461 sit
1726 3422 1821 3476 ceque-

63 3504 130 3554 tum
141 3515 204 3553 esse
219 3500 381 3566 voluerunt,
397 3499 440 3552 vel
456 3497 552 3570 potius
568 3497 631 3568 ipsa
644 3495 728 3551 ratio.
745 3497 790 3550 ltn
810 3502 841 3549 tu
857 3509 916 3547 non
970 3499 1049 3553 litate
1064 3499 1179 3566 melius,
1192 3514 1314 3571 eamque
1329 3496 1520 3553 individendo
1534 3500 1667 3568 appetere
1677 3497 1818 3565 oporteat;

64 3586 213 3642 arbitreris
223 3586 325 3642 melius
341 3602 400 3641 esse
415 3590 448 3640 ut
461 3585 537 3652 tinis,
554 3601 611 3657 quo
626 3583 786 3656 provolutio
802 3580 916 3636 numeri
970 3587 995 3641 si
1007 3585 1379 3658 minuspotueritobtineri,
1389 3584 1520 3639 vicinitas
1530 3584 1592 3654 ejus
1604 3582 1817 3654 querendaest,

63 3679 223 3744 coercetur,
238 3691 297 3730 non
322 3674 491 3746 perturbata
505 3677 669 3745 temporum
684 3670 857 3744 equalitate,
873 3672 915 3723 te·
969 3691 1007 3730 ne
1024 3675 1059 3730 ab
1072 3691 1106 3730 aa
1120 3674 1234 3746 longius
1256 3673 1432 3728 aberremus.
1457 3673 1555 3743 ltaque
1582 3686 1648 3725 eum
1662 3669 1709 3725 bic
1722 3684 1820 3723 versus

62 3765 156 3817 men*
175 3762 317 3831 emineat;
338 3761 465 3835 quamsi
482 3777 547 3816 cum
571 3761 681 3816 caeteris
699 3759 829 3832 partibus
851 3774 916 3830 quoe
971 3779 1071 3819 omnes
1097 3762 1263 3836 quindecim
1293 3761 1451 3833 semipedes
1478 3760 1593 3824 habeat,
1629 3774 1689 3814 non
1723 3756 1821 3829 potuit

63 3851 155 3905 tinem
166 3867 223 3905 non
240 3849 357 3917 iaciunt,
373 3850 588 3906 confundatur?
602 3853 634 3906 D.
658 3849 726 3916 Quis
739 3847 850 3903 dubitat
864 3847 917 3902 boc
971 3852 1082 3925 aequius
1094 3868 1181 3925 quam
1196 3851 1227 3907 in
1238 3855 1300 3906 octo
1314 3855 1342 3905 et
1357 3855 1467 3922 septem
1481 3848 1568 3904 dividi
1583 3865 1589 3904 :
1605 3863 1673 3904 nam
1687 3846 1820 3903 eamdem
1913 3900 1919 3911 ,

64 3955 127 3996 esse
142 3939 255 4009 melius,
273 3938 350 4010 quod
362 3942 405 3993 est
416 3938 602 3994 evidentius?
617 3939 652 3994 Μ.
664 3938 818 3994 Considera
837 3953 916 4008 ergo,
971 3946 1013 3997 est
1027 3942 1058 3997 in
1073 3945 1181 4014 septem
1195 3944 1223 3995 et
1235 3943 1299 3995 octo
1313 3938 1453 3995 vicinitas.
1465 3939 1520 3994 Sed
1536 3938 1576 3995 ita
1590 3953 1649 3993 non
1659 3939 1821 3991 servaretur

64 4031 165 4082 utrum
180 4031 255 4082 recte
269 4026 413 4098 insignem
421 4026 510 4081 linem
524 4042 623 4081 versus
637 4025 744 4080 heroici
758 4025 917 4097 spondeum
971 4034 1039 4085 notu
1054 4029 1119 4084 finis
1128 4029 1159 4084 in
1174 4033 1303 4100 tempore
1316 4027 1457 4095 breviore,
1473 4030 1505 4081 nt
1520 4042 1585 4081 eam
1592 4024 1762 4080 servandam
1774 4039 1820 4078 ra·

63 4115 168 4188 pedem
183 4115 299 4186 quidam
314 4131 374 4170 esse
389 4114 541 4170 voluerint.
571 4115 643 4169 Nam
657 4113 687 4167 in
704 4113 831 4184 quinque
853 4112 917 4167 aliis
970 4119 1011 4174 tio
1035 4119 1097 4189 ipsa
1118 4117 1249 4188 praecipit
1265 4132 1272 4171 :
1288 4131 1355 4170 nem
1370 4116 1394 4170 si
1418 4115 1482 4170 talis
1505 4130 1603 4168 versus
1628 4117 1712 4179 esset,
1736 4114 1821 4167 Roma

64 4203 138 4259 loeis
152 4205 197 4258 vel
210 4203 287 4258 huuc
298 4204 342 4258 vel
359 4203 501 4275 dactylum
518 4203 583 4258 licet
596 4217 722 4274 ponere;
744 4201 774 4254 in
794 4199 852 4255 fine
866 4216 916 4255 au·
971 4222 1047 4261 eene
1073 4210 1176 4275 quanto
1202 4208 1240 4260 sit
1266 4205 1317 4259 tibi
1339 4204 1418 4259 deam
1445 4205 1606 4270 benignitus,
1636 4205 1668 4255 ut
1682 4199 1821 4270 inciperet

64 4297 196 4347 temnon
210 4293 266 4347 nisi
287 4292 447 4364 spondeum
460 4308 540 4359 ;nem
551 4289 917 4362 quodtrochaeumputant,
971 4294 1134 4349 membrum
1160 4293 1191 4346 in
1218 4292 1263 4347 his
1277 4291 1472 4362 semipedibus
1499 4294 1618 4360 septem,
1644 4291 1730 4344 Roma
1743 4303 1820 4342 cerne

64 4382 187 4452 propter
199 4379 421 4435 indifferentiam
447 4380 480 4435 fit
493 4379 602 4434 ultimae
625 4377 751 4449 syllaba,
767 4377 801 4432 de
816 4393 873 4448 qua
888 4377 918 4431 in
972 4387 1075 4451 quanto
1088 4384 1135 4449 sit,
1152 4385 1180 4435 ot
1203 4380 1234 4434 in
1249 4379 1295 4434 his
1323 4384 1386 4434 octo
1401 4381 1525 4434 alterum
1539 4376 1753 4441 terminaretur,
1768 4375 1821 4429 tibi

65 4468 166 4524 metris
180 4469 248 4524 satis
267 4468 355 4524 locuti
374 4484 482 4523 sumus.
499 4468 555 4523 Sed
579 4467 736 4522 seeundum
754 4465 917 4521 hosiambi-
974 4476 1053 4529 deum
1065 4473 1232 4542 benignarum
1244 4475 1528 4543 nonpossetvarsum
1543 4468 1666 4539 semipes
1677 4465 1819 4532 claudero;

65 4573 116 4612 0¹1³
131 4556 259 4610 senarius
287 4560 410 4610 autnon
426 4556 481 4610 orit
507 4571 613 4619 versus,
630 4560 681 4610 aut
704 4556 759 4611 erit
778 4555 840 4610 sine
863 4555 919 4609 ista
972 4567 1035 4617 octo
1052 4561 1131 4616 enim
1145 4560 1305 4632 semipedes
1321 4563 1445 4632 quatuor
1456 4558 1583 4627 integros
1596 4556 1684 4627 pedes
1702 4555 1819 4610 iaciunt.

68 4643 137 4699 fluis
150 4643 307 4699 eminentia
319 4661 325 4699 :
337 4649 492 4716 utrumque
504 4647 599 4700 aulem
611 4644 767 4700 absurdum
783 4649 835 4700 θεῖ·
847 4645 918 4700 Nam
969 4641 1062 4707 Simul
1078 4649 1216 4704 incideret
1227 4648 1283 4705 alia
1297 4646 1473 4714 deformitas,
1490 4649 1522 4700 ut
1536 4659 1594 4698 non
1605 4644 1721 4698 eosdem
1734 4644 1821 4714 pedes

64 4747 162 4804 neque
180 4732 333 4804 quisquam
347 4748 487 4802 unquam,
503 4732 561 4787 sive
576 4732 809 4787 doctissimorum
823 4731 917 4786 homi·
971 4740 1002 4795 in
1016 4738 1146 4794 membro
1172 4742 1300 4793 extremo
1329 4752 1401 4807 quos
1426 4735 1456 4789 in
1479 4733 1573 4805 primo
1598 4732 1776 4799 metiremur,
1792 4738 1821 4787 et

66 4837 148 4886 num,
164 4820 222 4875 sive
235 4821 428 4884 mediocriter,
442 4821 584 4874 ueletiam
599 4821 724 4876 tenuiter
738 4821 918 4876 eruditorum
971 4828 1051 4902 prins
1061 4827 1224 4883 membrum
1232 4825 1329 4896 potius
1341 4822 1473 4885 liniretur
1485 4827 1552 4877 nota
1563 4821 1702 4876 brevioris
1713 4825 1821 4893 tempo·
1917 4814 1925 4823 '

64 4925 181 4980 ”Num
196 4924 258 4963 0³³0
279 4908 427 4974 dubitavit,
447 4909 576 4964 Phaselut
591 4911 636 4963 ille
653 4925 730 4978 quem
750 4909 849 4964 videtis
871 4911 917 4964 hv·
973 4918 1021 4984 ris,
1036 4917 1065 4972 id
1089 4920 1132 4970 ast
1145 4913 1302 4985 semipede,
1332 4926 1418 4984 qiram
1447 4909 1600 4982 posterius,
1626 4905 1820 4964 cuih'octinis

64 5001 151 5069 spites
165 4996 328 5070 (Cututlm);
348 5001 376 5051 et
391 4997 532 5068 quidquid
547 4997 577 5052 in
592 4997 684 5052 verbis
699 5002 742 5052 est
756 4997 807 5052 tali
819 5013 919 5053 nume·
968 5007 1035 5077 jrrre
1049 5003 1179 5081 debetur.
1198 5003 1269 5056 Nam
1285 5000 1314 5056 in
1329 4999 1378 5054 illo
1397 5004 1454 5054 tres
1477 4998 1597 5053 trochei
1620 4997 1716 5065 semis,
1735 4999 1821 5052 Roma

66 5086 183 5140 rositate
198 5087 355 5141 formatum
371 5101 378 5139 ε
396 5085 598 5156 et¹gravissimi
612 5088 742 5140 auctores
756 5100 789 5139 eo
804 5100 861 5156 quo
872 5100 918 5156 pe
971 5109 1048 5149 neme
1062 5095 1166 5163 quanta
1182 5092 1236 5144 sit:
1251 5088 1280 5143 in
1296 5088 1349 5142 hoe
1364 5090 1488 5160 quatuor
1502 5086 1590 5142 iambi
1605 5086 1819 5151 scanderentur,

64 5173 207 5240 artissimi,
222 5174 335 5229 nultum
352 5173 412 5227 sine
427 5172 535 5245 insigni
548 5173 606 5228 ane
619 5188 733 5227 versum
755 5173 918 5244 putandum
973 5183 1024 5238 sits
1034 5179 1285 5247 momentaneas.
1296 5177 1376 5232 Nunc
1384 5191 1450 5230 vero
1466 5175 1639 5231 attractans
1653 5172 1683 5228 in
1696 5176 1819 5243 utroquo

66 5278 129 5318 0⁵³0
143 5267 326 5317 censuerunt·
972 5270 1101 5325 membro
1116 5265 1288 5332 scandimus,
1308 5269 1336 5320 et
1350 5263 1494 5336 semipede
1510 5278 1608 5318 versus
1622 5259 1773 5326 clauditur,
1787 5263 1820 5314 ut

972 5357 1056 5428 spatii
1070 5355 1207 5410 brevioris
1221 5357 1318 5409 notam
1339 5354 1478 5408 terminus
1491 5356 1594 5409 teneat.
1609 5351 1679 5404 Nam
1703 5350 1770 5402 sunt
1789 5348 1820 5403 iu

100 5386 107 5419 ¹
125 5386 322 5448 mamaeam
337 5386 386 5444 ‘⁸²'
396 5387 474 5447 lum
490 5383 573 5438 vm·
590 5383 624 5431 Μ·
1004 5445 1052 5493 un
1067 5445 1112 5501 a,
1123 5442 1167 5493 vn
1179 5441 1431 5494 suentensem
1442 5453 1475 5490 ax
1488 5438 1536 5488 sn.
1551 5439 1581 5493 a.
1596 5440 1621 5486 a
1633 5433 1767 5485 aceram.
1784 5436 1818 5506 u.

99 5447 109 5480 ἲ
128 5447 390 5510 liene,ju1tal¹'atic.
408 5446 442 5494 Μ.
