3884 6112
68 177 132 233 ilci
745 175 793 232 DE
812 174 899 234 vira
918 174 1126 236 amulrici.
1749 183 1819 242 ¹462

65 313 254 380 personarum
268 297 368 351 volunt
383 311 480 352 carere
502 297 663 364 consortio;
685 313 820 380 cumque,
836 299 914 371 quod
967 300 1080 356 CAPUT
1103 300 1204 357 XXXll.
1221 330 1254 342 -
1286 303 1354 358 Vere
1369 302 1505 370 discretio,
1520 305 1599 360 curui
1611 308 1732 362 animum
1740 321 1815 378 pra·

66 372 144 426 dictu
162 368 242 423 nefas
265 371 317 434 est,
344 369 445 423 eodem
469 369 573 422 lectulo
602 368 737 423 cubantes
757 373 833 424 mter
856 385 914 425 am·
1332 388 1439 443 ponere.

65 442 165 513 plexus
180 443 208 494 et
223 440 317 493 oscula
333 438 434 493 desua
452 439 580 494 castitate
597 455 627 494 se
646 439 745 494 dicunt
758 455 819 496 esse
833 456 913 495 secu·
1003 444 1067 496 llaec
1081 441 1144 497 dico
1160 446 1192 496 ut
1206 441 1419 511 discretionem,
1444 460 1509 516 quae
1526 444 1657 502 omnium
1675 446 1812 504 virtutum

64 509 913 652 itt.itt{taciturnitatitttthtttttl
965 513 1711 642 tuttiattinentiisinlitu‘l
1724 523 1812 600 mm·

64 652 170 732 talibus
197 650 305 717 miseri,
332 651 436 723 quibus
463 667 528 705 cum
556 650 639 733 ιιοιιιιΙ
664 651 782 733 sceleris
809 668 911 724 perpe·
966 599 1812 728 rumissuentisiorumfamiliaiiiaiematiuemneviliffib

63 724 159 778 trandi
182 722 429 803 faentinaaduue
454 726 553 777 manet
573 738 604 802 ιιι
631 737 693 802 ipsa
716 722 844 778 loeditate
872 725 912 779 la·
965 724 1041 780 intra
1056 730 1146 780 metas
1171 726 1343 780 necessarias
1357 725 1557 794 cohibeamus;
1572 727 1728 800 qniasoepe
1742 729 1811 785 false

64 797 163 876 cultas,
192 794 255 847 Non
280 797 401 863 quiescit
422 797 470 847 tur
490 809 505 874 ι
529 792 714 857 desiderium,
740 793 870 865 quamvis
885 794 912 849 ei
966 796 1084 851 nemine
1103 795 1281 850 discretionis
1300 796 1452 868 palliamus
1475 797 1626 868 negotium
1646 799 1810 870 voluptatis.

64 865 206 946 frigiditas
221 863 456 945 negetetiectum.
471 810 574 944 §idest
587 868 685 943 tamen
699 868 796 946 utrum
811 880 910 920 verum
966 868 1037 921 Vera
1052 866 1127 921 enim
1148 865 1279 921 discretio
1298 873 1341 921 est
1356 867 1482 921 animam
1497 868 1576 922 carni
1588 884 1768 938 praeponere,
1784 875 1813 925 et

63 937 149 1001 dicat,
165 939 214 988 aut
226 938 382 988 mentiatur
395 940 532 1015 imquitas
545 934 608 1000 sihi,
624 934 731 988 etdum
747 939 848 989 mtitur
861 951 910 992 ve·
966 937 1015 991 uhi
1030 937 1207 1007 periclitatur
1221 942 1354 1008 utraque,
1376 954 1428 992 nec
1446 939 1507 992 sine
1522 938 1686 1008 hujusmodi
1700 939 1812 996 incom-

63 1007 123 1061 lare
147 1021 249 1085 unum,
272 1005 376 1075 duplex
397 1021 427 1059 in
449 1020 479 1059 se
496 1005 599 1086 prodat
621 1004 762 1075 llagitinm
781 1021 868 1061 :cum
882 1010 911 1062 et
966 1008 1052 1063 modo
1075 1008 1118 1062 illi
1140 1013 1233 1079 potest
1253 1009 1328 1062 salus
1353 1007 1573 1078 consistere,pro
1590 1008 1667 1063 illius
1688 1008 1812 1065 utilitate

63 1078 123 1132 iere
136 1077 296 1144 decrepitos
305 1074 646 1156 nocturnumlahquando
656 1077 766 1146 plasma
783 1076 909 1144 deludat,
965 1078 1049 1133 istam
1064 1079 1220 1150 negligere.
1235 1080 1300 1133 llaec
1312 1078 1434 1134 diximm
1443 1083 1476 1133 ut
1489 1083 1596 1160 quanta
1607 1078 1659 1134 tihi
1668 1080 1771 1135 debeat
1780 1079 1811 1135 in

64 1151 94 1228 ct
108 1152 268 1228 emortuam
289 1151 464 1202 senectutem
481 1150 649 1201 intestinum
663 1146 717 1202 hoc
733 1146 842 1203 malum
857 1164 911 1203 sai-
965 1150 1171 1205 consideranda
1198 1149 1333 1231 pudicitia
1357 1165 1417 1205 esse
1441 1149 1613 1216 sollicitudo,
1637 1150 1810 1206 adverteres.

62 1235 129 1290 pius
144 1222 299 1288 inquietet.
383 1289 389 1301 .
965 1221 1034 1286 Qua
1053 1236 1117 1274 cum
1132 1235 1263 1274 omnium
1278 1220 1415 1275 virtutum
1431 1220 1482 1274 llos
1505 1220 1543 1275 sit
1556 1224 1583 1275 et
1597 1226 1811 1290 ornamentum,

63 1290 177 1345 CAPUT
195 1289 283 1343 XXlX.
297 1316 332 1328 -
353 1289 436 1355 virne
451 1302 554 1356 semper
567 1287 673 1357 pauido
687 1303 715 1343 se
728 1288 792 1358 ipsc
803 1291 910 1344 muniat
964 1292 1025 1345 sine
1040 1290 1203 1345 hnmilitate
1218 1296 1315 1345 tanien
1331 1296 1391 1344 arat
1405 1294 1490 1361 atque
1504 1289 1663 1346 marcescit.

318 1358 394 1413 uerbi
408 1361 457 1413 Dei
471 1358 654 1413 meditatione.
1009 1362 1122 1416 caput*
1137 1361 1249 1415 XXXlll.
1265 1391 1299 1400 —
1315 1364 1352 1416 Dc
1365 1363 1494 1430 superbio
1509 1362 1602 1431 atejus
1616 1361 1763 1431 speciebus.

98 1432 147 1491 Te,
173 1445 266 1497 soror,
294 1445 444 1500 nunquam
469 1430 533 1509 volo
559 1444 620 1483 esse
644 1444 786 1495 securam;
807 1429 856 1484 sed
875 1429 910 1484 ti·
1000 1433 1235 1487 Hocestcertnm
1249 1431 1468 1486 haudsecurum
1482 1437 1663 1502 peccatorum
1679 1431 1811 1488 omnium
1849 1468 1853 1475 x

62 1517 142 1583 mere
150 1515 319 1581 semperque
328 1505 407 1554 tuam
419 1500 603 1570 fragilitatem
617 1499 723 1554 habere
736 1503 907 1580 suspectam,
964 1501 1195 1564 fundamentum,
1211 1518 1246 1556 ax
1261 1501 1394 1573 quoquid
1417 1501 1465 1556 uid
1481 1501 1809 1573 aedilicas,ruinaepatst.

61 1573 98 1628 ad
120 1577 209 1626 instar
227 1572 338 1651 pavidas
360 1570 499 1625 columbas
520 1571 702 1641 frequentare
725 1586 801 1625 rivos
819 1586 907 1641 aqua·
965 1518 1525 1643 lnitiumomnispeccatisuperbiaque
1538 1572 1673 1643 angelum
1685 1572 1809 1642 decoelo,

62 1659 138 1724 rum,
154 1648 182 1697 et
195 1642 277 1727 qnasi
296 1658 327 1697 in
345 1643 460 1712 speculo
484 1641 626 1722 accipitris
640 1656 757 1696 cernere
772 1656 907 1712 supervo·
963 1644 1111 1699 hominem
1134 1643 1169 1697 de
1191 1642 1323 1712 paradiso
1348 1643 1464 1713 expulit
1487 1642 1577 1713 llans
1597 1642 1729 1713 pessimae
1744 1659 1811 1699 cum

61 1713 146 1769 lentis
170 1714 306 1784 elligieni,
332 1717 360 1766 ct
381 1728 490 1767 cavere.
511 1712 574 1766 ltivi
597 1727 737 1781 aquarum
758 1712 908 1766 sententias
964 1714 1048 1768 multi
1069 1714 1126 1767 sint
1148 1713 1237 1779 rami;
1255 1727 1355 1766 omnes
1376 1717 1473 1767 tamen
1488 1712 1518 1766 in
1533 1712 1724 1783 duasspecies
1737 1713 1809 1769 divi·

62 1790 128 1839 sunt
151 1785 373 1854 scripturarum,
395 1798 460 1853 quac
483 1781 518 1835 de
541 1781 741 1852 limpidissimo
761 1781 907 1852 sapientise
963 1785 1081 1848 duntur,
1096 1783 1126 1837 in
1145 1783 1287 1837 carnalem
1306 1782 1412 1836 scilicet
1429 1786 1457 1838 et
1478 1782 1668 1853 spiritualem.
1683 1783 1810 1839 Carnalis

61 1856 139 1911 lente
152 1854 328 1925 protluentes
341 1851 548 1906 diabolicarum
556 1852 773 1922 suggestionum
781 1852 909 1921 produnt
963 1854 1097 1925 superbie
1107 1856 1148 1907 est
1164 1852 1383 1919 decennalibus,
1399 1852 1555 1925 spiritualis
1569 1856 1611 1907 est
1625 1852 1659 1907 de
1674 1853 1809 1934 spiritua·

61 1925 218 2006 imaginem
246 1928 274 1978 et
303 1938 506 2003 sensumque
534 1926 696 2002 caveantur,
726 1926 756 2002 et
780 1922 905 1977 eludant.
962 1924 1039 1979 lihus
1051 1923 1207 1996 superbire.
1233 1923 1359 1979 Carnalis
1376 1928 1474 2004 postea
1488 1923 1603 1978 induas
1618 1922 1809 1980 subdividitur

63 1995 140 2052 Nihil
159 2011 236 2049 enim
256 2009 347 2074 magis
369 1997 559 2072 cogitationes¹
579 1991 703 2046 excludit
723 1993 840 2048 inutiles
863 1993 907 2048 vel
962 1994 1135 2067 species1in
1152 1994 1315 2049 'acmntiam
1328 1993 1443 2059 scilicet,
1460 1998 1489 2049 et
1503 1993 1668 2049 vanitatem.
1694 1993 1809 2050 Vanitas

61 2065 216 2137 compescit
230 2065 367 2130 lascivias,
384 2078 471 2135 qnam
485 2062 634 2118 meditatio
647 2062 728 2117 verbi
749 2063 809 2129 llei,
829 2063 906 2134 quod
962 2071 1015 2133 est,
1030 2065 1055 2120 si
1070 2064 1172 2121 ancila
1188 2064 1291 2120 Christi
1310 2065 1387 2120 intus
1401 2064 1432 2120 in
1447 2064 1544 2120 animo
1558 2080 1609 2118 suo
1624 2063 1764 2136 glorietur
1777 2081 1808 2121 se

62 2137 102 2194 sic
115 2136 151 2192 ad
162 2136 291 2191 animum
303 2151 386 2190 suum
400 2134 481 2206 virgo
496 2133 581 2188 dehet
594 2147 765 2199 assuescere,
781 2139 814 2188 nt
828 2133 907 2190 aliud
962 2136 1106 2192 nobilibus
1121 2141 1212 2191 ortam
1234 2135 1390 2202 natalibus;
1406 2135 1431 2190 si
1445 2150 1474 2190 se
1488 2134 1595 2190 divitiis
1609 2138 1807 2207 paupertatem

60 2209 171 2289 nolens,
187 2223 245 2262 non
259 2206 348 2278 possit
362 2205 439 2260 alind
457 2204 598 2285 meditari.
616 2203 758 2284 ngitanti
778 2203 814 2285 dc
830 2205 907 2260 Scri·
983 2207 1121 2263 sustulisse
1148 2222 1200 2277 pro
1223 2205 1332 2262 Christo
1351 2206 1522 2272 delectatum
1538 2205 1562 2259 si
1575 2221 1605 2262 se
1628 2205 1807 2278 pauperiori·

81 2284 153 2359 turis
168 2294 285 2359 somnus
299 2277 425 2348 obrepat,
443 2277 592 2357 Evigilanti
606 2290 733 2356 primum
748 2275 855 2347 aliquid
871 2276 906 2331 dc
961 2224 1016 2334 bns
1033 2277 1065 2333 in
1091 2276 1309 2349 ignobilioribus
1332 2277 1469 2359 praeteris
1492 2280 1629 2343 conetur3
1646 2276 1671 2331 si
1686 2292 1716 2331 se
1738 2293 1807 2333 con·

61 2295 683 2489 832¹}ss‘ssssrf'ssffissffss’effiffiffotfflff⁰¹⁸
703 2346 843 2401 memoria
855 2345 907 2401 ali-
961 2349 1110 2472 tempsisse
1124 2348 1245 2402 divitum
1257 2352 1384 2419 nuptias,
1395 2346 1478 2419 quasi
1485 2345 1594 2419 aliquid
1608 2362 1748 2420 magnum
1758 2347 1807 2402 ad·

232 2437 242 2473 i
615 2456 621 2469 .
961 2435 1034 2474 mire
1048 2436 1091 2474 ur.

62 2437 175 2547 RAPUT
198 2492 271 2546 XXX.
296 2520 330 2529 -
354 2490 453 2546 contro
468 2502 511 2542 eos
532 2489 580 2556 qui
596 2489 714 2554 narrem
736 2487 906 2543 abstinentia
961 2490 1075 2546 CAPUT
1094 2489 1203 2545 XXXIV.
1222 2517 1252 2528 -
1273 2489 1314 2542 De
1332 2487 1452 2558 quodum
1468 2488 1738 2557 specieocnitctv'sin
1751 2487 1807 2543 cei·

78 2578 132 2617 non
146 2562 354 2631 amplectuntur,
378 2575 411 2614 ue
426 2560 545 2628 comosus
562 2559 717 2625 inaquosam
732 2559 885 2612 incurrent.
1165 2560 1226 2614 tuta
1241 2561 1407 2628 cratoriique
1420 2559 1595 2613 ornamentis.

96 2632 152 2688 Sed
163 2630 279 2702 quidam
295 2646 312 2684 a
326 2629 498 2684 salutaribus
508 2627 857 2683 excercitiisretrahuntnr
868 2627 904 2682 ti·
996 2632 1045 2685 Est
1065 2630 1152 2685 etiam
1176 2628 1308 2699 quadam
1338 2629 1446 2708 species
1468 2627 1601 2682 vanitatis
1624 2626 1655 2682 in
1677 2627 1808 2684 affectata

59 2719 151 2770 more,
166 2718 202 2757 nc
218 2701 348 2755 videlicet
370 2706 487 2780 propter
508 2698 626 2753 nimiam
645 2698 847 2753 abstinentiam
860 2698 904 2752 vel
960 2701 1057 2781 aliqua
1071 2697 1293 2770 pulchritudine,
1318 2704 1405 2753 etiam
1419 2698 1495 2752 intra
1509 2697 1642 2752 cellulam
1656 2697 1805 2765 delectari;

59 2769 799 2900 imm?,imffiffiffljffi,iisscssflffissssnissssffmfiffle’,⁰2
812 2768 853 2892 {lta
864 2769 906 2892 qi·
960 2775 1082 2842 parietes
1096 2769 1184 2893 variiq
1194 2768 1313 2850 picturis
1328 2773 1356 2822 et
1367 2767 1632 2892 celaturitsaprnqrm
1647 2766 1806 2892 oratorlilnm

59 2859 492 2991 nbbiiauinapeccatis’nostris
515 2910 607 2974 Quam
630 2908 715 2989 pauci
735 2855 905 2964 suntchsgdlib
959 2852 1712 2976 pqplpiqrulilqsiepmiquqlgppiiiplioevcapqqmqa'cqqqrara
1765 2853 1807 2892 m

59 3002 131 3057 qnos
156 2985 220 3039 talis
243 2983 336 3038 fervor
359 2981 474 3053 ignivit!
505 2981 609 3036 Omnes
628 2984 772 3048 sapientes
795 2995 904 3046 sumus,
978 2927 1091 3038 carui
1113 2980 1212 3036 XXXV.
1232 2982 1384 3036 -ltursus
1402 2979 1435 3034 de
1456 2978 1575 3048 quedam
1593 2979 1672 3033 inani
1686 2977 1785 3046 glorio.

26 3089 28 3093 ·
58 3072 158 3112 omnes
172 3054 294 3128 providi,
309 3069 407 3107 omnes
418 3051 532 3107 discreti
548 3066 554 3105 :
570 3049 669 3121 procul
681 3049 833 3104 oderamus
847 3051 906 3106 bel·
996 3053 1056 3117 Qua
1069 3051 1146 3106 enim
1160 3051 1253 3105 fronte
1269 3050 1303 3105 de
1318 3049 1423 3105 divitiis
1442 3048 1485 3104 val
1501 3048 1641 3103 natalibus
1664 3047 1805 3120 gloriaris,

59 3128 131 3193 lum,
145 3131 173 3181 et
188 3126 227 3180 sic
241 3124 373 3179 morbum
386 3121 515 3193 corporis
530 3125 685 3191 antequam
697 3121 905 3188 sentiatur,ior-
960 3139 1025 3195 quse
1039 3122 1117 3177 illins
1139 3120 1182 3175 vis
1197 3137 1302 3192 sponsa
1315 3120 1416 3189 videri,
1437 3120 1488 3190 qui
1510 3135 1620 3191 pauper
1638 3119 1729 3174 factus
1750 3123 1803 3185 est,

59 3198 216 3264 midamus;
234 3196 441 3264 utlangnorem
452 3192 651 3263 animaequem
663 3196 833 3262 presentem
844 3209 906 3247 sen·
960 3210 1026 3249 cum
1040 3196 1114 3248 esset
1127 3192 1214 3257 dives,
1231 3207 1385 3263 pauperem
1402 3197 1533 3258 matrem,
1548 3204 1706 3261 pauperem
1720 3189 1802 3244 funii·

59 3269 154 3330 timus,
170 3266 263 3322 territi
279 3266 467 3337 negligamus,
485 3262 567 3335 quasi
580 3261 758 3316 tolerabilius
772 3263 809 3317 sit
822 3263 905 3317 llam·
960 3265 1039 3330 liam,
1051 3264 1171 3319 domum
1181 3262 1267 3317 etiam
1278 3262 1482 3333 pauperculam
1488 3266 1517 3316 et
1527 3259 1658 3342 praesepii
1667 3259 1805 3315 vilitatem

59 3355 136 3394 main
160 3336 295 3403 lihidinis,
320 3351 406 3408 qnam
427 3336 534 3390 ventris
550 3333 672 3388 tolerare
688 3332 831 3405 rugitum3
856 3337 906 3388 aut
960 3336 1066 3407 elegit?
1079 3335 1158 3389 ltane
1168 3332 1349 3404 gloriandum
1364 3332 1416 3387 tibi
1425 3336 1477 3398 est,
1491 3332 1567 3404 quod
1579 3333 1629 3386 Dei
1639 3331 1743 3386 Filium
1751 3330 1805 3385 ho·

59 3411 150 3466 multo
165 3408 267 3463 melius
281 3406 318 3461 sit
337 3406 473 3461 continuo
488 3406 627 3475 languore
643 3403 735 3458 carnis
758 3404 847 3458 vitare
863 3404 904 3458 la·
960 3406 1072 3461 minum
1086 3404 1154 3460 liliis
1166 3403 1327 3474 praetulisti,
1343 3403 1417 3484 quod
1433 3402 1537 3457 laedam
1556 3416 1669 3456 carnem
1684 3416 1737 3469 pro
1749 3401 1804 3455 rir-

58 3480 183 3542 sciviam
209 3494 295 3550 quam
320 3493 422 3532 sanum
444 3475 657 3530 etincolumem
678 3473 708 3528 in
734 3475 795 3545 ejus
813 3475 905 3546 redigi
960 3476 1202 3548 ginitatisdecoie
1226 3474 1368 3545 sprevisti,
1389 3473 1465 3545 quod
1483 3470 1679 3527 aeternascoeli
1693 3470 1806 3527 divitias

59 3552 234 3607 servitutem.
252 3548 323 3613 Quid
339 3547 417 3602 enim
427 3546 546 3600 interest
559 3550 657 3599 utrum
672 3545 852 3612 abstinentia,
869 3562 906 3599 an
961 3552 1047 3618 atque
1061 3545 1177 3601 delicias
1190 3543 1333 3616 martyriis
1352 3547 1514 3598 sanctorum
1529 3540 1735 3598 commutasti?

59 3624 197 3694 languore
212 3636 277 3675 caro
297 3618 464 3689 superbiens
480 3616 693 3687 comprimatur,
709 3614 823 3670 castitas
837 3632 905 3670 con·
961 3617 1074 3674 CAPUT
1088 3616 1201 3672 XXXVl.
1221 3645 1255 3656 -
1269 3617 1311 3670 De
1325 3617 1489 3670 ornamentis
1506 3616 1639 3669 uirtutum
1654 3612 1805 3683 pestruen-

60 3692 206 3748 servetur?
224 3690 278 3746 Sed
300 3688 439 3754 remissio,
459 3687 563 3758 inquit,
578 3685 703 3740 cavenda
717 3689 767 3749 est,
784 3701 820 3740 ne
835 3686 905 3741 torta
1353 3685 1406 3741 dis.

58 3763 206 3820 occasione
216 3759 577 3817 infirmitatisincnrramus
587 3755 904 3828 illecebrasvoluptatis.
996 3758 1025 3814 Si
1038 3756 1171 3829 gloriaris
1184 3755 1215 3811 in
1230 3756 1363 3821 Domino,
1378 3753 1483 3810 servias
1498 3753 1522 3808 ci
1543 3768 1607 3808 cum
1622 3752 1737 3809 limma.
1752 3751 1806 3808 Sed

58 3835 142 3889 Certe
156 3834 179 3888 si
193 3835 321 3903 languet,
338 3830 362 3884 si
378 3833 510 3899 aegrotat,
525 3828 549 3882 si
565 3830 735 3898 torquentur
748 3826 867 3894 viscera,
882 3826 907 3881 si
960 3829 1040 3884 illam
1054 3833 1081 3883 te
1092 3827 1152 3882 noli
1162 3826 1244 3898 quasi
1255 3828 1308 3881 suh
1322 3825 1415 3897 specie
1426 3824 1585 3880 devotionis
1596 3823 1678 3896 sequi
1686 3823 1807 3895 gloriam

59 3904 162 3960 arescit
176 3903 346 3965 stomachus,
362 3900 498 3974 quaslibet
511 3897 621 3954 deliciae
633 3899 714 3953 oneri
721 3897 812 3970 magis
823 3902 908 3954 erunt
961 3901 992 3954 in
1007 3898 1137 3971 picturis,
1160 3897 1204 3951 vel
1226 3897 1389 3968 sculpturis,
1413 3896 1443 3952 in
1458 3895 1561 3967 pennis
1574 3894 1681 3961 avium,
1697 3893 1742 3949 vel
1756 3893 1805 3949 he·

83 3992 150 4030 nam
163 3973 354 4035 delectationi,
962 3971 1082 4024 stiarum
1102 3972 1151 4023 aut
1170 3967 1347 4023 diversorum
1362 3968 1468 4022 florum
1490 3965 1665 4037 imaginihus
1678 3963 1804 4020 variatis.

61 3993 270 4103 EXPUTXXXl.
282 4075 316 4084 --
326 4047 365 4100 De
375 4043 540 4099 adolescente
552 4043 725 4110 resipiscente
735 4044 760 4095 ct
770 4040 908 4096 Christum
962 4041 1024 4096 Sint
1037 4041 1099 4096 haec
1113 4040 1239 4108 illorum,
1283 4038 1313 4093 ui
1332 4037 1403 4093 nihil
1418 4038 1506 4103 intus,
1521 4037 1551 4090 in
1566 4052 1623 4106 qno
1637 4035 1806 4107 glorientur,

329 4115 397 4170 tora
416 4117 511 4169 mortis
524 4113 642 4167 vidente.
962 4109 1236 4176 hahentes,exterins
1250 4125 1263 4162 s
1295 4108 1490 4177 icomparant,
1507 4109 1538 4161 in
1551 4105 1656 4189 quihus
1668 4105 1808 4160 delecten-

98 4184 162 4240 Vidi
174 4185 332 4251 hominem,
351 4184 476 4257 quicum
490 4182 658 4254 poenitentia
671 4195 733 4247 sua,
749 4179 777 4234 vi
791 4195 908 4235 consue·
964 4187 1018 4237 tur.
1042 4182 1135 4238 Omnis
1149 4181 1238 4247 parm
1260 4179 1319 4248 ejus
1335 4177 1401 4249 fida
1422 4179 1493 4245 rents
1507 4177 1542 4231 ab
1556 4181 1640 4243 sutus,
1651 4177 1681 4229 in
1692 4175 1808 4244 fimbriis

59 4257 169 4313 tudinis
192 4272 355 4327 oppressus,
380 4255 525 4309 continere
542 4269 600 4307 non
614 4255 723 4323 posset,
737 4251 853 4305 taudem
878 4251 907 4305 in
963 4253 1054 4307 αινιιι
1068 4251 1271 4305 circumamictu
1282 4247 1471 4303 uemetutibus.
1488 4245 1517 4302 Si
1530 4245 1733 4316 autemlujain
1748 4243 1809 4298 lilia

62 4345 92 4383 se
112 4343 240 4383 reversus
254 4343 339 4398 snpra
353 4327 471 4380 modum
487 4324 603 4378 eruhuit
619 4340 626 4377 :
643 4325 672 4376 et
689 4336 753 4375 mex
768 4321 910 4376 concaluit
963 4321 1039 4392 regis
1059 4337 1100 4388 es,
1119 4324 1219 4390 utpote
1240 4318 1293 4374 filii
1309 4318 1384 4390 regis
1404 4333 1517 4389 sponsa,
1543 4315 1632 4371 Patris
1655 4330 1690 4369 ue
1709 4329 1808 4369 vocem

63 4415 113 4454 cor
136 4399 197 4469 ejus
218 4399 294 4452 intra
313 4413 389 4463 eum,
410 4402 437 4450 et
463 4396 493 4449 in
512 4392 696 4449 meditatione
720 4392 782 4462 ejus
805 4392 910 4446 exarsit
964 4391 1081 4457 audisti,
1097 4389 1227 4454 dicentis,
1242 4389 1330 4458 Audi,
1347 4390 1417 4461 filio,
1434 4392 1460 4444 et
1472 4386 1544 4452 uide,
1560 4391 1585 4440 et
1598 4331 1705 4442 inditae
1717 4401 1828 4440 summ·

62 4469 148 4539 ignis.
166 4468 272 4523 Deinde
286 4467 437 4522 salubriter
450 4466 573 4520 irascens
588 4463 653 4528 sihi,
669 4462 828 4517 invectione
843 4478 909 4533 gra·
964 4469 1039 4519 tunm
1055 4462 1167 4534 (Psclm.
1180 4477 1254 4528 xciv,
1267 4462 1309 4528 ll,
1323 4464 1366 4528 li,
1378 4461 1435 4526 ll);
1451 4457 1487 4513 sit
1500 4462 1549 4511 tua
1562 4456 1655 4510 omnis
1669 4455 1761 4527 gloria
1773 4454 1808 4508 ah

62 4539 179 4593 sissima
187 4539 271 4593 irruit
284 4539 312 4593 in
324 4554 352 4592 sc
361 4539 465 4607 ipsum,
477 4541 505 4590 et
519 4536 627 4591 bellum
641 4533 770 4587 indicens
784 4533 907 4603 corpori,
965 4535 1053 4604 intus,
1067 4532 1131 4587 vida
1145 4535 1179 4585 ut
1193 4531 1284 4603 gloria
1299 4536 1349 4585 tua
1363 4530 1399 4585 sii
1417 4527 1613 4583 testimoninm
1627 4525 1809 4582 conscientias

64 4609 150 4663 etiam
166 4609 192 4663 ei
207 4626 271 4680 quae
282 4606 627 4669 necessariavidehantur,
644 4603 760 4658 ademit.
772 4603 911 4659 Successit
965 4609 1031 4660 tuae.
1044 4603 1087 4658 lbi
1100 4602 1137 4657 sit
1151 4599 1343 4673 pulcherrima
1353 4600 1490 4654 virtutum
1502 4597 1632 4652 varietas.
1648 4595 1690 4652 lbi
1705 4595 1811 4651 diversi

64 4679 187 4750 gravitas
216 4678 335 4744 levitati,
363 4677 528 4748 loquacitati
552 4676 707 4730 silentium.
734 4675 823 4728 Nemo
843 4690 910 4729 eum
966 4676 1075 4730 colores
1090 4671 1326 4738 sicconveniant,
1341 4674 1370 4724 et
1385 4666 1674 4741 sicjungantnrsibi,
1693 4666 1810 4721 utalte·

64 4754 162 4822 postea
177 4749 246 4803 vidit
256 4746 556 4820 jocantein,ridentem
571 4761 656 4801 nemo
666 4745 910 4815 conspexit,iicmo
966 4746 1026 4800 rius
1035 4743 1277 4816 pulchritudinem
1287 4741 1359 4795 alter
1369 4744 1486 4812 angeat;
1500 4738 1589 4864 etqui
1602 4737 1633 4792 in
1646 4741 1811 4793 suanatura

65 4836 100 4874 ex
123 4835 171 4873 ore
193 4821 254 4889 ejus
269 4819 392 4874 otiosum
411 4833 574 4873 sermonem
592 4816 709 4872 audivit.
727 4817 911 4886 Temporales
966 4816 1063 4871 minus
1081 4815 1166 4877 lucet,
1183 4812 1299 4868 alterius
1313 4811 1465 4866 collatione
1485 4809 1541 4864 luci
1564 4809 1606 4863 ior
1623 4812 1768 4880 appareat.

65 4889 281 4954 consolationes,
299 4893 327 4943 et
341 4889 479 4960 quidquid
492 4888 571 4943 carni
591 4903 676 4943 suave
691 4887 853 4958 putabatur,
870 4886 912 4941 ita
967 4886 1079 4943 carui
1101 4884 1224 4940 XXXVll.
1248 4913 1283 4924 -
1308 4883 1481 4951 Persequitur
1508 4879 1541 4935 de
1568 4882 1702 4935 uirtutum
1729 4893 1810 4934 crnc-

65 4959 237 5031 contempsit
248 4966 277 5014 et
289 4960 446 5024 exhorruit,
460 4964 492 5014 ut
507 4959 614 5013 nullam
629 4957 684 5014 sibi
698 4957 909 5028 requiem,nnl·
1337 4955 1443 5007 mentis.

66 5033 123 5086 lam
137 5031 166 5085 in
182 5031 245 5085 cibo
264 5032 309 5085 vel
330 5036 399 5102 potu
415 5029 639 5085 consolationem
653 5028 804 5099 indulgere
823 5028 849 5083 ei
864 5044 912 5098 pa·
1002 5028 1145 5097 iungatur
1167 5023 1288 5079 castitati
1306 5022 1462 5088 humilitas,
1479 5024 1508 5077 et
1521 5019 1594 5076 nihil
1609 5020 1663 5075 erit
1683 5015 1811 5098 splendi-

65 5108 185 5157 teretnr.
209 5101 420 5172 cogitationum
441 5117 557 5156 suarum
576 5100 616 5155 ita
639 5100 912 5153 sollicitusetscru-
968 5097 1043 5152 dius.
1070 5095 1232 5152 Prudentia
1256 5095 1379 5150 societur
1401 5091 1576 5162 simplicitas,
1606 5094 1634 5145 et
1661 5087 1732 5142 nihil
1757 5091 1814 5141 erit

66 5173 183 5244 pulosns
196 5179 266 5238 erat,
288 5178 319 5226 ut
333 5171 363 5226 iii
375 5173 427 5227 lioc
443 5174 503 5228 solo
518 5170 625 5226 nimius
637 5169 791 5226 videretur.
807 5169 848 5223 lta
862 5169 911 5223 de·
968 5167 1100 5224 lucidius.
1116 5166 1154 5222 Co
1176 5167 1273 5221 ulatur
1285 5163 1478 5220 misericordia
1489 5161 1617 5234 justitiis,
1626 5162 1662 5239 fit.
1673 5156 1744 5239 nihil
1759 5156 1814 5238 erit

66 5243 154 5299 misso
168 5243 251 5297 vultu
271 5243 417 5324 oculisque
440 5242 555 5313 dejectis
570 5241 672 5310 stabat,
692 5240 817 5306 sedebat,
831 5244 864 5294 ut
877 5239 912 5293 ti·
969 5238 1092 5293 suavius.
1107 5183 1188 5291 edis
1202 5235 1361 5291 tortitudini
1371 5233 1550 5296 modestiam,
1562 5235 1590 5285 et
1605 5229 1676 5284 nihil
1689 5231 1743 5282 erit
1757 5232 1814 5282 uti-

66 5330 148 5370 mens
163 5319 191 5368 ct
204 5319 329 5368 tremens
348 5313 450 5369 divinis
466 5313 657 5368 tribunalibus
671 5310 816 5366 videretur
829 5310 912 5364 assis·
968 5309 1034 5363 lius.
1051 5309 1083 5363 ln
1097 5306 1150 5361 hac
1161 5306 1297 5361 varietate
1312 5310 1369 5361 tusa
1381 5303 1486 5360 mentis
1497 5302 1594 5357 oculos
1608 5315 1723 5369 occupa.
1736 5298 1814 5353 lianc

66 5391 135 5440 tere.
145 5383 260 5439 Talibus
270 5383 626 5465 armisgloriosumretulit
637 5383 671 5437 de
681 5386 803 5453 tyranno
814 5380 913 5435 trium·
968 5379 1000 5433 in
1015 5378 1174 5434 animatus
1188 5376 1268 5431 omni
1281 5376 1375 5432 studio
1389 5376 1481 5431 torma
1496 5390 1502 5426 :
1520 5372 1566 5425 cui
1581 5369 1605 5424 si
1618 5368 1746 5425 fimbrias
1762 5383 1813 5423 au·

67 5456 168 5528 phum.
199 5456 268 5510 Nam
304 5454 503 5526 gravissimum
530 5453 670 5509 stomachi
695 5453 845 5507 incurrens
871 5451 914 5505 iii-
968 5466 1032 5504 reas
1046 5448 1143 5514 addas,
1160 5451 1265 5503 vestem
1279 5445 1490 5519 polymitamin
1504 5446 1601 5521 quate
1615 5455 1735 5512 sponsus
1748 5455 1814 5494 cum

67 5527 250 5582 commodum
280 5533 344 5598 post
371 5524 537 5581 diuturnum
563 5526 743 5596 languorem,
769 5538 835 5578 cum
850 5521 913 5594 jam
970 5535 1083 5576 summa
1103 5518 1255 5575 dilectione
1274 5516 1441 5590 conspiciat,
1467 5511 1613 5592 texuisti:
1639 5510 1753 5566 llmhria
1769 5524 1816 5565 ex·

68 5598 251 5654 dormitionis
266 5598 412 5670 ejusaem
425 5595 561 5664 instaret;
576 5595 654 5666 Sine,
676 5594 780 5669 inquit,
798 5609 862 5650 ecce
875 5593 919 5648 ie·
972 5595 1065 5646 hema
1087 5606 1164 5662 pars,
1188 5589 1269 5662 qnasi
1290 5588 1356 5645 linis
1379 5592 1422 5642 est
1434 5582 1612 5650 vestimentu
1626 5582 1702 5638 llinis
1726 5584 1816 5636 cutem

68 5684 117 5727 sos
131 5667 218 5725 venit.
972 5664 1103 5733 precemi
1116 5661 1236 5718 cientes
1247 5664 1287 5717 est
1298 5659 1332 5715 de
1345 5657 1423 5714 corde
1432 5658 1550 5727 parad
1565 5653 1727 5710 comeicnttc
1735 5651 1815 5716 tono,
