3884 6112
83 264 146 333 581*
188 236 196 245 ι
420 315 423 319 ,
513 258 708 315 ADMONthl)
731 261 774 314 DE
799 261 935 317 DUOBUS
954 260 1274 325 RFTRACTATIONUM
1296 265 1417 322 trabis.
1634 329 1635 332 ,
1793 279 1845 330 582

83 383 335 439 adhucmuadanse
347 385 488 453 sementia
502 382 621 450 deditas,
638 384 726 452 rnapis
746 383 931 439 delectabatur
945 385 1054 439 botuns
1075 386 1206 454 Platonis,
1229 401 1311 455 quarn
1334 386 1494 454 Aueosttni.
1513 389 1582 443 Cum
1601 407 1669 445 vero
1694 399 1758 462 post
1772 395 1844 450 diras

85 472 176 526 ferme
192 487 303 525 menses
320 471 448 526 Boetinm
460 470 495 526 de
507 470 705 527 Consolatione
718 471 911 542 Philosophiae
926 472 1072 545 discipulis
1086 479 1255 547 pretegeus‚
1271 475 1305 530 ad
1321 481 1454 547 quartum
1470 476 1586 545 librum,
1599 479 1628 531 in
1638 496 1694 550 quo
1710 481 1744 535 de
1755 482 1844 537 libero

88 560 222 615 arbritrio
238 559 363 627 disserit,
383 559 560 630 pervenisset
571 579 578 626 3
590 561 756 615 recordatus
771 561 861 633 empti
875 561 950 628 libri,
965 567 1058 618 uocato
1077 565 1259 618 ministrosuo
1274 565 1424 632 iusstteurn
1438 565 1491 619 sibi
1500 565 1613 633 deterri.
1628 569 1718 622 tectis
1732 570 1843 627 duabus

88 650 214 705 tribusve
229 648 353 719 paginis,
369 648 529 703 convocatis
544 649 721 704 scholaribus
736 650 805 718 suis,
819 653 896 719 Vero,
913 650 1016 722 inquit,
1028 651 1156 706 bostonus
1170 654 1297 719 ignoraui
1308 654 1592 721 Augustinum‘tanta
1609 660 1717 728 tamque
1727 659 1841 715 detecta·

87 739 153 792 trilis
164 740 251 805 naisso
264 737 413 804 facundia.
430 737 607 808 Perlegendn
629 738 745 793 tertium
769 738 886 805 libram,
902 740 932 794 in
946 740 1039 794 virum
1055 741 1175 795 alterum
1187 746 1324 807 mutatus,
1338 743 1447 797 scholas
1460 744 1601 814 paulatim
1617 745 1733 813 deserit,
1750 749 1841 804 eccle-

86 826 162 881 siam
190 826 361 898 frequentat,
379 842 411 879 ac
431 825 548 879 demum
563 826 666 879 saeculo
682 826 816 880 nuntium
831 827 961 883 remittit.
983 829 1046 883 tlaec
1062 845 1094 883 er
1111 829 1283 885 herimanno
1295 831 1467 885 tornacensi
1482 833 1622 888 monacho
1637 833 1772 891 discimus
1788 839 1840 907 (a).

87 915 167 969 idem
183 920 314 986 expertus
324 914 417 969 iuerat
431 914 672 983 Paulinustltpist.
686 916 730 983 25,
746 931 772 968 n.
792 915 815 984 t)
829 915 915 985 jama
934 917 1169 985 nobistantum,
1187 919 1237 990 qui
1252 920 1366 974 easdem
1380 920 1533 990 Augustini
1547 928 1647 977 contra
1671 923 1838 980 blanichaeo·

86 1021 155 1060 rum
175 1005 306 1059 heresim
321 1005 489 1074 scriptiones
504 1005 621 1075 primas,
641 1009 666 1058 et
676 1004 709 1058 dc
723 1006 891 1060 scholasticis
904 1006 1084 1071 (multatibus
1094 1008 1246 1075 affluentes,
1257 1013 1283 1062 et
1296 1008 1329 1061 de
1344 1009 1492 1063 contestibus
1502 1011 1577 1076 lauis
1589 1011 1688 1078 dulces,
1705 1016 1735 1066 ut
1745 1015 1843 1069 aalma

86 1109 144 1149 rara
155 1093 284 1161 medam,
299 1097 325 1148 et
339 1093 447 1147 altrices
463 1092 622 1147 avidissime
638 1093 763 1146 lectitare
774 1093 892 1148 solebat.
913 1095 968 1148 ilos
988 1096 1073 1162 igitar
1087 1095 1183 1161 libros,
1203 1096 1305 1166 inquit,
1328 1097 1436 1151 lectioni
1454 1098 1546 1165 babeo,
1563 1101 1592 1152 in
1607 1101 1650 1154 bis
1669 1117 1710 1155 me
1731 1102 1841 1169 oblecto,

87 1181 174 1238 deiris
187 1184 274 1238 cibum
288 1185 375 1252 carrio,
392 1197 444 1236 non
460 1182 537 1236 illurn
553 1183 601 1251 qui
610 1184 692 1251 perit,
716 1181 764 1235 sed
782 1184 831 1251 qni
844 1187 973 1251 opimatur
992 1186 1055 1238 uita
1070 1189 1174 1239 aterna
1186 1185 1376 1240 substantiam.
1399 1187 1472 1239 Tum
1486 1186 1515 1240 iu
1545 1189 1698 1258 Augustini
1724 1189 1839 1245 laudem

87 1271 248 1327 exclamat:
265 1271 286 1327 0
304 1286 365 1324 ecre
375 1272 417 1324 sal
431 1275 516 1338 terra,
545 1285 597 1338 quo
607 1269 760 1339 praecordio
775 1275 878 1336 nostra,
894 1285 926 1323 ne
939 1272 1045 1340 possint
1064 1273 1156 1326 saculi
1170 1287 1310 1326 recrescere
1324 1287 1423 1333 errore.
1439 1273 1613 1339 coordinatur,
1629 1279 1683 1330 etc.

124 1360 265 1415 Caeterum
279 1363 523 1431 qnantumoperae
534 1358 563 1413 in
577 1357 756 1413 emendando
766 1358 853 1413 hocce
863 1363 941 1412 tomo
952 1360 1141 1431 posuerimus,
1157 1359 1228 1414 nihil
1244 1360 1362 1414 interest
1374 1360 1515 1430 explicare
1525 1377 1577 1431 per
1586 1366 1691 1432 partes.
1706 1364 1841 1420 Admoni-

84 1448 181 1502 tiones
195 1448 225 1501 in
240 1447 444 1518 opusculorum
455 1447 546 1501 trente
555 1445 742 1517 prestitimus,
751 1452 837 1516 atque
855 1426 1056 1516 argumentum
1069 1445 1208 1516 cujusque
1218 1445 1284 1500 libri
1294 1444 1477 1516 ascripsimus
1487 1445 1580 1517 initio.
1592 1445 1836 1516 capitulationem

86 1537 223 1591 lemmata
239 1535 340 1606 soepius
356 1534 525 1589 inconcinna
541 1534 713 1589 mutavimus
723 1535 839 1605 passim,
852 1534 1075 1604 earumdemque
1088 1533 1250 1588 numericas
1260 1537 1341 1587 notus
1354 1533 1532 1602 marginibus
1547 1533 1653 1595 atliras,
1668 1550 1703 1588 ue
1714 1536 1836 1607 receptis

84 1624 270 1679 citationibus
281 1623 409 1678 melasio
425 1624 598 1695 gigneretur,
612 1622 796 1692 retinuimus,
810 1623 927 1678 mutatis
941 1627 1039 1677 amen
1054 1622 1198 1677 interdum
1213 1626 1243 1676 et
1255 1621 1451 1692 multiplicatis
1464 1620 1646 1690 sectionibus,
1663 1623 1774 1694 quasin
1788 1641 1842 1680 nu·

86 1726 183 1766 meros
198 1711 284 1767 etiam
295 1711 471 1783 distinguere
482 1712 574 1767 visum
589 1717 641 1779 est,
657 1717 687 1766 ut
700 1711 811 1766 facilior
826 1717 899 1766 esset
910 1711 1061 1782 Augustini
1077 1711 1168 1766 lectio.
1181 1711 1296 1766 Notulas
1306 1710 1335 1764 in
1348 1711 1478 1781 margine
1494 1711 1625 1765 interiori
1641 1712 1839 1783 apposuimus,

83 1799 137 1856 nbi
152 1799 344 1872 insigniorum
359 1801 569 1856 correctionum
584 1801 725 1855 rationem
743 1801 929 1856 reddidimus.
948 1799 1183 1871 comparavimus
1197 1815 1294 1854 rernm
1309 1798 1520 1871 Scripturaeque
1540 1799 1666 1855 lndicem
1685 1799 1737 1854 ‘in
1756 1800 1844 1873 hujus

84 1888 157 1944 tomi
170 1884 319 1960 opuscula,
333 1889 468 1944 studiosis
483 1889 614 1944 nonnihil
633 1888 773 1959 utilitatis,
792 1889 836 1943 uti
850 1904 1009 1961 speramus,
1023 1890 1187 1943 allaturum.
1204 1887 1265 1942 Alia
1280 1887 1465 1958 prestitimus
1484 1887 1612 1955 demum,
1630 1903 1695 1958 quae
1709 1888 1843 1958 saperius

85 1975 118 2032 iu
131 1976 302 2047 prestatione
318 1977 446 2047 generali
461 1977 574 2032 abunde
589 1977 776 2049 explicantur.

117 2095 126 2127 ¹
144 2091 254 2141 Patrem
267 2091 448 2140 Manrinornm
460 2092 590 2142 rationem
614 2105 668 2141 non
680 2092 790 2142 omnino
805 2092 879 2156 sequi
890 2093 966 2142 nobis
984 2091 1072 2141 visum
1086 2093 1135 2141 est.
1151 2090 1255 2140 lnutilis
1267 2090 1339 2140 enim
1353 2095 1394 2140 est
1408 2091 1487 2140 index
1509 2090 1657 2154 analyticus
1677 2091 1842 2156 particularis

86 2170 184 2234 cuique
200 2170 464 2232 tomoeutflxus,cam
473 2171 561 2222 indice
571 2171 688 2236 generali
695 2170 873 2221 claudendum
882 2173 916 2221 sit
923 2176 1007 2221 totum
1018 2185 1085 2235 opus
1096 2186 1103 2231 3
1116 2169 1209 2220 saltem
1219 2168 1304 2220 multo
1312 2170 1396 2233 magis
1406 2169 1524 2233 proderit
1535 2169 1649 2220 indicem
1660 2183 1758 2233 rarum,
1765 2177 1845 2236 prout

87 2250 115 2301 tn
129 2248 251 2314 quolibet
262 2250 396 2300 volumine
408 2251 528 2309 veniunt.
544 2251 577 2301 ad
590 2251 669 2302 finem
686 2251 894 2315 uniuscujusque
908 2251 1038 2316 posuisse.
1057 2249 1132 2309 Quod
1147 2249 1175 2298 in
1186 2249 1357 2299 benedictina
1371 2248 1487 2299 editione
1499 2263 1515 2298 a
1528 2249 1629 2310 multis,
1640 2263 1688 2301 nec
1701 2251 1843 2313 immerito,

87 2329 266 2380 maturatur.
344 2330 378 2380 Μ.

118 2410 156 2472 (α)
173 2409 272 2459 iterim.
288 2411 315 2458 in
330 2410 648 2460 Narratltestaurationis
662 2410 729 2460 Abb.
741 2411 767 2460 S.
783 2411 860 2460 blnrt.
877 2411 1000 2470 tornac,
1015 2422 1042 2458 n.
1059 2411 1083 2469 l,
1102 2408 1226 2472 Spicileg.
1247 2411 1313 2457 tom.
1329 2410 1368 2457 lt.

715 2621 1221 2753 ADMONITIO

575 2831 625 2890 Db]
661 2829 818 2892 DUOBUS
848 2829 1212 2890 RETRACTATIONUM
1245 2828 1368 2889 treats

121 2964 199 3031 auid
212 2981 304 3021 causae
319 2969 448 3020 sanctum
460 2964 663 3036 Augustimum
678 2963 712 3018 ad
730 2963 923 3018 retractandas
938 2961 1173 3034 castigandasque
1187 2960 1399 3017 lucubrationes
1411 2976 1476 3015 suas
1498 2959 1658 3031 impulerit,
1675 2961 1767 3031 aperit
1783 2963 1845 3033 ejus

85 3053 257 3125 praelatioin
265 3053 519 3125 sequenteslibros.
527 3052 558 3107 ld
564 3052 933 3123 negotiiaggressusestsub
940 3051 1142 3106 ultimamvitee
1154 3067 1213 3105 sure
1223 3049 1388 3121 periodum;
1400 3054 1475 3104 certe
1486 3065 1544 3104 non
1559 3050 1649 3104 mrrlto
1663 3054 1842 3104 anteannum

84 3142 193 3200 Christi
207 3144 270 3202 tto,
286 3159 350 3197 cum
366 3143 395 3197 in
407 3145 507 3214 quarto
523 3141 557 3195 de
578 3140 709 3194 Doctrina
722 3141 881 3196 Christiana
895 3141 979 3207 libro,
994 3156 1079 3212 quem
1094 3141 1124 3195 in
1141 3140 1399 3195 Retractntiouibus
1412 3143 1532 3193 testatur
1546 3154 1564 3192 a
1579 3154 1620 3206 se,
1633 3139 1705 3194 dum
1717 3138 1784 3193 hnic
1799 3140 1841 3194 rei

86 3230 232 3286 incumbit
240 3230 432 3302 conscriptum
447 3245 517 3295 esse,
534 3244 625 3282 anuos
639 3230 864 3295 numerettermc
875 3235 932 3284 octo
945 3229 986 3284 oet
999 3231 1117 3298 amplius
1130 3244 1206 3283 asna
1215 3228 1292 3300 apud
1307 3228 1499 3284 Caesareenses
1509 3227 1751 3299 peregrinatione,
1769 3228 1844 3282 unde

88 3318 188 3392 ipsum
213 3318 326 3373 labente
342 3334 418 3372 anno
432 3318 485 3371 4t8
501 3315 617 3371 rediisse
632 3316 733 3386 liquet.
751 3317 821 3372 Cum
836 3320 932 3371 autem
947 3315 1187 3388 scriptionessaas
1197 3332 1305 3382 omnes,
1323 3331 1426 3386 nempe
1443 3315 1550 3385 Libros,
1567 3316 1715 3387 Epistolas,
1731 3318 1845 3372 Sermo-

88 3423 151 3473 nes,
166 3423 218 3462 seu
237 3422 309 3478 quos
329 3408 494 3480 dictaverat,
506 3421 556 3458 seu
571 3421 643 3475 quos
657 3404 775 3471 dixerat,
790 3405 827 3460 ad
842 3421 962 3460 examen
983 3421 1115 3460 revocare
1134 3406 1230 3461 animo
1247 3406 1456 3475 destinasset,a
1472 3405 1560 3459 Libris
1574 3405 1632 3458 suis
1647 3421 1708 3459 rem
1720 3406 1839 3460 adorsus

87 3501 153 3551 est:
167 3496 285 3567 jamque
300 3511 400 3550 omnes
415 3494 552 3548 hactenus
568 3493 660 3547 editos
675 3493 859 3565 expenderat,
876 3509 941 3548 cnm
955 3492 1105 3564 epistolam
1118 3495 1274 3549 secundam
1300 3493 1413 3564 scripsit
1436 3493 1471 3549 ad
1494 3492 1724 3559 Quodvultdeum
1743 3495 1842 3563 (Epist.

87 3584 164 3653 tet),
179 3599 256 3639 anno
270 3583 343 3638 torte
356 3584 420 3648 428,
436 3599 493 3653 quo
508 3586 635 3652 tempore
649 3582 770 3653 Prosper
786 3587 813 3636 et
828 3582 952 3636 Hilarius
967 3581 997 3635 in
1012 3582 1109 3637 Galliis
1120 3582 1249 3637 nondum
1263 3582 1417 3637 rescierant
1430 3581 1540 3636 editum
1555 3580 1715 3652 quidquam
1727 3580 1844 3652 hujusce

88 3672 196 3743 operis,
214 3673 255 3726 ati
270 3688 304 3727 ex
319 3671 419 3726 Hilarii
435 3670 561 3741 Epistola
574 3669 745 3741 intelligitur
759 3672 857 3743 (Epist.
878 3671 951 3735 tib),
967 3671 1048 3742 cajus
1063 3674 1158 3724 amen
1169 3670 1255 3724 libros
1270 3670 1342 3725 duos
1353 3675 1509 3742 antequam
1528 3684 1630 3724 eorum
1645 3669 1752 3724 litteras
1766 3684 1844 3722 rece·

87 3761 190 3833 pisset,
204 3760 350 3815 absolutos
364 3759 449 3814 luisse
469 3759 600 3814 rescribit
614 3758 792 3830 Augustinus
808 3759 837 3813 in
852 3759 903 3814 lib.
927 3759 962 3814 de
978 3758 1117 3815 Praedest.
1135 3757 1194 3826 SS,
1210 3775 1234 3813 c.
1251 3762 1276 3815 3.
1288 3759 1371 3825 Quod
1386 3759 1483 3830 itaque
1498 3757 1567 3814 dicit
1580 3758 1724 3813 Possidius
1748 3776 1772 3814 c.
1798 3761 1844 3829 28,

87 3851 325 3918 Anteproeirnum
336 3848 406 3902 diem
421 3848 510 3903 obitus
525 3851 578 3914 sui,
594 3863 650 3902 ase
663 3848 814 3903 dictatoset
827 3847 912 3902 editos
923 3849 1056 3903 recensuit
1070 3847 1170 3913 libros,
1186 3847 1216 3902 id
1231 3847 1322 3918 rigide
1349 3863 1381 3902 cr
1403 3846 1564 3902 litterarum
1581 3847 1708 3918 apicibus
1728 3863 1786 3902 uon
1800 3847 1845 3902 in-

87 3936 309 4008 terpretandum
323 3942 382 3991 est:
398 3938 558 4008 praesertim
574 3953 639 3992 curn
654 3937 755 3993 eodem
770 3937 830 4009 ipse
846 3938 907 3993 loco
922 3937 1067 3992 solumina
1079 3936 1133 3992 hac
1146 3937 1180 3992 de
1190 3952 1222 3991 re
1233 3937 1289 3991 dno
1304 3941 1369 3991 ante
1383 3936 1578 3992 vandalorum
1591 3936 1620 3990 in
1635 3936 1760 3991 Africam
1773 3935 1847 3990 irru-

88 4025 220 4099 ptionem
234 4028 349 4096 peracta
367 4024 480 4080 referat.

124 4111 262 4185 Epistolis
276 4112 362 4169 etiam
378 4112 525 4184 erigendis
540 4128 657 4183 operam
673 4111 759 4168 dabat
771 4113 958 4184 Augustinus,
969 4113 1089 4186 jamque
1103 4114 1175 4169 bene
1191 4115 1295 4170 multas
1310 4113 1427 4169 sedulus
1440 4114 1592 4185 relegerat,
1608 4113 1722 4168 temoni
1735 4112 1845 4168 nnllam

88 4203 120 4258 in
135 4219 185 4258 eas
200 4200 626 4270 animadversioneminscripta
640 4201 881 4273 1·edegerat;cum
893 4216 957 4255 ecce
970 4201 1075 4257 tuliani
1090 4202 1235 4275 pelagiani
1248 4202 1419 4274 posteriores
1432 4207 1495 4256 octo
1507 4202 1592 4256 libros
1602 4200 1741 4271 prodiisse
1754 4199 1845 4265 audit,

88 4306 199 4363 eosque
209 4290 378 4346 adhortante
399 4289 502 4361 Alypio
513 4289 642 4343 refellere
659 4289 844 4360 aggreditur3
855 4288 1066 4361 atqueintcrim
1081 4289 1436 4362 coeptumopusremissius
1447 4290 1517 4361 agit,
1533 4289 1609 4361 quod
1625 4288 1741 4342 demum
1756 4291 1848 4342 morte

88 4384 309 4453 preoccupatus
323 4379 468 4433 absolvere
483 4393 541 4433 non
556 4377 656 4433 valuit.

124 4469 216 4523 Porro
231 4468 258 4523 S.
273 4467 376 4522 Doctor
386 4466 474 4521 libros
488 4482 563 4532 suos,
581 4482 613 4520 ex
629 4470 791 4537 temporum
802 4466 973 4538 plerumque
986 4465 1085 4520 ordine
1096 4467 1257 4536 recensitos,
1268 4467 1339 4521 duas
1349 4466 1444 4537 coegit
1456 4467 1484 4520 in
1494 4466 1607 4533 classes,
1617 4470 1649 4518 ut
1661 4480 1734 4536 quos
1747 4482 1764 4521 a
1776 4481 1842 4521 cou-

89 4556 233 4612 versionis
257 4571 316 4610 suae
332 4556 379 4609 die
405 4554 558 4625 scripserat
576 4554 707 4608 nondum
728 4554 1007 4625 Episcopus,horum
1021 4554 1249 4610 retractationem
1265 4557 1352 4612 codex
1363 4572 1439 4610 unus
1453 4555 1780 4630 complecteretur3atter
1793 4571 1848 4609 cae-

90 4648 233 4700 terorum.
250 4643 378 4709 Quorum
392 4643 522 4697 omniurn
533 4642 642 4707 titulos,
659 4647 798 4713 tempora,
813 4647 993 4714 argumenta,
1007 4646 1034 4696 et
1044 4645 1205 4699 occasiones
1215 4645 1261 4699 hic
1271 4643 1463 4716 persequitur,
1471 4657 1501 4694 ac
1508 4646 1651 4712 postremo
1660 4641 1839 4713 singulorum

89 4730 172 4787 initia
188 4730 342 4802 diligenter
359 4736 446 4785 notat.
463 4730 534 4784 lluic
545 4730 626 4800 operi
650 4730 795 4785 Possidius
808 4731 926 4786 titulum
948 4730 1060 4795 tribuit,
1076 4732 1109 4787 de
1125 4735 1280 4788 Recensionc
1294 4732 1447 4786 Librorum.
1466 4729 1570 4785 Omnes
1584 4734 1680 4786 tamen
1698 4730 1761 4785 libri
1778 4730 1849 4786 editi

89 4834 123 4874 rc
140 4818 242 4889 scripti
257 4820 489 4874 betrentot-ionum
509 4819 590 4872 libros
605 4817 759 4889 appellent,
777 4835 834 4873 uno
848 4819 921 4874 torte
938 4825 1056 4891 excepto
1072 4821 1264 4876 vetustissimo
1281 4821 1329 4875 hls.
1346 4818 1442 4873 codice
1457 4818 1630 4885 corbeiensi,
1654 4818 1716 4892 qui,
1739 4824 1848 4874 mnata

89 4909 241 4970 vocabulo,
258 4908 287 4962 in
300 4908 357 4962 line
374 4907 439 4961 libri
451 4906 585 4978 primisic
600 4906 687 4960 habet
698 4923 704 4960 :
717 4909 841 4977 Empticit
852 4907 920 4962 tiber
927 4909 1033 4976 primus
1045 4907 1365 4978 Recoenitr'onumApad
1375 4907 1470 4978 ipsum
1483 4907 1674 4978 Augustinnm
1686 4907 1849 4978 tumiuepi-

88 4999 164 5072 ,stola
177 4997 213 5052 ad
230 4996 470 5062 Quodvultdcum‚
480 4996 611 5066 libroque
625 4996 659 5050 de
671 4996 806 5052 Praedest.
824 4995 883 5062 SS,
901 5012 940 5050 cc.
957 4997 972 5050 3
988 4998 1040 5052 etl
1054 5017 1061 5064 3
1077 5001 1138 5052 tnm
1153 4997 1182 5051 in
1197 4996 1275 5051 brevi
1287 4996 1338 5066 qui
1350 4995 1428 5050 hisce
1438 4994 1520 5051 libris
1531 4996 1710 5051 subnectitur
1722 4995 1846 5066 epilogo,

91 5100 200 5143 namen
214 5088 433 5151 ltctractationis,
451 5100 501 5139 scu
520 5086 751 5140 ltetractationurn
764 5100 835 5155 opas
843 5083 920 5138 istud
934 5083 1053 5140 obtinet.
1071 5088 1163 5157 Atque
1179 5086 1231 5140 hoc
1245 5100 1384 5157 perquam
1406 5089 1612 5156 opportunum,
1628 5097 1685 5156 quo
1702 5083 1845 5154 intelligas

91 5188 150 5231 non
165 5174 254 5230 modo
274 5179 367 5229 errata
385 5173 566 5246 reprehendi,
578 5173 778 5229 verumetiam
792 5171 906 5228 delendi
918 5175 995 5227 recte
1010 5169 1103 5237 dicta;
1120 5173 1148 5224 et
1158 5185 1229 5240 quos
1239 5166 1365 5239 imperiti
1376 5169 1454 5223 locos
1467 5168 1665 5230 sollicitabant,
1682 5166 1850 5228 tractatione

91 5261 193 5318 iterata
207 5262 331 5318 tiemari.
349 5263 548 5338 Retractabarn,
560 5261 601 5317 ait
613 5261 768 5317 inlaudata
783 5260 953 5332 epistolant
967 5257 1206 5325 Quodvultdeum,
1223 5257 1353 5327 opuscula
1366 5272 1441 5313 mea:
1453 5260 1517 5313 etsi
1540 5256 1609 5327 quid
1620 5258 1649 5309 in
1663 5256 1701 5309 eis
1713 5268 1754 5308 rnc
1767 5252 1850 5323 offen·

92 5350 165 5407 deret
176 5353 219 5406 eet
230 5353 299 5407 aiios
314 5350 447 5420 offendas
458 5356 567 5422 possen
589 5353 694 5422 partim
703 5349 932 5420 reprehendendo,
951 5350 1056 5419 partim
1070 5345 1249 5414 defendendo,
1265 5346 1338 5416 qaod
1356 5348 1409 5414 leet
1422 5346 1528 5401 debera
1541 5351 1567 5400 ct
1576 5348 1677 5415 posset,
1691 5343 1848 5413 ornatam

92 5437 221 5511 lienique
229 5455 300 5512 opus
314 5440 384 5495 illud
399 5441 582 5496 celebrarunt
594 5456 627 5495 eo
642 5439 761 5495 nomine
774 5442 895 5505 veteru,
912 5441 1044 5509 Prosper,
1059 5436 1095 5492 ad
1111 5436 1175 5490 Exc.
1191 5435 1385 5492 (tennensium
1398 5434 1601 5498 edessiodorus
1615 5435 1741 5500 senator,
1756 5431 1792 5487 (te
1805 5432 1851 5488 ln·

93 5527 241 5584 stitutione
255 5529 312 5584 dis.
333 5528 454 5601 Script,
471 5546 531 5602 cap.
555 5533 606 5598 l63
620 5529 705 5597 Beda,
720 5527 830 5601 praelat.
845 5527 877 5582 in
892 5527 942 5585 lib.
965 5528 1088 5582 ltetract.
1106 5524 1135 5578 in
1146 5526 1220 5587 Act„
1236 5529 1290 5580 etc.
