3884 6112
130 251 183 303 243

132 375 229 442 posset
241 372 400 441 ostendere,
417 375 454 429 ob
469 375 554 431 tinius
570 383 715 448 laceratum
739 387 827 438 totam
844 379 981 435 familiam

129 461 195 530 jure
208 462 459 526 excommunicari,
477 480 506 518 se
522 470 653 536 paratum
667 484 727 524 esse
742 472 778 526 ab
793 489 826 527 eo
846 472 952 527 discere
973 484 980 523 :

131 549 156 604 si
175 566 241 604 vero
263 567 321 605 noo
337 558 443 621 posset,
460 555 572 625 eulpam
589 556 617 609 in
642 573 676 610 ro
698 560 832 627 residere,
848 558 982 630 quirem,

132 638 215 709 eujus
239 638 378 695 rationem
395 640 514 696 reddere
535 658 593 697 non
608 646 708 713 valeat,
724 649 809 703 luerit
822 664 981 718 aggressus.

134 727 270 782 Euandem
287 733 378 798 rogat,
400 734 433 782 ut
448 730 472 784 si
487 732 570 801 culpa
584 739 664 789 sacci
685 736 881 801 classicianus,
904 752 983 788 erro·

135 832 194 871 reru
209 832 304 884 suum,
319 816 348 870 in
365 832 450 890 quem
466 835 500 872 ex
514 820 640 874 bumana
653 823 812 903 fragilitate
835 823 985 895 prolapsus

135 909 187 970 est,
212 905 345 975 corrigat,
374 910 403 960 et
429 910 507 977 gesta
530 910 717 965 ecclesiastica
733 912 842 968 ineam
859 913 986 967 conlecta

135 992 288 1047 resciudat.
311 995 362 1048 Nec
382 994 534 1060 arbitreris,
556 996 661 1067 iuquit,
682 1000 740 1056 ideo
754 1003 830 1056 nobis
845 1018 897 1056 non
908 1016 986 1070 posse

135 1082 276 1151 subrepere
289 1083 419 1150 irijustam
434 1088 644 1154 commotionem,
662 1091 728 1158 quie
738 1092 856 1160 episcopi
869 1104 961 1144 suanus
978 1105 984 1143 :

136 1170 183 1224 sed
195 1172 286 1240 potius
297 1173 441 1238 eopitcmus
456 1174 527 1236 inter
542 1175 649 1244 laqueos
663 1180 839 1232 tentationum
853 1192 901 1232 nos
913 1179 986 1248 peri·

98 1262 101 1270 '
137 1259 302 1314 cuiosissime
320 1260 418 1323 nieme,
446 1264 512 1329 quio
530 1263 647 1318 larmirus
670 1279 763 1320 sumus
784 1266 878 1335 (leid,
895 1281 924 1320 a.
949 1264 985 1334 il.

138 1346 289 1403 Collatioui
312 1346 529 1417 Carthaginensi
553 1352 682 1407 Auxilius
714 1354 904 1408 Nurconensis
929 1353 988 1424 epi-

138 1453 241 1506 scopus
254 1435 400 1491 intererat.
420 1437 496 1491 idem
512 1438 535 1491 si
550 1439 597 1505 sil,
614 1457 671 1494 non
686 1441 780 1512 potuit
794 1443 856 1497 baec
870 1442 989 1514 epistola

139 1526 231 1580 serius
261 1540 321 1579 esse
348 1525 462 1597 scripta,
491 1543 577 1597 quani
605 1545 681 1584 anuo
706 1530 989 1600 quadringentesimo

141 1614 318 1669 duodecimo.
334 1613 387 1669 Sed
401 1619 428 1668 et
437 1631 512 1685 agre
520 1617 649 1672 animum
662 1619 819 1686 induxeris,
829 1635 891 1674 eana
900 1619 990 1674 multo

142 1706 206 1757 ante
233 1702 421 1772 conscriptam
441 1719 516 1767 esse:
537 1721 602 1760 eum
626 1708 803 1778 Augustinus
823 1723 898 1762 anuo
920 1724 990 1778 qua-

143 1791 367 1862 dringentesimo
381 1793 549 1848 duodecimo
560 1801 671 1850 tautum
681 1797 823 1852 decimum
837 1797 990 1868 septimum

144 1881 336 1951 episcopatus,
355 1881 446 1936 aetatis
460 1887 554 1937 autem
569 1900 628 1939 sum
642 1886 797 1955 septimum
810 1892 838 1941 et
851 1886 993 1958 quinqua·

144 1968 286 2039 gesimam
295 1984 402 2023 anuum
413 1976 511 2039 ageret
519 1988 525 2035 ς
534 1978 799 2043 quosauetempore
808 1973 855 2028 vix
864 1973 994 2028 videatur

144 2056 211 2111 satis
234 2062 393 2126 provectus,
412 2062 445 2113 ut
458 2076 523 2114 aum
538 2062 651 2115 Auxilio
665 2067 812 2133 tamquam
827 2078 912 2116 senex
928 2078 992 2115 cum

141 2144 258 2212 juvene,
283 2149 368 2215 atque
392 2146 542 2217 episeopus
563 2152 605 2203 tot
632 2165 774 2206 annerum
803 2166 867 2204 eum
887 2150 994 2219 collega

147 2232 267 2285 necdum
296 2233 428 2287 anniculo
451 2234 596 2305 loquatur.
621 2237 676 2307 ipsi
691 2242 788 2292 autern
812 2237 993 2306 Classicimm,

147 2338 162 2373 a
178 2336 234 2388 quo
250 2321 356 2376 litteras
381 2338 468 2391 super
482 2323 529 2376 illa
549 2340 579 2376 re
593 2331 751 2395 acceperat,
777 2326 913 2397 rescripto
927 2342 994 2380 coar-

146 2411 242 2465 silium
258 2424 342 2463 suum
359 2416 543 2481 mentemque
562 2413 675 2481 aperuit
700 2416 787 2480 :Epo
807 2419 920 2484 propter
941 2429 994 2478 eos,

147 2500 251 2571 inquit,
266 2502 313 2570 qui
324 2514 374 2567 pro
383 2504 493 2573 peccato
507 2502 587 2554 uarius
602 2503 699 2556 areima
714 2506 797 2556 totam
809 2502 915 2557 domum
926 2503 994 2570 eicis,

146 2588 240 2652 idest,
254 2588 389 2657 plurimas
402 2589 508 2640 animus
523 2589 694 2641 anathemate
705 2591 803 2658 liquat,
826 2592 945 2644 inanime
964 2605 997 2643 ne

149 2679 188 2732 ibi
209 2682 356 2746 quisquam
377 2678 435 2729 siue
456 2678 624 2746 baptismate
643 2677 676 2734 de
690 2693 799 2747 corpore
813 2679 956 2744 abscedat;
971 2682 997 2733 et

146 2773 237 2822 utrum
251 2782 304 2822 non
319 2767 400 2821 etiam
421 2765 453 2818 de
475 2766 583 2819 ecclesia
594 2766 714 2834 pellendi
735 2772 807 2831 suat,
828 2768 877 2837 qui
896 2783 924 2822 eo
939 2783 998 2820 con-

146 2859 267 2924 tupiunt,
284 2870 336 2924 quo
346 2854 431 2922 tidem
448 2853 652 2922 ddejrrssoribus
676 2856 820 2924 trameant,
850 2855 998 2925 adjurante

146 2947 267 3010 domino,
293 2949 318 2999 et
339 2946 367 2997 in
391 2944 502 2997 coercitio
524 2948 615 2997 nostro
636 2958 715 3010 apere
729 2947 817 3013 cupio.
838 2947 910 2999 etsi
931 2959 998 3014 opius

145 3035 231 3100 tuerit
246 3033 283 3086 ad
305 3032 398 3088 sedem
418 3033 593 3099 apostolicam
614 3032 749 3099 seribcr03
764 3037 795 3087 ut
809 3035 838 3087 in
852 3034 894 3088 liis
909 3037 998 3088 causis

147 3121 215 3192 quid
228 3122 305 3188 sequi
319 3119 471 3184 debeamus,
487 3120 612 3173 concordi
625 3123 744 3176 emerium
759 3124 919 3177 auctoritate
933 3139 998 3177 con-

148 3225 160 3263 s
173 3212 279 3263 ituatur
294 3213 374 3275 atque
387 3205 520 3277 firmetur.
534 3208 606 3261 illud
614 3210 756 3278 plonenon
765 3215 860 3264 temere
869 3211 996 3276 diaetae,

148 3295 220 3366 quod
238 3298 263 3350 si
286 3297 432 3364 quisquam
448 3295 568 3363 datelium
581 3297 667 3362 suerit
682 3299 871 3353 anathematus
884 3300 996 3369 irajnste;

147 3388 172 3439 ei
184 3387 277 3456 potius
288 3383 377 3438 'oberit
390 3385 438 3452 qui
452 3386 545 3450 saciet,
561 3400 643 3454 quam
655 3387 680 3439 ei
690 3387 739 3455 qui
751 3387 820 3440 liena
828 3390 999 3458 patieturin-

143 3474 259 3543 jurium.
286 3474 408 3542 Spiritus
421 3474 493 3527 enim
507 3479 616 3528 sanctus
639 3474 766 3529 babitans
781 3477 810 3530 in
824 3479 935 3543 sacratis,
951 3492 999 3545 per

147 3579 225 3634 quem
249 3564 365 3632 quisque
393 3563 497 3629 linatur
524 3567 572 3617 arat
591 3564 715 3628 solvitur,
743 3565 905 3618 immeritam
929 3567 1000 3618 nulli

146 3667 252 3723 paenam
263 3653 364 3720 ingerit
379 3666 386 3704 :
399 3666 449 3721 per
462 3667 521 3706 eum
542 3653 642 3721 quippe
658 3651 825 3721 diffunditur
835 3652 954 3706 claritas
970 3656 999 3705 in

147 3740 273 3796 cordibus
294 3741 404 3807 riostris,
420 3755 479 3808 quae
491 3755 544 3794 non
558 3743 616 3806 opit
637 3755 781 3810 perperam
797 3744 849 3808 (Ea
861 3744 947 3810 Epist.
962 3741 999 3794 od

148 3829 353 3887 classicianum,
367 3832 429 3898 post
443 3828 531 3894 Epist.
548 3830 610 3889 250.
625 3833 694 3882 tomo
708 3832 736 3895 2,
751 3844 815 3898 pap.
832 3832 920 3896 libi).

184 3920 210 3970 5.
227 3917 258 3969 ln
273 3915 332 3968 suis
347 3915 531 3969 Sermonibus
546 3916 722 3985 Augustinus
737 3933 824 3969 ranas
839 3918 998 3987 astrologiae

145 4003 306 4078 judiciariae
316 4002 532 4075 superstitiones
543 4010 700 4075 oppugnat,
712 4005 815 4076 quibus
826 4005 999 4060 Christiano·

147 4111 211 4149 rum
227 4093 314 4149 etiam
329 4092 491 4163 complures
506 4092 616 4148 deditos
631 4093 671 4147 sic
690 4093 777 4147 tuisse
802 4093 997 4164 conqueritur,

148 4189 179 4236 ut
193 4181 323 4236 nonnulli
339 4196 436 4235 coram
458 4179 520 4250 ipso
536 4180 656 4235 tidenter
675 4181 812 4251 dicerent,
827 4182 907 4254 quasi
926 4182 997 4236 nilail

147 4271 178 4325 in
194 4287 228 4326 ea
243 4287 273 4326 re
288 4269 357 4325 mali
370 4270 507 4336 subesset,
526 4269 610 4323 certis
623 4287 652 4325 se
667 4270 768 4325 diebus
784 4287 839 4324 non
855 4287 915 4326 essa
930 4287 997 4341 pro-

145 4359 277 4414 iecturas.
297 4359 379 4424 Quod
405 4357 506 4413 sitium
534 4357 574 4412 ila
597 4359 713 4430 uulgare
730 4364 800 4426 erat,
818 4359 906 4414 utrix
922 4361 998 4415 ullus

146 4445 216 4501 illud
234 4445 445 4517 reprehendere
456 4445 584 4500 auderet.
602 4446 679 4505 Unde
695 4445 735 4501 sic
753 4449 911 4502 exclamare
925 4447 1000 4518 eogi-

146 4539 217 4588 tur:
240 4536 286 4591 Vae
302 4537 420 4604 peccatis
440 4536 586 4599 bominum,
607 4550 666 4604 que
680 4537 738 4590 sota
756 4538 889 4590 inusitata
901 4538 1000 4591 eebor·

146 4624 274 4677 rescimus
286 4622 453 4694 (Eucbirid,
469 4639 500 4681 n.
523 4625 566 4693 il)
584 4627 589 4678 !
613 4625 814 4679 Verumtamen
828 4640 892 4678 eum
918 4640 998 4678 raum

146 4710 233 4781 hujus
258 4714 286 4765 et
314 4710 410 4782 impias
439 4711 507 4766 artis
533 4717 685 4767 sectatores
708 4712 912 4784 (mathematici
936 4718 997 4768 tum

147 4797 322 4867 dicebantur)
347 4798 382 4853 ad
408 4799 624 4855 couversionem
651 4801 997 4873 aecede1·cnt,e0spceui·

146 4886 243 4943 tentiae
254 4885 376 4958 puhlieae
391 4886 548 4955 addicebat,
563 4905 614 4943 nee
624 4889 659 4944 ad
673 4904 735 4944 eam
746 4888 800 4943 uisi
812 4894 875 4960 post
885 4890 998 4944 crebras

146 4975 352 5049 postulationes
380 4979 408 5028 et
422 4975 584 5047 interjectas
598 4993 693 5032 moras
709 4977 886 5033 admittebat.
911 4978 998 5049 Cujus

146 5067 189 5121 rei
210 5064 349 5121 habemus
371 5063 484 5135 insigne
510 5066 672 5137 exemplum
689 5067 722 5122 ad
738 5067 842 5120 calcem
857 5067 997 5121 sermonis

146 5154 176 5211 iu
191 5155 334 5226 psalmum
350 5152 558 5222 sexagesimum
570 5154 708 5225 primum.
724 5156 776 5211 lile
790 5158 914 5211 Ecclesiae
925 5158 996 5221 sitis,

146 5243 251 5316 iuquit,
267 5258 358 5297 arnum
373 5257 407 5296 ex
422 5241 588 5312 hujusmodi
604 5243 812 5300 mathematicis
827 5245 994 5315 pimniteuti·

146 5331 199 5385 bus
213 5333 290 5405 plebi
304 5333 513 5396 demonstraus,
528 5333 609 5385 etiam
619 5334 701 5387 istum
712 5334 999 5403 quemvidetis,bibere

146 5423 214 5476 uult.
230 5423 318 5479 Simul
331 5424 413 5478 etiam
432 5425 462 5476 ut
475 5422 613 5485 noua-uis,
637 5437 718 5490 priam
731 5423 854 5478 multitu
868 5424 997 5477 commia-

148 5511 220 5564 tioue
235 5513 461 5579 Christianorum,
475 5525 520 5566 ore
530 5524 578 5565 suo
593 5509 761 5581 benedicant,
775 5515 801 5566 et
815 5515 845 5567 in
858 5512 939 5568 corde
951 5526 999 5566 suo

754 256 808 310 vt'l
811 261 832 310 A
852 257 878 310 S.
900 254 1087 311 Abelistlrtl
1111 253 1279 308 Erlsculn.

1836 250 1883 302 tit

1036 377 1213 443 maledicent;
1230 379 1280 430 iste
1294 391 1327 430 es
1342 375 1494 431 christiane
1503 378 1529 428 ct
1541 373 1615 442 fideli
1626 373 1758 442 penitens
1772 370 1852 436 redit,
1863 374 1888 425 et

1038 468 1148 521 territus
1160 469 1291 536 potestate
1310 465 1427 532 Domini,
1446 462 1611 517 conomtitur
1624 460 1662 514 ad
1678 459 1889 514 mumicmdiam

1038 556 1153 609 bomini.
1169 553 1302 608 Seductus
1317 551 1428 606 mimab
1442 552 1561 616 inimico,
1576 565 1636 604 cum
1647 551 1716 604 esset
1727 546 1828 617 fidelis,
1842 546 1891 600 diu

1038 642 1241 704 anathematicus
1262 643 1317 707 suit
1339 640 1490 694 :seductus
1509 639 1645 704 seducens,
1670 636 1796 707 deceptus
1817 635 1891 689 deei-

1038 730 1235 800 praestiterit,
1250 729 1360 795 fefellit,
1376 729 1462 782 multa
1476 727 1617 781 mendacia
1627 727 1730 781 loeutus
1743 728 1784 780 est
1797 729 1893 780 contra

1040 822 1132 883 licum,
1159 821 1208 887 qui
1232 818 1308 872 dedit
1336 816 1487 871 bominibus
1506 818 1665 885 potestatem
1678 811 1893 882 saeiendi‘quod

1041 909 1138 961 bouum
1152 912 1199 970 est,
1216 914 1241 960 et
1255 922 1309 960 nou
1322 904 1444 974 [amendi
1458 904 1531 976 quod
1540 905 1642 959 mutum
1651 907 1700 958 est.
1714 902 1768 958 lste
1776 901 1889 966 dicebat,

1041 998 1106 1065 qnia
1119 995 1284 1049 adulterium
1296 1010 1349 1049 non
1364 993 1484 1062 {ociebet
1495 995 1619 1048 saturatas
1631 993 1758 1061 propria,
1772 991 1819 1045 sed
1836 991 1891 1045 Ve'·

1040 1098 1108 1150 reus,
1122 1086 1148 1137 et
1163 1083 1338 1138 homicidium
1358 1097 1411 1136 raon
1430 1082 1550 1148 faciebat
1563 1083 1688 1135 uoluntas
1705 1080 1833 1150 propriu,
1847 1077 1894 1132 scd

1042 1176 1132 1240 Mars3
1154 1177 1180 1226 et
1190 1173 1295 1241 justam
1316 1186 1369 1225 nori
1383 1169 1501 1238 iaciebat
1514 1172 1594 1234 Deus,
1610 1168 1658 1224 scd
1671 1169 1769 1223 louis:
1788 1171 1815 1222 et
1837 1168 1894 1219 alia

1042 1262 1128 1315 resulta
1148 1261 1280 1328 sacrilepa
1298 1275 1351 1314 non
1367 1274 1466 1329 parua.
1489 1258 1575 1326 Quam
1592 1258 1685 1312 multis
1710 1271 1771 1311 eum
1787 1259 1894 1326 putatu

1043 1351 1201 1404 claristianis
1218 1363 1341 1404 nummos
1354 1348 1517 1403 abstulisse?
1532 1349 1618 1418 ουαηι
1627 1346 1708 1401 multi
1721 1344 1756 1399 ab
1770 1343 1818 1399 itio
1832 1359 1895 1398 ems

1042 1444 1108 1491 runt
1130 1437 1320 1492 mendacium?
1338 1437 1427 1503 Modo,
1453 1438 1523 1491 sicut
1538 1435 1571 1489 de
1596 1435 1643 1489 illo
1662 1433 1827 1489 credendum
1845 1437 1892 1497 est,

1045 1529 1151 1582 torruit
1174 1527 1353 1588 mendacium,
1379 1531 1404 1580 et
1424 1527 1570 1580 maltorum
1592 1526 1728 1579 bominum
1751 1525 1894 1578 illectorem

1044 1632 1072 1671 se
1096 1615 1245 1683 aliquando
1268 1632 1283 1670 a
1306 1615 1413 1670 diabolo
1429 1616 1513 1669 sensit
1533 1615 1665 1676 illectumr
1682 1611 1895 1668 concutiturad

1046 1708 1128 1759 Ecum
1150 1707 1290 1774 peniteas.
1314 1707 1454 1769 Putamus,
1478 1707 1591 1771 fratres,
1618 1703 1651 1757 de
1674 1718 1772 1771 mapuo
1806 1704 1895 1757 timore

1047 1793 1135 1847 cordis
1150 1793 1288 1848 eccidisse.
1312 1793 1384 1860 Quid
1398 1795 1469 1847 enim
1487 1792 1591 1846 dicturi
1604 1790 1718 1847 sumus?
1730 1792 1855 1859 Namque
1873 1790 1896 1844 si

1046 1899 1081 1938 es
1091 1898 1200 1952 popano
1213 1888 1411 1937 converteretur
1419 1883 1635 1950 mathematicus,
1649 1896 1780 1947 acapnum
1791 1880 1896 1951 quidem

1047 1977 1113 2026 esset
1127 1972 1273 2040 pendium
1289 1972 1336 2025 sed
1350 1976 1438 2024 tamen
1455 1975 1545 2040 posset
1559 1970 1657 2035 uideri,
1674 1970 1741 2038 quia
1755 1971 1782 2024 si
1796 1984 1896 2023 eonem·

1047 2075 1093 2114 sus
1118 2065 1194 2128 esset,
1220 2061 1375 2115 clericatum
1403 2064 1533 2129 quareret
1554 2060 1582 2112 in
1612 2058 1740 2113 Ecclesia.
1762 2059 1896 2113 'Psanitear

1048 2153 1101 2215 est;
1129 2165 1183 2204 non
1210 2151 1308 2218 querit
1331 2151 1387 2202 nisi
1411 2149 1495 2202 sotem
1514 2147 1737 2201 misericordiam.
1763 2146 1895 2202 commea·

1049 2237 1157 2292 dandus
1169 2242 1208 2291 est
1226 2252 1287 2304 erpo
1301 2240 1326 2291 et
1341 2239 1422 2291 ocutis
1437 2242 1462 2290 et
1476 2236 1599 2289 cordibus
1614 2237 1722 2290 cestris.
1738 2236 1811 2290 Eum
1824 2250 1896 2304 qaeu

1049 2325 1158 2393 uidetis,
1173 2325 1299 2380 cordibus
1317 2331 1416 2391 amiate,
1441 2326 1524 2380 oculis
1543 2324 1683 2378 eustaiite.
1703 2324 1799 2379 Videte
1813 2325 1894 2387 iilum,

1049 2417 1142 2468 scitote
1163 2416 1250 2480 illum,
1272 2419 1298 2469 et
1326 2429 1493 2483 qaaecumque
1515 2415 1561 2467 ille
1584 2413 1735 2477 transierit,
1764 2413 1895 2479 tratribus

1051 2505 1162 2571 caetmis,
1173 2506 1222 2572 qrci
1233 2503 1311 2557 modo
1324 2503 1366 2556 bie
1378 2518 1431 2557 non
1446 2506 1518 2567 sucat,
1531 2503 1661 2555 ostendite
1675 2502 1755 2555 illum
1775 2515 1783 2555 ι
1800 2505 1826 2555 et
1848 2504 1896 2555 ista

1051 2589 1196 2658 ditipcntia
1208 2592 1395 2645 misericordia
1407 2594 1455 2655 est,
1467 2605 1500 2643 ne
1512 2591 1558 2643 itte
1570 2589 1696 2643 seductor
1706 2589 1833 2644 retrahat
1845 2600 1894 2653 aar,

1051 2684 1076 2730 el
1094 2683 1239 2748 oppuqnet.
1257 2678 1394 2734 Custodite
1412 2693 1468 2740 ros,
1488 2693 1541 2730 non
1562 2692 1607 2731 ros
1630 2678 1716 2732 lateat
1738 2678 1897 2732 contumatia

1052 2769 1120 2833 eius,
1147 2770 1195 2821 oia
1216 2768 1288 2836 ejus;
1304 2772 1335 2820 nt
1350 2768 1498 2821 testimonio
1513 2772 1600 2820 restro
1615 2767 1693 2819 nobis
1717 2766 1896 2836 confirmetur,

1052 2870 1112 2907 rare
1125 2857 1201 2908 iilum
1222 2855 1259 2909 ad
1278 2857 1416 2910 Domirmm
1436 2870 1491 2908 esse
1504 2869 1667 2908 conuersum.
1686 2855 1745 2910 Non
1759 2857 1830 2910 enim
1842 2855 1897 2909 site·
1935 2876 1938 2881 -

1052 2943 1091 2996 bit
1104 2945 1182 3010 sama
1197 2943 1230 2996 de
1251 2945 1309 2997 rita
1333 2944 1403 3012 ejus,
1426 2943 1534 3012 quarndo
1549 2946 1589 2996 aia
1602 2943 1676 2997 robis
1691 2948 1718 2996 et
1732 2943 1864 2998 reiciendus
1875 2944 1899 2995 et

1051 3028 1221 3085 miserandus
1237 3031 1358 3099 offertur.
1375 3033 1465 3086 Nostis
1485 3031 1514 3084 in
1527 3030 1632 3085 actibus
1646 3031 1840 3100 Apostolorum
1850 3044 1897 3085 ese

1052 3121 1192 3188 scriptum,
1214 3122 1279 3188 quia
1297 3119 1376 3172 ceratiti
1390 3119 1501 3188 perditi,
1523 3119 1554 3171 id
1567 3123 1614 3181 cst,
1631 3120 1730 3172 tatirtm
1742 3122 1843 3174 artirnn
1856 3118 1896 3172 tro·

1053 3209 1136 3260 cairus
1162 3213 1187 3260 et
1220 3207 1405 3261 doctrinarum
1433 3209 1603 3274 nefariarum
1634 3211 1791 3272 sectatores,
1816 3221 1895 3262 oman
1928 3222 1931 3227 ·

1053 3296 1155 3349 codices
1169 3311 1230 3350 suos
1240 3295 1277 3348 od
1292 3297 1433 3365 Apostolos
1447 3296 1606 3355 attulerunt.
1618 3301 1643 3350 et
1655 3297 1762 3350 incessi
1769 3295 1897 3351 srmtlibri

1054 3391 1108 3437 taran
1129 3385 1218 3449 nrulti,
1234 3389 1264 3437 ut
1285 3387 1432 3454 pertineret
1459 3384 1496 3438 ad
1519 3387 1676 3454 scriptorem
1702 3386 1894 3439 estimationem

1053 3489 1143 3526 coium
1157 3476 1258 3540 tacere,
1281 3479 1306 3526 et
1328 3488 1460 3527 summam
1473 3475 1557 3542 pretii
1569 3473 1735 3526 conscribere
1750 3473 1824 3540 (Act.
1847 3486 1893 3537 ru,

1056 3563 1108 3630 la).
1125 3563 1179 3616 Hoc
1206 3563 1300 3631 utique
1322 3567 1433 3631 propter
1454 3562 1570 3629 pieriam
1594 3559 1649 3626 ltei,
1675 3576 1709 3615 ne
1731 3563 1801 3617 tates
1824 3562 1894 3616 marr

1052 3650 1155 3719 perditi
1176 3649 1383 3718 desperarentur
1405 3649 1439 3702 ab
1458 3651 1515 3715 itte,
1538 3651 1586 3718 qui
1600 3651 1676 3704 nouit
1696 3665 1817 3720 quaerere
1834 3646 1894 3718 prod

1050 3740 1177 3807 paruerat.
1208 3740 1329 3793 Perierat
1354 3753 1416 3807 erpo
1439 3741 1498 3804 iste,
1520 3753 1591 3792 nunc
1613 3740 1754 3806 qreesitus,
1771 3738 1891 3801 incende,
1928 3806 1938 3815 =

1053 3826 1186 3881 adductus
1212 3832 1251 3882 est
1265 3845 1273 3881 ε
1289 3831 1380 3896 portat
1402 3841 1490 3881 secum
1513 3826 1616 3880 codices
1640 3825 1831 3892 incendendos,
1850 3837 1893 3894 ‘ptr
1925 3818 1938 3907 2

1053 3929 1118 3984 quos
1132 3918 1226 3982 suerat
1239 3915 1435 3982 incendendus;
1456 3919 1486 3970 ut
1513 3915 1570 3970 iltis
1584 3917 1613 3969 iu
1626 3917 1715 3984 ipnem
1732 3917 1834 3984 missas,
1846 3916 1893 3985 ipe

1052 4005 1082 4057 in
1095 4005 1271 4072 refrigerium
1284 4008 1413 4058 transeat.
1428 4004 1529 4060 Sciatis
1540 4019 1598 4058 eum
1615 4008 1713 4075 tamen,
1729 4002 1892 4071 tratresplin
1936 3996 1938 4021 ³

1052 4092 1162 4159 reuisere
1190 4093 1227 4146 ad
1241 4095 1388 4148 Ecclesiam
1403 4098 1465 4146 ente
1485 4094 1590 4147 Pasclra
1611 4111 1620 4146 :
1642 4096 1704 4146 arata
1721 4087 1824 4147 Pascha
1836 4087 1892 4145 ente

1052 4183 1130 4248 capit
1154 4187 1244 4251 petere
1272 4182 1305 4236 de
1329 4182 1446 4236 Ecclesia
1465 4182 1568 4237 Christi
1580 4181 1754 4235 medicinam.
1770 4180 1888 4250 Sedquil
1932 4166 1938 4171 ¹

1053 4272 1116 4324 talis
1131 4276 1170 4324 est
1184 4286 1240 4335 ers,
1256 4272 1285 4324 in
1299 4286 1354 4340 qua
1368 4271 1531 4327 caercitatus
1544 4274 1612 4332 erat,
1626 4284 1686 4337 que
1699 4274 1824 4340 suspecta
1837 4269 1890 4322 estet
1936 4324 1938 4329 ,

1052 4360 1085 4413 de
1098 4358 1236 4414 mendacio
1248 4363 1329 4428 atque
1348 4360 1473 4426 fallacia,
1493 4358 1596 4412 ditatus
1613 4363 1662 4418 est,
1677 4373 1710 4411 ne
1725 4360 1856 4422 tentaret3
1872 4357 1890 4407 et

1052 4448 1295 4518 aliquandotamen
1308 4448 1443 4502 admissus
1453 4450 1502 4513 est,
1512 4462 1544 4500 ue
1553 4448 1734 4516 periculosius
1745 4449 1889 4501 tentaretur.
1934 4472 1938 4525 .]

1053 4539 1134 4594 Orate
1146 4552 1196 4606 pro
1210 4536 1256 4591 illo
1270 4552 1318 4607 per
1334 4538 1479 4592 Christum.
1495 4549 1607 4605 prorsus
1622 4535 1783 4590 hodiernam
1800 4528 1890 4606 praeta
1934 4536 1938 4603 ζ

1051 4643 1101 4696 pro
1114 4626 1277 4691 illotundite
1289 4627 1399 4680 Domino
1412 4628 1463 4679 Deo
1477 4629 1579 4679 nostro.
1599 4625 1702 4680 Scimm
1713 4626 1785 4679 enim
1796 4628 1822 4678 rt
1834 4621 1889 4677 certi
1935 4632 1938 4707 g

1052 4730 1154 4780 sumus,
1171 4716 1237 4784 quia
1261 4717 1348 4769 oratio
1373 4719 1464 4769 irestro
1477 4713 1547 4767 delet
1560 4727 1650 4768 omncs
1662 4715 1818 4784 impietates
1834 4708 1889 4782 eiua.
1935 4710 1938 4783 i

1054 4807 1180 4858 Dominus
1194 4804 1330 4858 uobiscum
1345 4802 1456 4874 (Enarr.
1471 4804 1501 4856 in
1516 4803 1588 4856 Psoi.
1608 4818 1664 4868 axi,
1678 4817 1707 4856 n.
1722 4800 1777 4873 tt).

1089 4896 1114 4947 6.
1143 4893 1264 4956 Quidam
1290 4893 1408 4946 nomine
1429 4890 1599 4962 Lampadius
1625 4891 1753 4963 aliquam
1766 4881 1888 4945 huicarti
1936 4906 1938 4919 ¹

1052 4980 1138 5034 fidem
1152 4979 1312 5034 adhibebat.
1324 4981 1353 5035 ld
1370 4978 1417 5033 ubi
1438 4978 1615 5048 Augustinus
1629 4994 1662 5033 ax
1685 4976 1830 5049 colloquio
1841 4970 1889 5046 pd-
1932 5000 1938 5083 1

1053 5085 1142 5131 marm,
1160 5068 1225 5123 dein
1241 5084 1274 5122 ex
1293 5067 1395 5122 litteris
1414 5066 1448 5120 ab
1475 5066 1575 5121 eodem
1603 5066 1725 5138 acceptis
1740 5061 1891 5122 certirrsin·
1933 5086 1938 5129 t

1053 5157 1171 5226 tellexit,
1195 5156 1293 5228 paucis
1314 5155 1341 5210 ei
1363 5155 1508 5226 rescripsit
1527 5158 1625 5225 (Epist.
1651 5157 1725 5224 aaa),
1741 5155 1821 5227 leges
1834 5148 1891 5209 dlvi·
1936 5182 1938 5189 ·

1052 5262 1104 5300 nas
1129 5251 1158 5300 et
1185 5246 1335 5311 laumense,
1362 5244 1516 5316 omniaque
1544 5243 1666 5315 publicae
1690 5259 1723 5298 ac
1741 5239 1892 5299 dometius

1054 5332 1211 5405 disciplinas
1224 5332 1364 5400 instituta,
1380 5332 1520 5403 perversis
1532 5331 1582 5385 lati
1592 5335 1620 5384 et
1635 5330 1747 5385 virtutis
1761 5336 1892 5385 astrorum

1053 5423 1082 5477 iu
1097 5424 1237 5477 harmanas
1252 5423 1375 5476 actiones
1395 5420 1580 5492 opinionibus
1598 5418 1716 5490 penitus
1741 5413 1894 5474 labefactari

1056 5516 1141 5584 atqua
1156 5501 1280 5567 subverti
1300 5527 1307 5567 z
1331 5510 1407 5583 ipsos
1421 5509 1506 5565 etiam
1527 5508 1744 5565 mathematicos
1756 5523 1815 5564 noa
1829 5506 1892 5563 adea
