<?xml version="1.0" encoding="UTF-8"?>
<!DOCTYPE html PUBLIC "-//W3C//DTD XHTML 1.0 Transitional//EN"
    "http://www.w3.org/TR/xhtml1/DTD/xhtml1-transitional.dtd">
<html xmlns="http://www.w3.org/1999/xhtml" xml:lang="en" lang="en">
 <head>
  <title>
</title>
<meta http-equiv="Content-Type" content="text/html;charset=utf-8" />
  <meta name='ocr-system' content='tesseract 3.04.00' />
  <meta name='ocr-capabilities' content='ocr_page ocr_carea ocr_par ocr_line ocrx_word'/>
</head>
<body>
  <div class='ocr_page' id='page_1' title='image "./patrologiaecurs02migngoog_0046.png"; bbox 0 0 3884 6112; ppageno 0'>
   <div class='ocr_carea' id='block_1_1' title="bbox 132 243 1893 309">
    <p class='ocr_par' dir='ltr' id='par_1_1' title="bbox 132 243 1893 309">
     <span class='ocr_line' id='line_1_1' title="bbox 132 243 1893 309; baseline -0.003 0"><span class='ocrx_word' id='word_1_1' title='bbox 132 256 162 309; x_wconf 77' lang='lat' dir='ltr'><strong>il</strong></span> <span class='ocrx_word' id='word_1_2' title='bbox 736 248 825 305; x_wconf 76' lang='lat' dir='ltr'><strong>vlia</strong></span> <span class='ocrx_word' id='word_1_3' title='bbox 844 246 876 303; x_wconf 90' lang='lat' dir='ltr'><strong>S.</strong></span> <span class='ocrx_word' id='word_1_4' title='bbox 899 243 1093 304; x_wconf 76' lang='lat' dir='ltr'><strong>euausttrtt</strong></span> <span class='ocrx_word' id='word_1_5' title='bbox 1116 244 1286 303; x_wconf 85' lang='lat' dir='ltr'><strong>EPISCOPI.</strong></span> <span class='ocrx_word' id='word_1_6' title='bbox 1857 252 1893 304; x_wconf 74' lang='lat' dir='ltr'><strong>‘ii</strong></span> 
     </span>
    </p>
   </div>
   <div class='ocr_carea' id='block_1_2' title="bbox 131 370 1938 1340">
    <p class='ocr_par' dir='ltr' id='par_1_2' title="bbox 131 370 1938 1340">
     <span class='ocr_line' id='line_1_2' title="bbox 132 370 1895 447; baseline 0 -16"><span class='ocrx_word' id='word_1_7' title='bbox 132 376 242 431; x_wconf 91' lang='lat' dir='ltr'><strong>interea</strong></span> <span class='ocrx_word' id='word_1_8' title='bbox 263 375 363 447; x_wconf 85' lang='lat' dir='ltr'><strong>jacuit,</strong></span> <span class='ocrx_word' id='word_1_9' title='bbox 380 374 478 432; x_wconf 89' lang='lat' dir='ltr'><strong>multis</strong></span> <span class='ocrx_word' id='word_1_10' title='bbox 493 373 555 446; x_wconf 89' lang='lat' dir='ltr'><strong>ipse</strong></span> <span class='ocrx_word' id='word_1_11' title='bbox 569 373 663 434; x_wconf 82' lang='lat' dir='ltr'><strong>verbis</strong></span> <span class='ocrx_word' id='word_1_12' title='bbox 688 373 836 445; x_wconf 77' lang='lat' dir='ltr'><strong>deplorat:</strong></span> <span class='ocrx_word' id='word_1_13' title='bbox 853 388 910 446; x_wconf 82' lang='lat' dir='ltr'><strong>quo</strong></span> <span class='ocrx_word' id='word_1_14' title='bbox 925 370 986 444; x_wconf 89' lang='lat' dir='ltr'><strong>qui·</strong></span> <span class='ocrx_word' id='word_1_15' title='bbox 1038 371 1171 440; x_wconf 80' lang='lat' dir='ltr'><strong>palaestra</strong></span> <span class='ocrx_word' id='word_1_16' title='bbox 1185 370 1294 442; x_wconf 90' lang='lat' dir='ltr'><strong>primas</strong></span> <span class='ocrx_word' id='word_1_17' title='bbox 1308 370 1458 427; x_wconf 77' lang='lat' dir='ltr'>confestim</span> <span class='ocrx_word' id='word_1_18' title='bbox 1470 371 1572 438; x_wconf 88' lang='lat' dir='ltr'><strong>tenuit,</strong></span> <span class='ocrx_word' id='word_1_19' title='bbox 1583 373 1660 430; x_wconf 89' lang='lat' dir='ltr'><strong>unde</strong></span> <span class='ocrx_word' id='word_1_20' title='bbox 1674 389 1734 430; x_wconf 93' lang='lat' dir='ltr'><strong>non</strong></span> <span class='ocrx_word' id='word_1_21' title='bbox 1747 374 1809 430; x_wconf 91' lang='lat' dir='ltr'><strong>siue</strong></span> <span class='ocrx_word' id='word_1_22' title='bbox 1819 375 1895 430; x_wconf 87' lang='lat' dir='ltr'><strong>tastu</strong></span> 
     </span>
     <span class='ocr_line' id='line_1_3' title="bbox 133 442 1894 537; baseline 0.001 -18"><span class='ocrx_word' id='word_1_23' title='bbox 133 463 198 520; x_wconf 89' lang='lat' dir='ltr'><strong>dem</strong></span> <span class='ocrx_word' id='word_1_24' title='bbox 213 468 395 536; x_wconf 69' lang='lat' dir='ltr'><strong>temperant</strong></span> <span class='ocrx_word' id='word_1_25' title='bbox 409 464 547 536; x_wconf 88' lang='lat' dir='ltr'><strong>loquitur,</strong></span> <span class='ocrx_word' id='word_1_26' title='bbox 555 462 652 519; x_wconf 85' lang='lat' dir='ltr'><strong>satiari</strong></span> <span class='ocrx_word' id='word_1_27' title='bbox 661 462 761 518; x_wconf 89' lang='lat' dir='ltr'><strong>inferis</strong></span> <span class='ocrx_word' id='word_1_28' title='bbox 776 442 880 517; x_wconf 70' lang='lat' dir='ltr'><strong>exarsit</strong></span> <span class='ocrx_word' id='word_1_29' title='bbox 892 459 984 531; x_wconf 79' lang='lat' dir='ltr'><strong>(leid,</strong></span> <span class='ocrx_word' id='word_1_30' title='bbox 1039 465 1068 517; x_wconf 92' lang='lat' dir='ltr'><strong>et</strong></span> <span class='ocrx_word' id='word_1_31' title='bbox 1082 460 1206 517; x_wconf 89' lang='lat' dir='ltr'><strong>elatione</strong></span> <span class='ocrx_word' id='word_1_32' title='bbox 1221 461 1321 537; x_wconf 81' lang='lat' dir='ltr'><strong>animi,</strong></span> <span class='ocrx_word' id='word_1_33' title='bbox 1332 461 1437 532; x_wconf 90' lang='lat' dir='ltr'><strong>gaudio</strong></span> <span class='ocrx_word' id='word_1_34' title='bbox 1451 462 1657 535; x_wconf 75' lang='lat' dir='ltr'><strong>triumphabat.</strong></span> <span class='ocrx_word' id='word_1_35' title='bbox 1669 463 1785 521; x_wconf 74' lang='lat' dir='ltr'><strong>Ceteris</strong></span> <span class='ocrx_word' id='word_1_36' title='bbox 1795 470 1894 521; x_wconf 88' lang='lat' dir='ltr'><strong>temen</strong></span> 
     </span>
     <span class='ocr_line' id='line_1_4' title="bbox 132 547 1894 626; baseline 0.002 -18"><span class='ocrx_word' id='word_1_37' title='bbox 132 569 196 625; x_wconf 88' lang='lat' dir='ltr'><strong>cap.</strong></span> <span class='ocrx_word' id='word_1_38' title='bbox 217 556 242 621; x_wconf 91' lang='lat' dir='ltr'><strong>l,</strong></span> <span class='ocrx_word' id='word_1_39' title='bbox 257 570 286 609; x_wconf 91' lang='lat' dir='ltr'><strong>n.</strong></span> <span class='ocrx_word' id='word_1_40' title='bbox 304 553 339 626; x_wconf 89' lang='lat' dir='ltr'><strong>l).</strong></span> <span class='ocrx_word' id='word_1_41' title='bbox 357 554 413 608; x_wconf 91' lang='lat' dir='ltr'><strong>Nee</strong></span> <span class='ocrx_word' id='word_1_42' title='bbox 428 553 463 609; x_wconf 90' lang='lat' dir='ltr'><strong>de</strong></span> <span class='ocrx_word' id='word_1_43' title='bbox 482 552 573 609; x_wconf 90' lang='lat' dir='ltr'><strong>nimia</strong></span> <span class='ocrx_word' id='word_1_44' title='bbox 588 551 789 609; x_wconf 90' lang='lat' dir='ltr'><strong>tantummodo</strong></span> <span class='ocrx_word' id='word_1_45' title='bbox 804 549 917 605; x_wconf 87' lang='lat' dir='ltr'><strong>licentia</strong></span> <span class='ocrx_word' id='word_1_46' title='bbox 929 547 983 603; x_wconf 91' lang='lat' dir='ltr'><strong>sibi</strong></span> <span class='ocrx_word' id='word_1_47' title='bbox 1037 549 1212 606; x_wconf 82' lang='lat' dir='ltr'><strong>scholasticis</strong></span> <span class='ocrx_word' id='word_1_48' title='bbox 1228 551 1401 607; x_wconf 80' lang='lat' dir='ltr'><strong>moderatius</strong></span> <span class='ocrx_word' id='word_1_49' title='bbox 1416 567 1445 606; x_wconf 89' lang='lat' dir='ltr'><strong>se</strong></span> <span class='ocrx_word' id='word_1_50' title='bbox 1458 551 1586 622; x_wconf 78' lang='lat' dir='ltr'><strong>gerebat,</strong></span> <span class='ocrx_word' id='word_1_51' title='bbox 1596 553 1669 608; x_wconf 89' lang='lat' dir='ltr'><strong>etab</strong></span> <span class='ocrx_word' id='word_1_52' title='bbox 1681 553 1782 609; x_wconf 89' lang='lat' dir='ltr'><strong>insana</strong></span> <span class='ocrx_word' id='word_1_53' title='bbox 1792 571 1894 611; x_wconf 86' lang='lat' dir='ltr'><strong>eorrrm</strong></span> 
     </span>
     <span class='ocr_line' id='line_1_5' title="bbox 134 636 1895 715; baseline 0 -15"><span class='ocrx_word' id='word_1_54' title='bbox 134 660 267 701; x_wconf 82' lang='lat' dir='ltr'><strong>concessa</strong></span> <span class='ocrx_word' id='word_1_55' title='bbox 287 641 435 715; x_wconf 87' lang='lat' dir='ltr'><strong>queritur;</strong></span> <span class='ocrx_word' id='word_1_56' title='bbox 456 642 504 697; x_wconf 92' lang='lat' dir='ltr'><strong>sed</strong></span> <span class='ocrx_word' id='word_1_57' title='bbox 523 641 610 697; x_wconf 89' lang='lat' dir='ltr'><strong>etiam</strong></span> <span class='ocrx_word' id='word_1_58' title='bbox 625 642 701 714; x_wconf 87' lang='lat' dir='ltr'><strong>quod</strong></span> <span class='ocrx_word' id='word_1_59' title='bbox 721 644 812 696; x_wconf 90' lang='lat' dir='ltr'><strong>mater</strong></span> <span class='ocrx_word' id='word_1_60' title='bbox 826 655 858 694; x_wconf 88' lang='lat' dir='ltr'><strong>ex</strong></span> <span class='ocrx_word' id='word_1_61' title='bbox 873 656 929 711; x_wconf 92' lang='lat' dir='ltr'><strong>quo</strong></span> <span class='ocrx_word' id='word_1_62' title='bbox 944 636 984 691; x_wconf 85' lang='lat' dir='ltr'><strong>vi·</strong></span> <span class='ocrx_word' id='word_1_63' title='bbox 1036 639 1209 695; x_wconf 80' lang='lat' dir='ltr'><strong>abhorrebat</strong></span> <span class='ocrx_word' id='word_1_64' title='bbox 1233 639 1357 707; x_wconf 89' lang='lat' dir='ltr'><strong>licentia,</strong></span> <span class='ocrx_word' id='word_1_65' title='bbox 1374 639 1423 712; x_wconf 87' lang='lat' dir='ltr'><strong>qui</strong></span> <span class='ocrx_word' id='word_1_66' title='bbox 1443 641 1610 697; x_wconf 79' lang='lat' dir='ltr'><strong>Erersorum</strong></span> <span class='ocrx_word' id='word_1_67' title='bbox 1629 658 1745 710; x_wconf 88' lang='lat' dir='ltr'><strong>namen,</strong></span> <span class='ocrx_word' id='word_1_68' title='bbox 1765 643 1895 700; x_wconf 78' lang='lat' dir='ltr'><strong>iufamia</strong></span> 
     </span>
     <span class='ocr_line' id='line_1_6' title="bbox 132 727 1894 805; baseline -0.001 -14"><span class='ocrx_word' id='word_1_69' title='bbox 132 751 198 791; x_wconf 94' lang='lat' dir='ltr'><strong>rum</strong></span> <span class='ocrx_word' id='word_1_70' title='bbox 213 749 300 805; x_wconf 88' lang='lat' dir='ltr'><strong>supra</strong></span> <span class='ocrx_word' id='word_1_71' title='bbox 320 737 478 789; x_wconf 88' lang='lat' dir='ltr'><strong>memorata</strong></span> <span class='ocrx_word' id='word_1_72' title='bbox 492 732 661 787; x_wconf 71' lang='lat' dir='ltr'><strong>referentem</strong></span> <span class='ocrx_word' id='word_1_73' title='bbox 677 730 823 799; x_wconf 82' lang='lat' dir='ltr'><strong>audiisset,</strong></span> <span class='ocrx_word' id='word_1_74' title='bbox 837 729 906 784; x_wconf 88' lang='lat' dir='ltr'><strong>satis</strong></span> <span class='ocrx_word' id='word_1_75' title='bbox 921 744 982 783; x_wconf 90' lang='lat' dir='ltr'><strong>esse</strong></span> <span class='ocrx_word' id='word_1_76' title='bbox 1036 742 1124 783; x_wconf 79' lang='lat' dir='ltr'><strong>causa</strong></span> <span class='ocrx_word' id='word_1_77' title='bbox 1138 727 1193 783; x_wconf 91' lang='lat' dir='ltr'><strong>sibi</strong></span> <span class='ocrx_word' id='word_1_78' title='bbox 1203 728 1305 784; x_wconf 88' lang='lat' dir='ltr'><strong>merito</strong></span> <span class='ocrx_word' id='word_1_79' title='bbox 1319 728 1499 800; x_wconf 89' lang='lat' dir='ltr'><strong>impositum,</strong></span> <span class='ocrx_word' id='word_1_80' title='bbox 1510 730 1589 785; x_wconf 86' lang='lat' dir='ltr'><strong>relat</strong></span> <span class='ocrx_word' id='word_1_81' title='bbox 1598 730 1769 787; x_wconf 85' lang='lat' dir='ltr'><strong>urbanitatis</strong></span> <span class='ocrx_word' id='word_1_82' title='bbox 1780 732 1894 804; x_wconf 76' lang='lat' dir='ltr'><strong>insigne</strong></span> 
     </span>
     <span class='ocr_line' id='line_1_7' title="bbox 132 816 1889 896; baseline -0.001 -17"><span class='ocrx_word' id='word_1_83' title='bbox 132 823 286 896; x_wconf 79' lang='lat' dir='ltr'><strong>putaverit,</strong></span> <span class='ocrx_word' id='word_1_84' title='bbox 304 821 359 893; x_wconf 90' lang='lat' dir='ltr'><strong>ipsi</strong></span> <span class='ocrx_word' id='word_1_85' title='bbox 383 820 508 876; x_wconf 84' lang='lat' dir='ltr'><strong>colendae</strong></span> <span class='ocrx_word' id='word_1_86' title='bbox 528 819 665 874; x_wconf 90' lang='lat' dir='ltr'><strong>castitatis</strong></span> <span class='ocrx_word' id='word_1_87' title='bbox 687 818 795 883; x_wconf 87' lang='lat' dir='ltr'><strong>monita</strong></span> <span class='ocrx_word' id='word_1_88' title='bbox 818 816 982 885; x_wconf 75' lang='lat' dir='ltr'><strong>tradidisse,</strong></span> <span class='ocrx_word' id='word_1_89' title='bbox 1036 817 1200 887; x_wconf 89' lang='lat' dir='ltr'><strong>petulanter</strong></span> <span class='ocrx_word' id='word_1_90' title='bbox 1214 816 1396 872; x_wconf 85' lang='lat' dir='ltr'><strong>ostentabant</strong></span> <span class='ocrx_word' id='word_1_91' title='bbox 1412 819 1538 887; x_wconf 79' lang='lat' dir='ltr'><strong>(Cmfess.</strong></span> <span class='ocrx_word' id='word_1_92' title='bbox 1554 819 1602 873; x_wconf 88' lang='lat' dir='ltr'><strong>fib.</strong></span> <span class='ocrx_word' id='word_1_93' title='bbox 1628 823 1652 885; x_wconf 91' lang='grc'><strong>3,</strong></span> <span class='ocrx_word' id='word_1_94' title='bbox 1667 835 1727 891; x_wconf 89' lang='lat' dir='ltr'><strong>cup.</strong></span> <span class='ocrx_word' id='word_1_95' title='bbox 1746 822 1772 888; x_wconf 89' lang='grc'><strong>3,</strong></span> <span class='ocrx_word' id='word_1_96' title='bbox 1797 837 1826 876; x_wconf 87' lang='lat' dir='ltr'><strong>n.</strong></span> <span class='ocrx_word' id='word_1_97' title='bbox 1847 824 1889 892; x_wconf 82' lang='lat'><strong>6).</strong></span> 
     </span>
     <span class='ocr_line' id='line_1_8' title="bbox 134 905 1938 985; baseline -0.002 -17"><span class='ocrx_word' id='word_1_98' title='bbox 134 929 228 985; x_wconf 89' lang='lat' dir='ltr'><strong>neque</strong></span> <span class='ocrx_word' id='word_1_99' title='bbox 242 909 421 982; x_wconf 89' lang='lat' dir='ltr'><strong>diligentiam</strong></span> <span class='ocrx_word' id='word_1_100' title='bbox 437 908 609 971; x_wconf 88' lang='lat' dir='ltr'><strong>adhibuerit,</strong></span> <span class='ocrx_word' id='word_1_101' title='bbox 625 924 682 980; x_wconf 90' lang='lat' dir='ltr'><strong>quo</strong></span> <span class='ocrx_word' id='word_1_102' title='bbox 696 906 891 981; x_wconf 89' lang='lat' dir='ltr'><strong>pestilentiosa</strong></span> <span class='ocrx_word' id='word_1_103' title='bbox 904 923 935 962; x_wconf 91' lang='lat' dir='ltr'><strong>ac</strong></span> <span class='ocrx_word' id='word_1_104' title='bbox 953 906 983 961; x_wconf 90' lang='lat' dir='ltr'><strong>in</strong></span> <span class='ocrx_word' id='word_1_105' title='bbox 1037 905 1122 960; x_wconf 82' lang='lat' dir='ltr'><strong>Foeda</strong></span> <span class='ocrx_word' id='word_1_106' title='bbox 1141 909 1170 961; x_wconf 90' lang='lat' dir='ltr'><strong>et</strong></span> <span class='ocrx_word' id='word_1_107' title='bbox 1192 905 1389 977; x_wconf 88' lang='lat' dir='ltr'><strong>intemperans</strong></span> <span class='ocrx_word' id='word_1_108' title='bbox 1404 907 1521 963; x_wconf 90' lang='lat' dir='ltr'><strong>illorum</strong></span> <span class='ocrx_word' id='word_1_109' title='bbox 1535 907 1650 964; x_wconf 89' lang='lat' dir='ltr'><strong>licentia</strong></span> <span class='ocrx_word' id='word_1_110' title='bbox 1667 925 1701 964; x_wconf 90' lang='lat' dir='ltr'><strong>ea</strong></span> <span class='ocrx_word' id='word_1_111' title='bbox 1716 925 1807 981; x_wconf 88' lang='lat' dir='ltr'><strong>usque</strong></span> <span class='ocrx_word' id='word_1_112' title='bbox 1826 926 1892 982; x_wconf 90' lang='lat' dir='ltr'><strong>pro·</strong></span> <span class='ocrx_word' id='word_1_113' title='bbox 1936 909 1938 913; x_wconf 77' lang='grc'>’</span> 
     </span>
     <span class='ocr_line' id='line_1_9' title="bbox 132 994 1892 1074; baseline -0.001 -18"><span class='ocrx_word' id='word_1_114' title='bbox 132 1007 281 1074; x_wconf 88' lang='lat' dir='ltr'><strong>posterum</strong></span> <span class='ocrx_word' id='word_1_115' title='bbox 304 997 492 1071; x_wconf 79' lang='lat' dir='ltr'><strong>periculosior</strong></span> <span class='ocrx_word' id='word_1_116' title='bbox 513 996 613 1066; x_wconf 91' lang='lat' dir='ltr'><strong>libido,</strong></span> <span class='ocrx_word' id='word_1_117' title='bbox 638 997 661 1051; x_wconf 90' lang='lat' dir='ltr'><strong>si</strong></span> <span class='ocrx_word' id='word_1_118' title='bbox 685 997 806 1052; x_wconf 90' lang='lat' dir='ltr'><strong>resecari</strong></span> <span class='ocrx_word' id='word_1_119' title='bbox 830 995 865 1052; x_wconf 90' lang='lat' dir='ltr'><strong>ad</strong></span> <span class='ocrx_word' id='word_1_120' title='bbox 887 997 982 1051; x_wconf 83' lang='lat' dir='ltr'><strong>rivum</strong></span> <span class='ocrx_word' id='word_1_121' title='bbox 1037 994 1232 1066; x_wconf 89' lang='lat' dir='ltr'><strong>grediebatur,</strong></span> <span class='ocrx_word' id='word_1_122' title='bbox 1247 999 1279 1050; x_wconf 92' lang='lat' dir='ltr'><strong>ut</strong></span> <span class='ocrx_word' id='word_1_123' title='bbox 1301 995 1332 1050; x_wconf 93' lang='lat' dir='ltr'><strong>in</strong></span> <span class='ocrx_word' id='word_1_124' title='bbox 1357 995 1480 1052; x_wconf 88' lang='lat' dir='ltr'><strong>aliorum</strong></span> <span class='ocrx_word' id='word_1_125' title='bbox 1498 1001 1709 1069; x_wconf 81' lang='lat' dir='ltr'><strong>praeceptorum</strong></span> <span class='ocrx_word' id='word_1_126' title='bbox 1728 998 1840 1053; x_wconf 88' lang='lat' dir='ltr'><strong>scholas</strong></span> <span class='ocrx_word' id='word_1_127' title='bbox 1862 1016 1892 1055; x_wconf 90' lang='lat' dir='ltr'><strong>os</strong></span> 
     </span>
     <span class='ocr_line' id='line_1_10' title="bbox 132 1083 1893 1160; baseline 0 -16"><span class='ocrx_word' id='word_1_128' title='bbox 132 1104 192 1145; x_wconf 89' lang='lat' dir='ltr'><strong>non</strong></span> <span class='ocrx_word' id='word_1_129' title='bbox 206 1093 329 1160; x_wconf 90' lang='lat' dir='ltr'><strong>poterat,</strong></span> <span class='ocrx_word' id='word_1_130' title='bbox 342 1087 446 1158; x_wconf 88' lang='lat' dir='ltr'><strong>injecto</strong></span> <span class='ocrx_word' id='word_1_131' title='bbox 460 1085 582 1158; x_wconf 82' lang='lat' dir='ltr'><strong>legitimi</strong></span> <span class='ocrx_word' id='word_1_132' title='bbox 605 1085 731 1158; x_wconf 86' lang='lat' dir='ltr'><strong>conjugii</strong></span> <span class='ocrx_word' id='word_1_133' title='bbox 744 1086 825 1142; x_wconf 81' lang='lat' dir='ltr'><strong>freno</strong></span> <span class='ocrx_word' id='word_1_134' title='bbox 839 1102 982 1142; x_wconf 87' lang='lat' dir='ltr'><strong>coercere·</strong></span> <span class='ocrx_word' id='word_1_135' title='bbox 1036 1083 1163 1139; x_wconf 88' lang='lat' dir='ltr'><strong>terreum</strong></span> <span class='ocrx_word' id='word_1_136' title='bbox 1177 1084 1335 1155; x_wconf 88' lang='lat' dir='ltr'><strong>procaciter</strong></span> <span class='ocrx_word' id='word_1_137' title='bbox 1353 1085 1502 1153; x_wconf 82' lang='lat' dir='ltr'><strong>inferrent,</strong></span> <span class='ocrx_word' id='word_1_138' title='bbox 1518 1091 1548 1142; x_wconf 88' lang='lat' dir='ltr'><strong>et</strong></span> <span class='ocrx_word' id='word_1_139' title='bbox 1560 1086 1591 1142; x_wconf 93' lang='lat' dir='ltr'><strong>in</strong></span> <span class='ocrx_word' id='word_1_140' title='bbox 1608 1103 1655 1142; x_wconf 89' lang='lat' dir='ltr'><strong>eas</strong></span> <span class='ocrx_word' id='word_1_141' title='bbox 1669 1087 1805 1158; x_wconf 87' lang='lat' dir='ltr'><strong>ingressi,</strong></span> <span class='ocrx_word' id='word_1_142' title='bbox 1820 1088 1893 1144; x_wconf 92' lang='lat' dir='ltr'><strong>ordi·</strong></span> 
     </span>
     <span class='ocr_line' id='line_1_11' title="bbox 131 1173 1889 1248; baseline 0.001 -16"><span class='ocrx_word' id='word_1_143' title='bbox 131 1183 188 1233; x_wconf 86' lang='lat' dir='ltr'><strong>tnr.</strong></span> <span class='ocrx_word' id='word_1_144' title='bbox 203 1179 306 1232; x_wconf 84' lang='lat' dir='ltr'><strong>Verum</strong></span> <span class='ocrx_word' id='word_1_145' title='bbox 321 1192 355 1231; x_wconf 91' lang='lat' dir='ltr'><strong>ea</strong></span> <span class='ocrx_word' id='word_1_146' title='bbox 369 1174 550 1231; x_wconf 87' lang='lat' dir='ltr'><strong>solummodo</strong></span> <span class='ocrx_word' id='word_1_147' title='bbox 565 1191 634 1231; x_wconf 87' lang='lat' dir='ltr'><strong>cura</strong></span> <span class='ocrx_word' id='word_1_148' title='bbox 646 1175 702 1231; x_wconf 86' lang='lat' dir='ltr'><strong>tuit</strong></span> <span class='ocrx_word' id='word_1_149' title='bbox 716 1181 868 1248; x_wconf 88' lang='lat' dir='ltr'><strong>parentum</strong></span> <span class='ocrx_word' id='word_1_150' title='bbox 882 1175 982 1247; x_wconf 89' lang='lat' dir='ltr'><strong>ipsius,</strong></span> <span class='ocrx_word' id='word_1_151' title='bbox 1037 1189 1104 1228; x_wconf 92' lang='lat' dir='ltr'><strong>uem</strong></span> <span class='ocrx_word' id='word_1_152' title='bbox 1113 1173 1146 1229; x_wconf 92' lang='lat' dir='ltr'><strong>ad</strong></span> <span class='ocrx_word' id='word_1_153' title='bbox 1157 1173 1315 1245; x_wconf 88' lang='lat' dir='ltr'><strong>profectum</strong></span> <span class='ocrx_word' id='word_1_154' title='bbox 1325 1173 1551 1246; x_wconf 90' lang='lat' dir='ltr'><strong>discipuloruma</strong></span> <span class='ocrx_word' id='word_1_155' title='bbox 1560 1175 1705 1247; x_wconf 83' lang='lat' dir='ltr'><strong>magistris</strong></span> <span class='ocrx_word' id='word_1_156' title='bbox 1715 1176 1889 1246; x_wconf 90' lang='lat' dir='ltr'><strong>institutum,</strong></span> 
     </span>
     <span class='ocr_line' id='line_1_12' title="bbox 131 1261 1893 1340; baseline 0.002 -19"><span class='ocrx_word' id='word_1_157' title='bbox 131 1271 163 1322; x_wconf 92' lang='lat' dir='ltr'><strong>ut</strong></span> <span class='ocrx_word' id='word_1_158' title='bbox 178 1270 268 1321; x_wconf 90' lang='lat' dir='ltr'><strong>artem</strong></span> <span class='ocrx_word' id='word_1_159' title='bbox 283 1265 356 1320; x_wconf 90' lang='lat' dir='ltr'><strong>bene</strong></span> <span class='ocrx_word' id='word_1_160' title='bbox 371 1263 483 1319; x_wconf 91' lang='lat' dir='ltr'><strong>dicendi</strong></span> <span class='ocrx_word' id='word_1_161' title='bbox 497 1261 748 1336; x_wconf 82' lang='lat' dir='ltr'><strong>persuadendique</strong></span> <span class='ocrx_word' id='word_1_162' title='bbox 763 1263 937 1329; x_wconf 83' lang='lat' dir='ltr'><strong>addiscerct;</strong></span> <span class='ocrx_word' id='word_1_163' title='bbox 952 1278 983 1317; x_wconf 88' lang='lat' dir='ltr'><strong>ac</strong></span> <span class='ocrx_word' id='word_1_164' title='bbox 1035 1261 1144 1319; x_wconf 77' lang='lat' dir='ltr'><strong>furiosa</strong></span> <span class='ocrx_word' id='word_1_165' title='bbox 1157 1262 1282 1335; x_wconf 88' lang='lat' dir='ltr'><strong>qaedam</strong></span> <span class='ocrx_word' id='word_1_166' title='bbox 1302 1263 1396 1320; x_wconf 88' lang='lat' dir='ltr'><strong>fronte</strong></span> <span class='ocrx_word' id='word_1_167' title='bbox 1415 1265 1627 1339; x_wconf 88' lang='lat' dir='ltr'><strong>perturbarent.</strong></span> <span class='ocrx_word' id='word_1_168' title='bbox 1643 1267 1732 1322; x_wconf 73' lang='lat' dir='ltr'><strong>untia</strong></span> <span class='ocrx_word' id='word_1_169' title='bbox 1753 1267 1783 1323; x_wconf 91' lang='lat' dir='ltr'><strong>id</strong></span> <span class='ocrx_word' id='word_1_170' title='bbox 1800 1283 1893 1340; x_wconf 86' lang='lat' dir='ltr'><strong>genus</strong></span> 
     </span>
    </p>
   </div>
   <div class='ocr_carea' id='block_1_3' title="bbox 132 1351 987 2050">
    <p class='ocr_par' dir='ltr' id='par_1_3' title="bbox 132 1351 987 2050">
     <span class='ocr_line' id='line_1_13' title="bbox 133 1351 983 1425; baseline -0.006 -14"><span class='ocrx_word' id='word_1_171' title='bbox 133 1361 227 1411; x_wconf 89' lang='lat' dir='ltr'><strong>metus</strong></span> <span class='ocrx_word' id='word_1_172' title='bbox 248 1359 319 1419; x_wconf 89' lang='lat' dir='ltr'><strong>erat,</strong></span> <span class='ocrx_word' id='word_1_173' title='bbox 342 1370 379 1410; x_wconf 93' lang='lat' dir='ltr'><strong>ne</strong></span> <span class='ocrx_word' id='word_1_174' title='bbox 400 1353 460 1409; x_wconf 86' lang='lat' dir='ltr'><strong>tilio</strong></span> <span class='ocrx_word' id='word_1_175' title='bbox 479 1351 607 1425; x_wconf 90' lang='lat' dir='ltr'><strong>conjugii</strong></span> <span class='ocrx_word' id='word_1_176' title='bbox 627 1351 747 1408; x_wconf 83' lang='lat' dir='ltr'><strong>vinculis</strong></span> <span class='ocrx_word' id='word_1_177' title='bbox 770 1357 839 1408; x_wconf 89' lang='lat' dir='ltr'><strong>tunc</strong></span> <span class='ocrx_word' id='word_1_178' title='bbox 859 1351 983 1415; x_wconf 86' lang='lat' dir='ltr'><strong>astricte,</strong></span> 
     </span>
     <span class='ocr_line' id='line_1_14' title="bbox 132 1440 987 1516; baseline -0.005 -16"><span class='ocrx_word' id='word_1_179' title='bbox 132 1460 198 1516; x_wconf 88' lang='lat' dir='ltr'><strong>spos</strong></span> <span class='ocrx_word' id='word_1_180' title='bbox 212 1443 305 1500; x_wconf 89' lang='lat' dir='ltr'><strong>omnis</strong></span> <span class='ocrx_word' id='word_1_181' title='bbox 319 1442 354 1499; x_wconf 92' lang='lat' dir='ltr'><strong>de</strong></span> <span class='ocrx_word' id='word_1_182' title='bbox 368 1443 418 1497; x_wconf 89' lang='lat' dir='ltr'><strong>illa</strong></span> <span class='ocrx_word' id='word_1_183' title='bbox 431 1447 569 1513; x_wconf 90' lang='lat' dir='ltr'><strong>concepta</strong></span> <span class='ocrx_word' id='word_1_184' title='bbox 581 1445 754 1498; x_wconf 81' lang='lat' dir='ltr'><strong>vanesceret.</strong></span> <span class='ocrx_word' id='word_1_185' title='bbox 767 1442 800 1496; x_wconf 92' lang='lat' dir='ltr'><strong>ln</strong></span> <span class='ocrx_word' id='word_1_186' title='bbox 814 1441 877 1514; x_wconf 89' lang='lat' dir='ltr'><strong>ipso</strong></span> <span class='ocrx_word' id='word_1_187' title='bbox 890 1440 987 1497; x_wconf 90' lang='lat' dir='ltr'><strong>adale-</strong></span> 
     </span>
     <span class='ocr_line' id='line_1_15' title="bbox 133 1529 984 1602; baseline 0 -17"><span class='ocrx_word' id='word_1_188' title='bbox 133 1530 249 1588; x_wconf 83' lang='lat' dir='ltr'><strong>scentiee</strong></span> <span class='ocrx_word' id='word_1_189' title='bbox 276 1547 335 1586; x_wconf 81' lang='lat' dir='ltr'><strong>suaa</strong></span> <span class='ocrx_word' id='word_1_190' title='bbox 362 1530 486 1598; x_wconf 86' lang='lat' dir='ltr'><strong>exordio,</strong></span> <span class='ocrx_word' id='word_1_191' title='bbox 511 1534 541 1585; x_wconf 92' lang='lat' dir='ltr'><strong>ut</strong></span> <span class='ocrx_word' id='word_1_192' title='bbox 569 1530 629 1602; x_wconf 88' lang='lat' dir='ltr'><strong>ipse</strong></span> <span class='ocrx_word' id='word_1_193' title='bbox 657 1530 762 1597; x_wconf 89' lang='lat' dir='ltr'><strong>scribit,</strong></span> <span class='ocrx_word' id='word_1_194' title='bbox 782 1529 865 1602; x_wconf 91' lang='lat' dir='ltr'><strong>petiit</strong></span> <span class='ocrx_word' id='word_1_195' title='bbox 887 1547 905 1586; x_wconf 86' lang='lat' dir='ltr'><strong>a</strong></span> <span class='ocrx_word' id='word_1_196' title='bbox 927 1531 984 1586; x_wconf 84' lang='lat' dir='ltr'><strong>Deo</strong></span> 
     </span>
     <span class='ocr_line' id='line_1_16' title="bbox 134 1619 984 1692; baseline -0.002 -16"><span class='ocrx_word' id='word_1_197' title='bbox 134 1621 306 1690; x_wconf 87' lang='lat' dir='ltr'><strong>castitatem,</strong></span> <span class='ocrx_word' id='word_1_198' title='bbox 330 1620 377 1676; x_wconf 91' lang='lat' dir='ltr'><strong>sed</strong></span> <span class='ocrx_word' id='word_1_199' title='bbox 402 1619 477 1675; x_wconf 88' lang='lat' dir='ltr'><strong>tutili</strong></span> <span class='ocrx_word' id='word_1_200' title='bbox 496 1619 622 1692; x_wconf 84' lang='lat' dir='ltr'><strong>qaudam</strong></span> <span class='ocrx_word' id='word_1_201' title='bbox 640 1623 669 1675; x_wconf 90' lang='lat' dir='ltr'><strong>et</strong></span> <span class='ocrx_word' id='word_1_202' title='bbox 688 1619 821 1691; x_wconf 87' lang='lat' dir='ltr'><strong>ambiguo</strong></span> <span class='ocrx_word' id='word_1_203' title='bbox 841 1625 919 1675; x_wconf 81' lang='lat' dir='ltr'><strong>rato.</strong></span> <span class='ocrx_word' id='word_1_204' title='bbox 936 1622 984 1676; x_wconf 82' lang='lat' dir='ltr'><strong>bi·</strong></span> 
     </span>
     <span class='ocr_line' id='line_1_17' title="bbox 134 1710 985 1780; baseline -0.001 -14"><span class='ocrx_word' id='word_1_205' title='bbox 134 1726 240 1777; x_wconf 81' lang='lat' dir='ltr'><strong>ceram,</strong></span> <span class='ocrx_word' id='word_1_206' title='bbox 261 1710 311 1780; x_wconf 92' lang='lat' dir='ltr'><strong>ait,</strong></span> <span class='ocrx_word' id='word_1_207' title='bbox 331 1711 373 1767; x_wconf 82' lang='lat' dir='ltr'><strong>fta</strong></span> <span class='ocrx_word' id='word_1_208' title='bbox 396 1712 466 1765; x_wconf 85' lang='lat' dir='ltr'><strong>mibi</strong></span> <span class='ocrx_word' id='word_1_209' title='bbox 489 1712 641 1766; x_wconf 86' lang='lat' dir='ltr'><strong>castitatem</strong></span> <span class='ocrx_word' id='word_1_210' title='bbox 666 1714 692 1765; x_wconf 89' lang='lat' dir='ltr'><strong>et</strong></span> <span class='ocrx_word' id='word_1_211' title='bbox 714 1712 915 1780; x_wconf 86' lang='lat' dir='ltr'><strong>continentiam,</strong></span> <span class='ocrx_word' id='word_1_212' title='bbox 937 1710 985 1766; x_wconf 87' lang='lat' dir='ltr'><strong>sed</strong></span> 
     </span>
     <span class='ocr_line' id='line_1_18' title="bbox 133 1799 985 1857; baseline -0.004 0"><span class='ocrx_word' id='word_1_213' title='bbox 133 1800 447 1857; x_wconf 70' lang='lat' dir='ltr'><strong>caeterorummetum</strong></span> <span class='ocrx_word' id='word_1_214' title='bbox 461 1802 533 1855; x_wconf 86' lang='lat' dir='ltr'><strong>enim</strong></span> <span class='ocrx_word' id='word_1_215' title='bbox 553 1814 586 1855; x_wconf 87' lang='lat' dir='ltr'><strong>ne</strong></span> <span class='ocrx_word' id='word_1_216' title='bbox 606 1815 648 1855; x_wconf 85' lang='lat' dir='ltr'><strong>me</strong></span> <span class='ocrx_word' id='word_1_217' title='bbox 661 1802 712 1856; x_wconf 87' lang='lat' dir='ltr'><strong>cito</strong></span> <span class='ocrx_word' id='word_1_218' title='bbox 732 1799 878 1855; x_wconf 70' lang='lat' dir='ltr'><strong>exaudires</strong></span> <span class='ocrx_word' id='word_1_219' title='bbox 895 1803 920 1855; x_wconf 89' lang='lat' dir='ltr'><strong>et</strong></span> <span class='ocrx_word' id='word_1_220' title='bbox 932 1801 985 1855; x_wconf 89' lang='lat' dir='ltr'><strong>cito</strong></span> 
     </span>
     <span class='ocr_line' id='line_1_19' title="bbox 133 1887 986 1960; baseline -0.002 -14"><span class='ocrx_word' id='word_1_221' title='bbox 133 1904 245 1946; x_wconf 85' lang='lat' dir='ltr'><strong>sanares</strong></span> <span class='ocrx_word' id='word_1_222' title='bbox 259 1906 277 1944; x_wconf 89' lang='lat' dir='ltr'><strong>a</strong></span> <span class='ocrx_word' id='word_1_223' title='bbox 289 1889 380 1944; x_wconf 88' lang='lat' dir='ltr'><strong>morbo</strong></span> <span class='ocrx_word' id='word_1_224' title='bbox 392 1891 621 1960; x_wconf 78' lang='lat' dir='ltr'><strong>concupiscentie,</strong></span> <span class='ocrx_word' id='word_1_225' title='bbox 638 1904 720 1959; x_wconf 85' lang='lat' dir='ltr'><strong>quam</strong></span> <span class='ocrx_word' id='word_1_226' title='bbox 735 1887 867 1944; x_wconf 89' lang='lat' dir='ltr'><strong>malebam</strong></span> <span class='ocrx_word' id='word_1_227' title='bbox 881 1889 986 1960; x_wconf 79' lang='lat' dir='ltr'><strong>ereptori</strong></span> 
     </span>
     <span class='ocr_line' id='line_1_20' title="bbox 132 1979 858 2050; baseline 0 -16"><span class='ocrx_word' id='word_1_228' title='bbox 132 1994 216 2050; x_wconf 83' lang='lat' dir='ltr'><strong>paam</strong></span> <span class='ocrx_word' id='word_1_229' title='bbox 234 1980 374 2046; x_wconf 75' lang='lat' dir='ltr'><strong>restingui</strong></span> <span class='ocrx_word' id='word_1_230' title='bbox 388 1979 517 2050; x_wconf 72' lang='lat' dir='ltr'><strong>(consess.</strong></span> <span class='ocrx_word' id='word_1_231' title='bbox 534 1979 583 2034; x_wconf 89' lang='lat' dir='ltr'><strong>lib.</strong></span> <span class='ocrx_word' id='word_1_232' title='bbox 597 1982 623 2048; x_wconf 93' lang='lat'><strong>8,</strong></span> <span class='ocrx_word' id='word_1_233' title='bbox 639 1994 700 2048; x_wconf 87' lang='lat' dir='ltr'><strong>cap.</strong></span> <span class='ocrx_word' id='word_1_234' title='bbox 716 1983 745 2047; x_wconf 82' lang='lat'><strong>7,</strong></span> <span class='ocrx_word' id='word_1_235' title='bbox 760 1994 788 2034; x_wconf 92' lang='lat' dir='ltr'><strong>n.</strong></span> <span class='ocrx_word' id='word_1_236' title='bbox 807 1981 858 2048; x_wconf 86' lang='lat' dir='ltr'><strong>ff).</strong></span> 
     </span>
    </p>
   </div>
   <div class='ocr_carea' id='block_1_4' title="bbox 100 2101 987 3958">
    <p class='ocr_par' dir='ltr' id='par_1_4' title="bbox 100 2101 987 3958">
     <span class='ocr_line' id='line_1_21' title="bbox 169 2101 983 2176; baseline -0.006 -16"><span class='ocrx_word' id='word_1_237' title='bbox 169 2107 194 2160; x_wconf 90' lang='grc'><strong>3.</strong></span> <span class='ocrx_word' id='word_1_238' title='bbox 211 2105 264 2160; x_wconf 85' lang='lat' dir='ltr'><strong>Per</strong></span> <span class='ocrx_word' id='word_1_239' title='bbox 278 2103 356 2159; x_wconf 91' lang='lat' dir='ltr'><strong>idem</strong></span> <span class='ocrx_word' id='word_1_240' title='bbox 378 2106 491 2176; x_wconf 89' lang='lat' dir='ltr'><strong>tempus</strong></span> <span class='ocrx_word' id='word_1_241' title='bbox 512 2119 569 2176; x_wconf 90' lang='lat' dir='ltr'><strong>quo</strong></span> <span class='ocrx_word' id='word_1_242' title='bbox 592 2102 670 2159; x_wconf 91' lang='lat' dir='ltr'><strong>domi</strong></span> <span class='ocrx_word' id='word_1_243' title='bbox 688 2102 844 2159; x_wconf 89' lang='lat' dir='ltr'><strong>feriabatur</strong></span> <span class='ocrx_word' id='word_1_244' title='bbox 866 2101 983 2169; x_wconf 86' lang='lat' dir='ltr'><strong>otiosus,</strong></span> 
     </span>
     <span class='ocr_line' id='line_1_22' title="bbox 133 2191 984 2266; baseline -0.005 -17"><span class='ocrx_word' id='word_1_245' title='bbox 133 2209 199 2249; x_wconf 89' lang='lat' dir='ltr'><strong>cum</strong></span> <span class='ocrx_word' id='word_1_246' title='bbox 213 2193 243 2247; x_wconf 93' lang='lat' dir='ltr'><strong>iu</strong></span> <span class='ocrx_word' id='word_1_247' title='bbox 258 2192 496 2249; x_wconf 86' lang='lat' dir='ltr'><strong>cousuetudinem</strong></span> <span class='ocrx_word' id='word_1_248' title='bbox 510 2208 664 2266; x_wconf 84' lang='lat' dir='ltr'><strong>pravorum</strong></span> <span class='ocrx_word' id='word_1_249' title='bbox 684 2191 795 2264; x_wconf 90' lang='lat' dir='ltr'><strong>aliquot</strong></span> <span class='ocrx_word' id='word_1_250' title='bbox 818 2191 984 2248; x_wconf 87' lang='lat' dir='ltr'><strong>adolescen-</strong></span> 
     </span>
     <span class='ocr_line' id='line_1_23' title="bbox 132 2279 984 2354; baseline -0.002 -16"><span class='ocrx_word' id='word_1_251' title='bbox 132 2282 205 2338; x_wconf 90' lang='lat' dir='ltr'><strong>tium</strong></span> <span class='ocrx_word' id='word_1_252' title='bbox 221 2281 328 2354; x_wconf 90' lang='lat' dir='ltr'><strong>pariter</strong></span> <span class='ocrx_word' id='word_1_253' title='bbox 343 2281 500 2337; x_wconf 88' lang='lat' dir='ltr'><strong>otiosorum</strong></span> <span class='ocrx_word' id='word_1_254' title='bbox 515 2297 545 2336; x_wconf 89' lang='lat' dir='ltr'><strong>se</strong></span> <span class='ocrx_word' id='word_1_255' title='bbox 559 2279 692 2345; x_wconf 88' lang='lat' dir='ltr'><strong>dedisset,</strong></span> <span class='ocrx_word' id='word_1_256' title='bbox 707 2281 743 2337; x_wconf 93' lang='lat' dir='ltr'><strong>ab</strong></span> <span class='ocrx_word' id='word_1_257' title='bbox 757 2281 792 2336; x_wconf 90' lang='lat' dir='ltr'><strong>iis</strong></span> <span class='ocrx_word' id='word_1_258' title='bbox 805 2281 835 2336; x_wconf 95' lang='lat' dir='ltr'><strong>in</strong></span> <span class='ocrx_word' id='word_1_259' title='bbox 853 2280 924 2341; x_wconf 81' lang='lat' dir='ltr'><strong>turri</strong></span> <span class='ocrx_word' id='word_1_260' title='bbox 938 2297 984 2336; x_wconf 91' lang='lat' dir='ltr'><strong>su-</strong></span> 
     </span>
     <span class='ocr_line' id='line_1_24' title="bbox 133 2369 984 2444; baseline -0.006 -15"><span class='ocrx_word' id='word_1_261' title='bbox 133 2371 264 2429; x_wconf 89' lang='lat' dir='ltr'><strong>cietatom</strong></span> <span class='ocrx_word' id='word_1_262' title='bbox 280 2371 437 2427; x_wconf 90' lang='lat' dir='ltr'><strong>adductum</strong></span> <span class='ocrx_word' id='word_1_263' title='bbox 458 2386 487 2426; x_wconf 90' lang='lat' dir='ltr'><strong>se</strong></span> <span class='ocrx_word' id='word_1_264' title='bbox 501 2369 589 2426; x_wconf 87' lang='lat' dir='ltr'><strong>fuisse</strong></span> <span class='ocrx_word' id='word_1_265' title='bbox 609 2373 760 2439; x_wconf 89' lang='lat' dir='ltr'><strong>memorat,</strong></span> <span class='ocrx_word' id='word_1_266' title='bbox 775 2371 852 2444; x_wconf 89' lang='lat' dir='ltr'><strong>quod</strong></span> <span class='ocrx_word' id='word_1_267' title='bbox 865 2371 925 2426; x_wconf 87' lang='lat' dir='ltr'><strong>solo</strong></span> <span class='ocrx_word' id='word_1_268' title='bbox 939 2371 984 2443; x_wconf 87' lang='lat' dir='ltr'><strong>ju-</strong></span> 
     </span>
     <span class='ocr_line' id='line_1_25' title="bbox 135 2458 984 2533; baseline -0.002 -16"><span class='ocrx_word' id='word_1_269' title='bbox 135 2461 221 2517; x_wconf 76' lang='lat' dir='ltr'><strong>stitie</strong></span> <span class='ocrx_word' id='word_1_270' title='bbox 233 2458 347 2516; x_wconf 82' lang='lat' dir='ltr'><strong>fastidio</strong></span> <span class='ocrx_word' id='word_1_271' title='bbox 361 2476 394 2514; x_wconf 91' lang='lat' dir='ltr'><strong>ac</strong></span> <span class='ocrx_word' id='word_1_272' title='bbox 407 2460 485 2516; x_wconf 81' lang='lat' dir='ltr'><strong>velut</strong></span> <span class='ocrx_word' id='word_1_273' title='bbox 503 2465 681 2533; x_wconf 76' lang='lat' dir='ltr'><strong>exaggerate</strong></span> <span class='ocrx_word' id='word_1_274' title='bbox 699 2459 857 2532; x_wconf 87' lang='lat' dir='ltr'><strong>iniquitatis</strong></span> <span class='ocrx_word' id='word_1_275' title='bbox 870 2461 984 2516; x_wconf 91' lang='lat' dir='ltr'><strong>cumulo</strong></span> 
     </span>
     <span class='ocr_line' id='line_1_26' title="bbox 133 2548 984 2617; baseline -0.001 -12"><span class='ocrx_word' id='word_1_276' title='bbox 133 2549 280 2606; x_wconf 90' lang='lat' dir='ltr'><strong>admisisse</strong></span> <span class='ocrx_word' id='word_1_277' title='bbox 304 2549 472 2617; x_wconf 72' lang='lat' dir='ltr'><strong>confltetur:</strong></span> <span class='ocrx_word' id='word_1_278' title='bbox 495 2567 561 2606; x_wconf 91' lang='lat' dir='ltr'><strong>cum</strong></span> <span class='ocrx_word' id='word_1_279' title='bbox 586 2548 615 2606; x_wconf 91' lang='lat' dir='ltr'><strong>in</strong></span> <span class='ocrx_word' id='word_1_280' title='bbox 638 2550 692 2606; x_wconf 92' lang='lat' dir='ltr'><strong>hoc</strong></span> <span class='ocrx_word' id='word_1_281' title='bbox 717 2549 794 2605; x_wconf 87' lang='lat' dir='ltr'><strong>turta</strong></span> <span class='ocrx_word' id='word_1_282' title='bbox 815 2549 892 2605; x_wconf 91' lang='lat' dir='ltr'><strong>alind</strong></span> <span class='ocrx_word' id='word_1_283' title='bbox 912 2550 984 2606; x_wconf 91' lang='lat' dir='ltr'><strong>nihil</strong></span> 
     </span>
     <span class='ocr_line' id='line_1_27' title="bbox 100 2638 983 2712; baseline 0 -18"><span class='ocrx_word' id='word_1_284' title='bbox 100 2679 104 2685; x_wconf 69' lang='grc'><em>.</em></span> <span class='ocrx_word' id='word_1_285' title='bbox 132 2655 220 2712; x_wconf 89' lang='lat' dir='ltr'><strong>qnam</strong></span> <span class='ocrx_word' id='word_1_286' title='bbox 240 2639 349 2695; x_wconf 88' lang='lat' dir='ltr'><strong>furtum</strong></span> <span class='ocrx_word' id='word_1_287' title='bbox 369 2644 521 2711; x_wconf 74' lang='lat' dir='ltr'><strong>quereret,</strong></span> <span class='ocrx_word' id='word_1_288' title='bbox 542 2655 575 2694; x_wconf 92' lang='lat' dir='ltr'><strong>ac</strong></span> <span class='ocrx_word' id='word_1_289' title='bbox 600 2639 661 2694; x_wconf 82' lang='lat' dir='ltr'><strong>vitii</strong></span> <span class='ocrx_word' id='word_1_290' title='bbox 679 2639 776 2711; x_wconf 90' lang='lat' dir='ltr'><strong>potius</strong></span> <span class='ocrx_word' id='word_1_291' title='bbox 794 2638 983 2711; x_wconf 90' lang='lat' dir='ltr'><strong>turpitudine,</strong></span> 
     </span>
     <span class='ocr_line' id='line_1_28' title="bbox 133 2727 986 2803; baseline -0.001 -17"><span class='ocrx_word' id='word_1_292' title='bbox 133 2745 221 2803; x_wconf 90' lang='lat' dir='ltr'><strong>quam</strong></span> <span class='ocrx_word' id='word_1_293' title='bbox 235 2729 429 2785; x_wconf 87' lang='lat' dir='ltr'><strong>emolumento</strong></span> <span class='ocrx_word' id='word_1_294' title='bbox 441 2728 498 2784; x_wconf 85' lang='lat' dir='ltr'><strong>frui</strong></span> <span class='ocrx_word' id='word_1_295' title='bbox 508 2733 682 2802; x_wconf 85' lang='lat' dir='ltr'><strong>peroptaret.</strong></span> <span class='ocrx_word' id='word_1_296' title='bbox 696 2729 797 2796; x_wconf 82' lang='lat' dir='ltr'><strong>Arbor,</strong></span> <span class='ocrx_word' id='word_1_297' title='bbox 808 2727 912 2801; x_wconf 88' lang='lat' dir='ltr'><strong>iuquit,</strong></span> <span class='ocrx_word' id='word_1_298' title='bbox 926 2734 986 2785; x_wconf 89' lang='lat' dir='ltr'><strong>erat</strong></span> 
     </span>
     <span class='ocr_line' id='line_1_29' title="bbox 129 2819 985 2889; baseline 0.001 -16"><span class='ocrx_word' id='word_1_299' title='bbox 129 2820 210 2889; x_wconf 88' lang='lat' dir='ltr'><strong>prins</strong></span> <span class='ocrx_word' id='word_1_300' title='bbox 224 2819 254 2873; x_wconf 88' lang='lat' dir='ltr'><strong>in</strong></span> <span class='ocrx_word' id='word_1_301' title='bbox 268 2819 371 2872; x_wconf 86' lang='lat' dir='ltr'><strong>uicinia</strong></span> <span class='ocrx_word' id='word_1_302' title='bbox 384 2819 469 2873; x_wconf 80' lang='lat' dir='ltr'><strong>vinea</strong></span> <span class='ocrx_word' id='word_1_303' title='bbox 490 2823 599 2886; x_wconf 79' lang='lat' dir='ltr'><strong>nostre,</strong></span> <span class='ocrx_word' id='word_1_304' title='bbox 614 2819 701 2888; x_wconf 87' lang='lat' dir='ltr'><strong>pomis</strong></span> <span class='ocrx_word' id='word_1_305' title='bbox 713 2821 821 2889; x_wconf 88' lang='lat' dir='ltr'><strong>onusta,</strong></span> <span class='ocrx_word' id='word_1_306' title='bbox 835 2833 882 2874; x_wconf 87' lang='lat' dir='ltr'><strong>nec</strong></span> <span class='ocrx_word' id='word_1_307' title='bbox 895 2821 985 2887; x_wconf 77' lang='lat' dir='ltr'><strong>sanna</strong></span> 
     </span>
     <span class='ocr_line' id='line_1_30' title="bbox 131 2906 986 2978; baseline 0.001 -15"><span class='ocrx_word' id='word_1_308' title='bbox 131 2923 179 2963; x_wconf 90' lang='lat' dir='ltr'><strong>nec</strong></span> <span class='ocrx_word' id='word_1_309' title='bbox 203 2922 300 2977; x_wconf 85' lang='lat' dir='ltr'><strong>sapore</strong></span> <span class='ocrx_word' id='word_1_310' title='bbox 323 2907 495 2963; x_wconf 77' lang='lat' dir='ltr'><strong>illecebrosis.</strong></span> <span class='ocrx_word' id='word_1_311' title='bbox 516 2907 564 2963; x_wconf 77' lang='lat' dir='ltr'><strong>Ad</strong></span> <span class='ocrx_word' id='word_1_312' title='bbox 592 2906 664 2963; x_wconf 87' lang='lat' dir='ltr'><strong>banc</strong></span> <span class='ocrx_word' id='word_1_313' title='bbox 692 2907 881 2963; x_wconf 72' lang='lat' dir='ltr'><strong>ementiendam</strong></span> <span class='ocrx_word' id='word_1_314' title='bbox 904 2913 986 2978; x_wconf 83' lang='lat' dir='ltr'><strong>atque</strong></span> 
     </span>
     <span class='ocr_line' id='line_1_31' title="bbox 132 2995 987 3068; baseline -0.002 -15"><span class='ocrx_word' id='word_1_315' title='bbox 132 2995 328 3068; x_wconf 84' lang='lat' dir='ltr'><strong>asportandam</strong></span> <span class='ocrx_word' id='word_1_316' title='bbox 342 2998 503 3066; x_wconf 85' lang='lat' dir='ltr'><strong>nequissimi</strong></span> <span class='ocrx_word' id='word_1_317' title='bbox 517 2996 709 3053; x_wconf 79' lang='lat' dir='ltr'><strong>adolescentuli</strong></span> <span class='ocrx_word' id='word_1_318' title='bbox 721 2999 890 3068; x_wconf 67' lang='lat' dir='ltr'><strong>perreximus</strong></span> <span class='ocrx_word' id='word_1_319' title='bbox 912 3002 987 3052; x_wconf 89' lang='lat' dir='ltr'><strong>nocte</strong></span> 
     </span>
     <span class='ocr_line' id='line_1_32' title="bbox 131 3085 985 3156; baseline 0.001 -15"><span class='ocrx_word' id='word_1_320' title='bbox 131 3087 303 3155; x_wconf 85' lang='lat' dir='ltr'><strong>intempesta,</strong></span> <span class='ocrx_word' id='word_1_321' title='bbox 318 3100 456 3155; x_wconf 80' lang='lat' dir='ltr'><strong>quousque</strong></span> <span class='ocrx_word' id='word_1_322' title='bbox 465 3086 559 3140; x_wconf 90' lang='lat' dir='ltr'><strong>ludum</strong></span> <span class='ocrx_word' id='word_1_323' title='bbox 573 3085 772 3156; x_wconf 81' lang='lat' dir='ltr'><strong>depertiientire</strong></span> <span class='ocrx_word' id='word_1_324' title='bbox 783 3088 900 3142; x_wconf 89' lang='lat' dir='ltr'><strong>marein</strong></span> <span class='ocrx_word' id='word_1_325' title='bbox 914 3089 985 3142; x_wconf 89' lang='lat' dir='ltr'><strong>areis</strong></span> 
     </span>
     <span class='ocr_line' id='line_1_33' title="bbox 130 3173 986 3246; baseline 0 -15"><span class='ocrx_word' id='word_1_326' title='bbox 130 3173 349 3246; x_wconf 78' lang='lat' dir='ltr'><strong>perduceremus</strong></span> <span class='ocrx_word' id='word_1_327' title='bbox 361 3191 368 3242; x_wconf 87' lang='lat'>;</span> <span class='ocrx_word' id='word_1_328' title='bbox 385 3179 411 3229; x_wconf 89' lang='lat' dir='ltr'><strong>et</strong></span> <span class='ocrx_word' id='word_1_329' title='bbox 425 3174 588 3230; x_wconf 83' lang='lat' dir='ltr'><strong>abstulimus</strong></span> <span class='ocrx_word' id='word_1_330' title='bbox 602 3175 667 3230; x_wconf 87' lang='lat' dir='ltr'><strong>inde</strong></span> <span class='ocrx_word' id='word_1_331' title='bbox 684 3190 766 3230; x_wconf 72' lang='lat' dir='ltr'><strong>anea</strong></span> <span class='ocrx_word' id='word_1_332' title='bbox 786 3178 917 3244; x_wconf 81' lang='lat' dir='ltr'><strong>ingentia,</strong></span> <span class='ocrx_word' id='word_1_333' title='bbox 931 3191 986 3231; x_wconf 90' lang='lat' dir='ltr'><strong>non</strong></span> 
     </span>
     <span class='ocr_line' id='line_1_34' title="bbox 132 3263 987 3334; baseline 0 -14"><span class='ocrx_word' id='word_1_334' title='bbox 132 3264 170 3320; x_wconf 92' lang='lat' dir='ltr'><strong>ad</strong></span> <span class='ocrx_word' id='word_1_335' title='bbox 193 3267 301 3321; x_wconf 82' lang='lat' dir='ltr'><strong>inatres</strong></span> <span class='ocrx_word' id='word_1_336' title='bbox 324 3264 429 3334; x_wconf 86' lang='lat' dir='ltr'><strong>epulas,</strong></span> <span class='ocrx_word' id='word_1_337' title='bbox 443 3263 490 3319; x_wconf 92' lang='lat' dir='ltr'><strong>sed</strong></span> <span class='ocrx_word' id='word_1_338' title='bbox 512 3264 553 3318; x_wconf 90' lang='lat' dir='ltr'><strong>uel</strong></span> <span class='ocrx_word' id='word_1_339' title='bbox 571 3264 742 3334; x_wconf 74' lang='lat' dir='ltr'><strong>projicienda</strong></span> <span class='ocrx_word' id='word_1_340' title='bbox 761 3266 863 3334; x_wconf 89' lang='lat' dir='ltr'><strong>porcis,</strong></span> <span class='ocrx_word' id='word_1_341' title='bbox 878 3267 987 3320; x_wconf 87' lang='lat' dir='ltr'><strong>etiamsi</strong></span> 
     </span>
     <span class='ocr_line' id='line_1_35' title="bbox 132 3352 986 3425; baseline 0 -16"><span class='ocrx_word' id='word_1_342' title='bbox 132 3353 241 3425; x_wconf 76' lang='lat' dir='ltr'><strong>aliquid</strong></span> <span class='ocrx_word' id='word_1_343' title='bbox 252 3353 315 3409; x_wconf 87' lang='lat' dir='ltr'><strong>inde</strong></span> <span class='ocrx_word' id='word_1_344' title='bbox 329 3353 500 3420; x_wconf 84' lang='lat' dir='ltr'><strong>comedimus,</strong></span> <span class='ocrx_word' id='word_1_345' title='bbox 516 3352 580 3408; x_wconf 91' lang='lat' dir='ltr'><strong>dum</strong></span> <span class='ocrx_word' id='word_1_346' title='bbox 595 3358 684 3408; x_wconf 91' lang='lat' dir='ltr'><strong>tamen</strong></span> <span class='ocrx_word' id='word_1_347' title='bbox 697 3355 772 3422; x_wconf 68' lang='lat' dir='ltr'><strong>timet</strong></span> <span class='ocrx_word' id='word_1_348' title='bbox 785 3370 802 3408; x_wconf 89' lang='lat' dir='ltr'><strong>a</strong></span> <span class='ocrx_word' id='word_1_349' title='bbox 815 3355 903 3424; x_wconf 89' lang='lat' dir='ltr'><strong>nobis,</strong></span> <span class='ocrx_word' id='word_1_350' title='bbox 914 3355 986 3424; x_wconf 86' lang='lat' dir='ltr'><strong>quod</strong></span> 
     </span>
     <span class='ocr_line' id='line_1_36' title="bbox 130 3442 983 3514; baseline 0 -16"><span class='ocrx_word' id='word_1_351' title='bbox 130 3442 276 3508; x_wconf 76' lang='lat' dir='ltr'><strong>reliberet,</strong></span> <span class='ocrx_word' id='word_1_352' title='bbox 293 3456 345 3511; x_wconf 83' lang='lat' dir='ltr'><strong>quo</strong></span> <span class='ocrx_word' id='word_1_353' title='bbox 366 3456 420 3497; x_wconf 92' lang='lat' dir='ltr'><strong>non</strong></span> <span class='ocrx_word' id='word_1_354' title='bbox 435 3443 527 3497; x_wconf 88' lang='lat' dir='ltr'><strong>liceret</strong></span> <span class='ocrx_word' id='word_1_355' title='bbox 544 3442 638 3513; x_wconf 82' lang='lat' dir='ltr'><strong>(ibid,</strong></span> <span class='ocrx_word' id='word_1_356' title='bbox 653 3442 701 3497; x_wconf 87' lang='lat' dir='ltr'><strong>fib.</strong></span> <span class='ocrx_word' id='word_1_357' title='bbox 722 3443 750 3509; x_wconf 80' lang='lat' dir='ltr'><strong>t,</strong></span> <span class='ocrx_word' id='word_1_358' title='bbox 773 3457 834 3513; x_wconf 89' lang='lat' dir='ltr'><strong>cap.</strong></span> <span class='ocrx_word' id='word_1_359' title='bbox 852 3444 878 3498; x_wconf 85' lang='lat' dir='ltr'><strong>t.</strong></span> <span class='ocrx_word' id='word_1_360' title='bbox 901 3459 929 3498; x_wconf 90' lang='lat' dir='ltr'><strong>n.</strong></span> <span class='ocrx_word' id='word_1_361' title='bbox 946 3443 983 3514; x_wconf 88' lang='lat' dir='ltr'><strong>a).</strong></span> 
     </span>
     <span class='ocr_line' id='line_1_37' title="bbox 132 3530 986 3603; baseline -0.004 -14"><span class='ocrx_word' id='word_1_362' title='bbox 132 3535 233 3590; x_wconf 82' lang='lat' dir='ltr'><strong>Coram</strong></span> <span class='ocrx_word' id='word_1_363' title='bbox 250 3532 308 3587; x_wconf 80' lang='lat' dir='ltr'><strong>fleo</strong></span> <span class='ocrx_word' id='word_1_364' title='bbox 323 3531 497 3603; x_wconf 83' lang='lat' dir='ltr'><strong>expendens,</strong></span> <span class='ocrx_word' id='word_1_365' title='bbox 514 3531 579 3603; x_wconf 89' lang='lat' dir='ltr'><strong>quis</strong></span> <span class='ocrx_word' id='word_1_366' title='bbox 596 3531 710 3586; x_wconf 89' lang='lat' dir='ltr'><strong>laudem</strong></span> <span class='ocrx_word' id='word_1_367' title='bbox 725 3530 756 3586; x_wconf 92' lang='lat' dir='ltr'><strong>iu</strong></span> <span class='ocrx_word' id='word_1_368' title='bbox 770 3530 845 3586; x_wconf 80' lang='lat' dir='ltr'><strong>furto</strong></span> <span class='ocrx_word' id='word_1_369' title='bbox 859 3536 918 3587; x_wconf 89' lang='lat' dir='ltr'><strong>tam</strong></span> <span class='ocrx_word' id='word_1_370' title='bbox 933 3531 986 3586; x_wconf 91' lang='lat' dir='ltr'><strong>ini·</strong></span> 
     </span>
     <span class='ocr_line' id='line_1_38' title="bbox 132 3619 986 3696; baseline -0.002 -19"><span class='ocrx_word' id='word_1_371' title='bbox 132 3639 189 3696; x_wconf 89' lang='lat' dir='ltr'><strong>quo</strong></span> <span class='ocrx_word' id='word_1_372' title='bbox 205 3620 346 3677; x_wconf 89' lang='lat' dir='ltr'><strong>animisui</strong></span> <span class='ocrx_word' id='word_1_373' title='bbox 356 3620 474 3677; x_wconf 84' lang='lat' dir='ltr'><strong>aflectus</strong></span> <span class='ocrx_word' id='word_1_374' title='bbox 486 3619 657 3676; x_wconf 84' lang='lat' dir='ltr'><strong>exstitisset:</strong></span> <span class='ocrx_word' id='word_1_375' title='bbox 668 3622 759 3687; x_wconf 88' lang='lat' dir='ltr'><strong>liisus,</strong></span> <span class='ocrx_word' id='word_1_376' title='bbox 774 3619 824 3688; x_wconf 91' lang='lat' dir='ltr'><strong>ait,</strong></span> <span class='ocrx_word' id='word_1_377' title='bbox 837 3624 896 3676; x_wconf 89' lang='lat' dir='ltr'><strong>erat</strong></span> <span class='ocrx_word' id='word_1_378' title='bbox 905 3624 986 3691; x_wconf 87' lang='lat' dir='ltr'><strong>quasi</strong></span> 
     </span>
     <span class='ocr_line' id='line_1_39' title="bbox 132 3709 986 3781; baseline -0.004 -13"><span class='ocrx_word' id='word_1_379' title='bbox 132 3712 245 3768; x_wconf 86' lang='lat' dir='ltr'><strong>titillato</strong></span> <span class='ocrx_word' id='word_1_380' title='bbox 258 3711 347 3781; x_wconf 90' lang='lat' dir='ltr'><strong>corde,</strong></span> <span class='ocrx_word' id='word_1_381' title='bbox 362 3709 435 3781; x_wconf 80' lang='lat' dir='ltr'><strong>quod</strong></span> <span class='ocrx_word' id='word_1_382' title='bbox 445 3710 607 3779; x_wconf 70' lang='lat' dir='ltr'><strong>fallebamus</strong></span> <span class='ocrx_word' id='word_1_383' title='bbox 621 3724 664 3765; x_wconf 88' lang='lat' dir='ltr'><strong>eos</strong></span> <span class='ocrx_word' id='word_1_384' title='bbox 676 3712 725 3780; x_wconf 82' lang='lat' dir='ltr'><strong>qui</strong></span> <span class='ocrx_word' id='word_1_385' title='bbox 743 3710 797 3766; x_wconf 80' lang='lat' dir='ltr'><strong>bec</strong></span> <span class='ocrx_word' id='word_1_386' title='bbox 812 3711 917 3766; x_wconf 88' lang='lat' dir='ltr'><strong>anobis</strong></span> <span class='ocrx_word' id='word_1_387' title='bbox 925 3712 986 3781; x_wconf 69' lang='lat' dir='ltr'><strong>fieri</strong></span> 
     </span>
     <span class='ocr_line' id='line_1_40' title="bbox 133 3799 985 3870; baseline -0.004 -13"><span class='ocrx_word' id='word_1_388' title='bbox 133 3816 185 3857; x_wconf 88' lang='lat' dir='ltr'><strong>non</strong></span> <span class='ocrx_word' id='word_1_389' title='bbox 203 3800 352 3870; x_wconf 71' lang='lat' dir='ltr'><strong>pululante</strong></span> <span class='ocrx_word' id='word_1_390' title='bbox 368 3804 394 3854; x_wconf 91' lang='lat' dir='ltr'><strong>et</strong></span> <span class='ocrx_word' id='word_1_391' title='bbox 414 3800 582 3855; x_wconf 83' lang='lat' dir='ltr'><strong>uehementer</strong></span> <span class='ocrx_word' id='word_1_392' title='bbox 600 3799 737 3855; x_wconf 89' lang='lat' dir='ltr'><strong>nolebant.</strong></span> <span class='ocrx_word' id='word_1_393' title='bbox 755 3799 829 3856; x_wconf 88' lang='lat' dir='ltr'><strong>fllud</strong></span> <span class='ocrx_word' id='word_1_394' title='bbox 842 3801 914 3856; x_wconf 90' lang='lat' dir='ltr'><strong>solus</strong></span> <span class='ocrx_word' id='word_1_395' title='bbox 932 3816 985 3855; x_wconf 78' lang='lat' dir='ltr'><strong>reon</strong></span> 
     </span>
     <span class='ocr_line' id='line_1_41' title="bbox 130 3889 986 3958; baseline 0.001 -14"><span class='ocrx_word' id='word_1_396' title='bbox 130 3890 259 3956; x_wconf 78' lang='lat' dir='ltr'><strong>facerem,</strong></span> <span class='ocrx_word' id='word_1_397' title='bbox 273 3904 328 3943; x_wconf 81' lang='lat' dir='ltr'><strong>nori</strong></span> <span class='ocrx_word' id='word_1_398' title='bbox 344 3889 463 3956; x_wconf 73' lang='lat' dir='ltr'><strong>faenum</strong></span> <span class='ocrx_word' id='word_1_399' title='bbox 482 3890 590 3943; x_wconf 81' lang='lat' dir='ltr'><strong>omnim</strong></span> <span class='ocrx_word' id='word_1_400' title='bbox 603 3889 675 3944; x_wconf 89' lang='lat' dir='ltr'><strong>solus</strong></span> <span class='ocrx_word' id='word_1_401' title='bbox 696 3905 702 3944; x_wconf 95' lang='lat'><strong>:</strong></span> <span class='ocrx_word' id='word_1_402' title='bbox 725 3904 766 3943; x_wconf 92' lang='lat' dir='ltr'><strong>me</strong></span> <span class='ocrx_word' id='word_1_403' title='bbox 788 3891 874 3945; x_wconf 87' lang='lat' dir='ltr'><strong>salum</strong></span> <span class='ocrx_word' id='word_1_404' title='bbox 895 3892 986 3958; x_wconf 74' lang='lat' dir='ltr'><strong>facem</strong></span> 
     </span>
    </p>
   </div>
   <div class='ocr_carea' id='block_1_5' title="bbox 132 4066 984 4227">
    <p class='ocr_par' dir='ltr' id='par_1_5' title="bbox 132 4066 984 4227">
     <span class='ocr_line' id='line_1_42' title="bbox 132 4066 984 4139; baseline 0.002 -17"><span class='ocrx_word' id='word_1_405' title='bbox 132 4068 208 4134; x_wconf 86' lang='lat' dir='ltr'><strong>citio,</strong></span> <span class='ocrx_word' id='word_1_406' title='bbox 224 4066 344 4122; x_wconf 87' lang='lat' dir='ltr'><strong>seductio</strong></span> <span class='ocrx_word' id='word_1_407' title='bbox 358 4069 455 4122; x_wconf 87' lang='lat' dir='ltr'><strong>mentis</strong></span> <span class='ocrx_word' id='word_1_408' title='bbox 471 4067 688 4136; x_wconf 74' lang='lat' dir='ltr'><strong>investigabilis3</strong></span> <span class='ocrx_word' id='word_1_409' title='bbox 703 4083 737 4122; x_wconf 83' lang='lat' dir='ltr'><strong>ec</strong></span> <span class='ocrx_word' id='word_1_410' title='bbox 751 4068 814 4123; x_wconf 90' lang='lat' dir='ltr'><strong>tudo</strong></span> <span class='ocrx_word' id='word_1_411' title='bbox 826 4073 851 4122; x_wconf 90' lang='lat' dir='ltr'><strong>et</strong></span> <span class='ocrx_word' id='word_1_412' title='bbox 859 4068 920 4139; x_wconf 75' lang='lat' dir='ltr'><strong>joco</strong></span> <span class='ocrx_word' id='word_1_413' title='bbox 934 4084 984 4124; x_wconf 92' lang='lat' dir='ltr'><strong>no-</strong></span> 
     </span>
     <span class='ocr_line' id='line_1_43' title="bbox 132 4155 984 4227; baseline 0.002 -17"><span class='ocrx_word' id='word_1_414' title='bbox 132 4155 347 4224; x_wconf 85' lang='lat' dir='ltr'><strong>cendiuaiditas,</strong></span> <span class='ocrx_word' id='word_1_415' title='bbox 358 4160 383 4210; x_wconf 87' lang='lat' dir='ltr'><strong>et</strong></span> <span class='ocrx_word' id='word_1_416' title='bbox 396 4156 482 4211; x_wconf 87' lang='lat' dir='ltr'><strong>alieni</strong></span> <span class='ocrx_word' id='word_1_417' title='bbox 490 4156 586 4210; x_wconf 90' lang='lat' dir='ltr'><strong>damni</strong></span> <span class='ocrx_word' id='word_1_418' title='bbox 594 4159 732 4227; x_wconf 86' lang='lat' dir='ltr'><strong>appetitus</strong></span> <span class='ocrx_word' id='word_1_419' title='bbox 740 4157 832 4222; x_wconf 77' lang='lat' dir='ltr'><strong>,mulia</strong></span> <span class='ocrx_word' id='word_1_420' title='bbox 843 4157 913 4213; x_wconf 89' lang='lat' dir='ltr'><strong>lueri</strong></span> <span class='ocrx_word' id='word_1_421' title='bbox 921 4160 984 4225; x_wconf 89' lang='lat' dir='ltr'><strong>mei,</strong></span> 
     </span>
    </p>
   </div>
   <div class='ocr_carea' id='block_1_6' title="bbox 132 4334 982 4408">
    <p class='ocr_par' dir='ltr' id='par_1_6' title="bbox 132 4334 982 4408">
     <span class='ocr_line' id='line_1_44' title="bbox 132 4334 982 4408; baseline 0.001 -18"><span class='ocrx_word' id='word_1_422' title='bbox 132 4351 207 4404; x_wconf 88' lang='lat' dir='ltr'><strong>mns;</strong></span> <span class='ocrx_word' id='word_1_423' title='bbox 219 4339 244 4391; x_wconf 91' lang='lat' dir='ltr'><strong>et</strong></span> <span class='ocrx_word' id='word_1_424' title='bbox 251 4336 337 4406; x_wconf 90' lang='lat' dir='ltr'><strong>pudet</strong></span> <span class='ocrx_word' id='word_1_425' title='bbox 346 4351 400 4392; x_wconf 92' lang='lat' dir='ltr'><strong>non</strong></span> <span class='ocrx_word' id='word_1_426' title='bbox 409 4349 464 4391; x_wconf 87' lang='lat' dir='ltr'><strong>esse</strong></span> <span class='ocrx_word' id='word_1_427' title='bbox 474 4334 838 4407; x_wconf 81' lang='lat' dir='ltr'><strong>impudenten.&#39;(lbid.,cap.</strong></span> <span class='ocrx_word' id='word_1_428' title='bbox 850 4337 877 4405; x_wconf 82' lang='lat' dir='ltr'><strong>t,</strong></span> <span class='ocrx_word' id='word_1_429' title='bbox 887 4350 917 4391; x_wconf 89' lang='lat' dir='ltr'><strong>n.</strong></span> <span class='ocrx_word' id='word_1_430' title='bbox 930 4337 982 4408; x_wconf 76' lang='lat' dir='ltr'><strong>tt).</strong></span> 
     </span>
    </p>
   </div>
   <div class='ocr_carea' id='block_1_7' title="bbox 469 4486 648 4543">
    <p class='ocr_par' dir='ltr' id='par_1_7' title="bbox 469 4486 648 4543">
     <span class='ocr_line' id='line_1_45' title="bbox 469 4486 648 4543; baseline 0.006 -1"><span class='ocrx_word' id='word_1_431' title='bbox 469 4487 583 4543; x_wconf 76' lang='lat' dir='ltr'>CAPUT</span> <span class='ocrx_word' id='word_1_432' title='bbox 604 4486 648 4543; x_wconf 87' lang='lat' dir='ltr'><strong>lV.</strong></span> 
     </span>
    </p>
   </div>
   <div class='ocr_carea' id='block_1_8' title="bbox 135 4612 986 5041">
    <p class='ocr_par' dir='ltr' id='par_1_8' title="bbox 135 4612 986 5041">
     <span class='ocr_line' id='line_1_46' title="bbox 135 4612 984 4685; baseline 0.001 -15"><span class='ocrx_word' id='word_1_433' title='bbox 135 4617 146 4670; x_wconf 90' lang='lat' dir='ltr'><strong>f</strong></span> <span class='ocrx_word' id='word_1_434' title='bbox 164 4613 331 4681; x_wconf 75' lang='lat' dir='ltr'><strong>Cartbagine</strong></span> <span class='ocrx_word' id='word_1_435' title='bbox 343 4612 453 4670; x_wconf 82' lang='lat' dir='ltr'><strong>studens</strong></span> <span class='ocrx_word' id='word_1_436' title='bbox 471 4614 662 4676; x_wconf 66' lang='lat' dir='ltr'><strong>filacterium</strong></span> <span class='ocrx_word' id='word_1_437' title='bbox 677 4613 795 4685; x_wconf 89' lang='lat' dir='ltr'><strong>perditis</strong></span> <span class='ocrx_word' id='word_1_438' title='bbox 813 4613 984 4671; x_wconf 84' lang='lat' dir='ltr'><strong>scholastico·</strong></span> 
     </span>
     <span class='ocr_line' id='line_1_47' title="bbox 168 4702 981 4775; baseline 0.002 -17"><span class='ocrx_word' id='word_1_439' title='bbox 168 4717 230 4758; x_wconf 85' lang='lat' dir='ltr'><strong>rum</strong></span> <span class='ocrx_word' id='word_1_440' title='bbox 250 4702 370 4757; x_wconf 88' lang='lat' dir='ltr'><strong>moribus</strong></span> <span class='ocrx_word' id='word_1_441' title='bbox 384 4702 520 4760; x_wconf 78' lang='lat' dir='ltr'><strong>abimeel.</strong></span> <span class='ocrx_word' id='word_1_442' title='bbox 536 4702 610 4760; x_wconf 76' lang='lat' dir='ltr'><strong>etti</strong></span> <span class='ocrx_word' id='word_1_443' title='bbox 628 4705 734 4775; x_wconf 90' lang='lat' dir='ltr'><strong>impuro</strong></span> <span class='ocrx_word' id='word_1_444' title='bbox 748 4718 838 4759; x_wconf 89' lang='lat' dir='ltr'><strong>amore</strong></span> <span class='ocrx_word' id='word_1_445' title='bbox 859 4706 981 4775; x_wconf 87' lang='lat' dir='ltr'><strong>capitur.</strong></span> 
     </span>
     <span class='ocr_line' id='line_1_48' title="bbox 171 4789 986 4861; baseline 0 -13"><span class='ocrx_word' id='word_1_446' title='bbox 171 4789 309 4848; x_wconf 67' lang='lat' dir='ltr'><strong>aModum</strong></span> <span class='ocrx_word' id='word_1_447' title='bbox 323 4793 352 4846; x_wconf 86' lang='lat' dir='ltr'><strong>in</strong></span> <span class='ocrx_word' id='word_1_448' title='bbox 367 4806 395 4847; x_wconf 86' lang='lat' dir='ltr'><strong>eo</strong></span> <span class='ocrx_word' id='word_1_449' title='bbox 409 4792 553 4861; x_wconf 76' lang='lat' dir='ltr'><strong>quemdum</strong></span> <span class='ocrx_word' id='word_1_450' title='bbox 568 4797 646 4848; x_wconf 89' lang='lat' dir='ltr'><strong>tenet.</strong></span> <span class='ocrx_word' id='word_1_451' title='bbox 661 4792 679 4847; x_wconf 76' lang='lat' dir='ltr'><strong>t</strong></span> <span class='ocrx_word' id='word_1_452' title='bbox 692 4791 864 4848; x_wconf 70' lang='lat' dir='ltr'><strong>adeodatum</strong></span> <span class='ocrx_word' id='word_1_453' title='bbox 879 4810 913 4849; x_wconf 82' lang='lat' dir='ltr'><strong>ee</strong></span> <span class='ocrx_word' id='word_1_454' title='bbox 927 4810 986 4849; x_wconf 90' lang='lat' dir='ltr'><strong>con-</strong></span> 
     </span>
     <span class='ocr_line' id='line_1_49' title="bbox 168 4880 985 4952; baseline 0.001 -16"><span class='ocrx_word' id='word_1_455' title='bbox 168 4880 269 4937; x_wconf 87' lang='lat' dir='ltr'><strong>cubine</strong></span> <span class='ocrx_word' id='word_1_456' title='bbox 282 4882 411 4952; x_wconf 88' lang='lat' dir='ltr'><strong>suscipit.</strong></span> <span class='ocrx_word' id='word_1_457' title='bbox 426 4884 442 4936; x_wconf 82' lang='lat'><strong>5</strong></span> <span class='ocrx_word' id='word_1_458' title='bbox 457 4882 594 4938; x_wconf 79' lang='lat' dir='ltr'><strong>Adeodali</strong></span> <span class='ocrx_word' id='word_1_459' title='bbox 606 4880 732 4936; x_wconf 88' lang='lat' dir='ltr'><strong>mirabile</strong></span> <span class='ocrx_word' id='word_1_460' title='bbox 743 4882 890 4951; x_wconf 74' lang='lat' dir='ltr'><strong>ingenium,</strong></span> <span class='ocrx_word' id='word_1_461' title='bbox 903 4896 985 4937; x_wconf 89' lang='lat' dir='ltr'><strong>mars·</strong></span> 
     </span>
     <span class='ocr_line' id='line_1_50' title="bbox 168 4972 393 5041; baseline -0.009 -14"><span class='ocrx_word' id='word_1_462' title='bbox 168 4986 220 5041; x_wconf 84' lang='lat' dir='ltr'><strong>que</strong></span> <span class='ocrx_word' id='word_1_463' title='bbox 233 4972 393 5026; x_wconf 84' lang='lat' dir='ltr'><strong>immature.</strong></span> 
     </span>
    </p>
   </div>
   <div class='ocr_carea' id='block_1_9' title="bbox 170 5075 985 5149">
    <p class='ocr_par' dir='ltr' id='par_1_9' title="bbox 170 5075 985 5149">
     <span class='ocr_line' id='line_1_51' title="bbox 170 5075 985 5149; baseline -0.004 -14"><span class='ocrx_word' id='word_1_464' title='bbox 170 5082 197 5135; x_wconf 90' lang='lat' dir='ltr'><strong>f.</strong></span> <span class='ocrx_word' id='word_1_465' title='bbox 213 5077 386 5149; x_wconf 87' lang='lat' dir='ltr'><strong>Comparate</strong></span> <span class='ocrx_word' id='word_1_466' title='bbox 399 5075 512 5144; x_wconf 82' lang='lat' dir='ltr'><strong>viatica,</strong></span> <span class='ocrx_word' id='word_1_467' title='bbox 527 5075 695 5133; x_wconf 88' lang='lat' dir='ltr'><strong>litterariam</strong></span> <span class='ocrx_word' id='word_1_468' title='bbox 711 5075 837 5133; x_wconf 90' lang='lat' dir='ltr'><strong>studium</strong></span> <span class='ocrx_word' id='word_1_469' title='bbox 851 5081 985 5148; x_wconf 88' lang='lat' dir='ltr'><strong>peractu-</strong></span> 
     </span>
    </p>
   </div>
   <div class='ocr_carea' id='block_1_10' title="bbox 1036 1350 1895 3118">
    <p class='ocr_par' dir='ltr' id='par_1_10' title="bbox 1036 1350 1895 3118">
     <span class='ocr_line' id='line_1_52' title="bbox 1038 1350 1892 1424; baseline 0.007 -18"><span class='ocrx_word' id='word_1_470' title='bbox 1038 1350 1178 1422; x_wconf 84' lang='lat' dir='ltr'><strong>iujuriosa</strong></span> <span class='ocrx_word' id='word_1_471' title='bbox 1192 1353 1397 1424; x_wconf 88' lang='lat' dir='ltr'><strong>perpetrabant</strong></span> <span class='ocrx_word' id='word_1_472' title='bbox 1411 1353 1484 1410; x_wconf 88' lang='lat' dir='ltr'><strong>mira</strong></span> <span class='ocrx_word' id='word_1_473' title='bbox 1498 1353 1672 1410; x_wconf 90' lang='lat' dir='ltr'><strong>hebetudine</strong></span> <span class='ocrx_word' id='word_1_474' title='bbox 1687 1356 1801 1412; x_wconf 77' lang='lat' dir='ltr'><strong>elfreda</strong></span> <span class='ocrx_word' id='word_1_475' title='bbox 1813 1356 1892 1413; x_wconf 88' lang='lat' dir='ltr'><strong>rabie</strong></span> 
     </span>
     <span class='ocr_line' id='line_1_53' title="bbox 1037 1440 1893 1514; baseline 0.008 -19"><span class='ocrx_word' id='word_1_476' title='bbox 1037 1440 1115 1508; x_wconf 75' lang='lat' dir='ltr'><strong>cuci,</strong></span> <span class='ocrx_word' id='word_1_477' title='bbox 1140 1440 1252 1514; x_wconf 87' lang='lat' dir='ltr'><strong>legibus</strong></span> <span class='ocrx_word' id='word_1_478' title='bbox 1282 1447 1358 1497; x_wconf 89' lang='lat' dir='ltr'><strong>certe</strong></span> <span class='ocrx_word' id='word_1_479' title='bbox 1381 1441 1564 1513; x_wconf 81' lang='lat' dir='ltr'><strong>vindicanda,</strong></span> <span class='ocrx_word' id='word_1_480' title='bbox 1585 1442 1641 1499; x_wconf 91' lang='lat' dir='ltr'><strong>nisi</strong></span> <span class='ocrx_word' id='word_1_481' title='bbox 1661 1460 1696 1499; x_wconf 90' lang='lat' dir='ltr'><strong>ea</strong></span> <span class='ocrx_word' id='word_1_482' title='bbox 1716 1445 1893 1502; x_wconf 87' lang='lat' dir='ltr'><strong>consuetude</strong></span> 
     </span>
     <span class='ocr_line' id='line_1_54' title="bbox 1036 1530 1891 1606; baseline 0.009 -23"><span class='ocrx_word' id='word_1_483' title='bbox 1036 1533 1158 1601; x_wconf 85' lang='lat' dir='ltr'><strong>patrona</strong></span> <span class='ocrx_word' id='word_1_484' title='bbox 1179 1530 1392 1602; x_wconf 87' lang='lat' dir='ltr'><strong>comprobasset</strong></span> <span class='ocrx_word' id='word_1_485' title='bbox 1413 1531 1495 1602; x_wconf 85' lang='lat' dir='ltr'><strong>(lbid.</strong></span> <span class='ocrx_word' id='word_1_486' title='bbox 1516 1531 1564 1588; x_wconf 88' lang='lat' dir='ltr'><strong>tib.</strong></span> <span class='ocrx_word' id='word_1_487' title='bbox 1587 1536 1613 1599; x_wconf 82' lang='lat'><strong>5,</strong></span> <span class='ocrx_word' id='word_1_488' title='bbox 1638 1549 1699 1604; x_wconf 87' lang='lat' dir='ltr'><strong>cap.</strong></span> <span class='ocrx_word' id='word_1_489' title='bbox 1724 1536 1752 1602; x_wconf 90' lang='lat'><strong>8,</strong></span> <span class='ocrx_word' id='word_1_490' title='bbox 1777 1551 1809 1592; x_wconf 90' lang='lat' dir='ltr'><strong>n.</strong></span> <span class='ocrx_word' id='word_1_491' title='bbox 1840 1534 1891 1606; x_wconf 81' lang='lat' dir='ltr'><strong>rt).</strong></span> 
     </span>
     <span class='ocr_line' id='line_1_55' title="bbox 1037 1619 1892 1694; baseline 0.007 -20"><span class='ocrx_word' id='word_1_492' title='bbox 1037 1621 1111 1674; x_wconf 85' lang='lat' dir='ltr'><strong>later</strong></span> <span class='ocrx_word' id='word_1_493' title='bbox 1125 1633 1201 1689; x_wconf 79' lang='lat' dir='ltr'><strong>quos,</strong></span> <span class='ocrx_word' id='word_1_494' title='bbox 1220 1619 1261 1674; x_wconf 91' lang='lat' dir='ltr'><strong>ait</strong></span> <span class='ocrx_word' id='word_1_495' title='bbox 1273 1619 1462 1692; x_wconf 78' lang='lat' dir='ltr'><strong>Augustinus,</strong></span> <span class='ocrx_word' id='word_1_496' title='bbox 1476 1621 1600 1676; x_wconf 88' lang='lat' dir='ltr'><strong>uiuebam</strong></span> <span class='ocrx_word' id='word_1_497' title='bbox 1612 1622 1717 1692; x_wconf 86' lang='lat' dir='ltr'><strong>pudore</strong></span> <span class='ocrx_word' id='word_1_498' title='bbox 1730 1623 1892 1694; x_wconf 84' lang='lat' dir='ltr'><strong>impudenti,</strong></span> 
     </span>
     <span class='ocr_line' id='line_1_56' title="bbox 1038 1709 1893 1780; baseline 0.008 -18"><span class='ocrx_word' id='word_1_499' title='bbox 1038 1709 1106 1778; x_wconf 81' lang='lat' dir='ltr'><strong>quie</strong></span> <span class='ocrx_word' id='word_1_500' title='bbox 1121 1709 1185 1763; x_wconf 87' lang='lat' dir='ltr'><strong>talis</strong></span> <span class='ocrx_word' id='word_1_501' title='bbox 1199 1723 1252 1764; x_wconf 91' lang='lat' dir='ltr'><strong>nan</strong></span> <span class='ocrx_word' id='word_1_502' title='bbox 1264 1724 1338 1764; x_wconf 73' lang='lat' dir='ltr'><strong>mam</strong></span> <span class='ocrx_word' id='word_1_503' title='bbox 1350 1725 1357 1764; x_wconf 92' lang='lat'><strong>:</strong></span> <span class='ocrx_word' id='word_1_504' title='bbox 1369 1715 1394 1764; x_wconf 87' lang='lat' dir='ltr'><strong>et</strong></span> <span class='ocrx_word' id='word_1_505' title='bbox 1403 1725 1463 1764; x_wconf 90' lang='lat' dir='ltr'><strong>cum</strong></span> <span class='ocrx_word' id='word_1_506' title='bbox 1474 1712 1513 1765; x_wconf 82' lang='lat' dir='ltr'><strong>eis</strong></span> <span class='ocrx_word' id='word_1_507' title='bbox 1528 1726 1614 1780; x_wconf 73' lang='lat' dir='ltr'><strong>mam,</strong></span> <span class='ocrx_word' id='word_1_508' title='bbox 1624 1715 1650 1765; x_wconf 87' lang='lat' dir='ltr'><strong>et</strong></span> <span class='ocrx_word' id='word_1_509' title='bbox 1664 1714 1794 1768; x_wconf 87' lang='lat' dir='ltr'><strong>amicitiis</strong></span> <span class='ocrx_word' id='word_1_510' title='bbox 1804 1729 1893 1769; x_wconf 88' lang='lat' dir='ltr'><strong>eorum</strong></span> 
     </span>
     <span class='ocr_line' id='line_1_57' title="bbox 1038 1796 1892 1870; baseline 0.006 -17"><span class='ocrx_word' id='word_1_511' title='bbox 1038 1796 1191 1853; x_wconf 60' lang='lat' dir='ltr'><strong>&amp;betchar</strong></span> <span class='ocrx_word' id='word_1_512' title='bbox 1205 1797 1363 1867; x_wconf 76' lang='lat' dir='ltr'><strong>aliquando.</strong></span> <span class='ocrx_word' id='word_1_513' title='bbox 1380 1814 1526 1867; x_wconf 84' lang='lat' dir='ltr'><strong>aquarum</strong></span> <span class='ocrx_word' id='word_1_514' title='bbox 1542 1814 1647 1870; x_wconf 85' lang='lat' dir='ltr'><strong>semper</strong></span> <span class='ocrx_word' id='word_1_515' title='bbox 1664 1801 1749 1869; x_wconf 66' lang='lat' dir='ltr'><strong>suctu</strong></span> <span class='ocrx_word' id='word_1_516' title='bbox 1763 1801 1892 1858; x_wconf 86' lang='lat' dir='ltr'><strong>abborre-</strong></span> 
     </span>
     <span class='ocr_line' id='line_1_58' title="bbox 1039 1885 1894 1960; baseline 0.008 -20"><span class='ocrx_word' id='word_1_517' title='bbox 1039 1886 1110 1953; x_wconf 91' lang='lat' dir='ltr'><strong>bam,</strong></span> <span class='ocrx_word' id='word_1_518' title='bbox 1121 1887 1169 1941; x_wconf 87' lang='lat' dir='ltr'><strong>bac</strong></span> <span class='ocrx_word' id='word_1_519' title='bbox 1182 1889 1221 1942; x_wconf 87' lang='lat' dir='ltr'><strong>esl</strong></span> <span class='ocrx_word' id='word_1_520' title='bbox 1232 1885 1267 1940; x_wconf 90' lang='lat' dir='ltr'><strong>ab</strong></span> <span class='ocrx_word' id='word_1_521' title='bbox 1283 1887 1466 1942; x_wconf 68' lang='lat' dir='ltr'><strong>erasionibus</strong></span> <span class='ocrx_word' id='word_1_522' title='bbox 1479 1888 1579 1958; x_wconf 80' lang='lat' dir='ltr'><strong>quibus</strong></span> <span class='ocrx_word' id='word_1_523' title='bbox 1585 1895 1712 1960; x_wconf 85' lang='lat' dir='ltr'><strong>proterue</strong></span> <span class='ocrx_word' id='word_1_524' title='bbox 1725 1891 1894 1947; x_wconf 86' lang='lat' dir='ltr'><strong>insectaban-</strong></span> 
     </span>
     <span class='ocr_line' id='line_1_59' title="bbox 1038 1976 1892 2051; baseline 0.008 -21"><span class='ocrx_word' id='word_1_525' title='bbox 1038 1980 1084 2031; x_wconf 88' lang='lat' dir='ltr'><strong>tur</strong></span> <span class='ocrx_word' id='word_1_526' title='bbox 1106 1978 1257 2044; x_wconf 75' lang='lat' dir='ltr'><strong>ipnatorum</strong></span> <span class='ocrx_word' id='word_1_527' title='bbox 1280 1976 1479 2042; x_wconf 75' lang='lat' dir='ltr'><strong>seecundiam,</strong></span> <span class='ocrx_word' id='word_1_528' title='bbox 1505 1994 1588 2050; x_wconf 80' lang='lat' dir='ltr'><strong>quam</strong></span> <span class='ocrx_word' id='word_1_529' title='bbox 1606 1979 1784 2051; x_wconf 87' lang='lat' dir='ltr'><strong>pertubareut</strong></span> <span class='ocrx_word' id='word_1_530' title='bbox 1805 1985 1892 2050; x_wconf 75' lang='lat' dir='ltr'><strong>emtis</strong></span> 
     </span>
     <span class='ocr_line' id='line_1_60' title="bbox 1037 2061 1892 2137; baseline 0.008 -19"><span class='ocrx_word' id='word_1_531' title='bbox 1037 2063 1187 2133; x_wconf 82' lang='lat' dir='ltr'><strong>illudendo,</strong></span> <span class='ocrx_word' id='word_1_532' title='bbox 1201 2069 1283 2135; x_wconf 83' lang='lat' dir='ltr'><strong>alque</strong></span> <span class='ocrx_word' id='word_1_533' title='bbox 1305 2066 1369 2121; x_wconf 89' lang='lat' dir='ltr'><strong>inde</strong></span> <span class='ocrx_word' id='word_1_534' title='bbox 1379 2065 1515 2137; x_wconf 84' lang='lat' dir='ltr'><strong>poscenda</strong></span> <span class='ocrx_word' id='word_1_535' title='bbox 1529 2067 1674 2124; x_wconf 85' lang='lat' dir='ltr'><strong>malevolas</strong></span> <span class='ocrx_word' id='word_1_536' title='bbox 1697 2061 1808 2124; x_wconf 72' lang='lat' dir='ltr'><strong>letitiae</strong></span> <span class='ocrx_word' id='word_1_537' title='bbox 1828 2084 1892 2125; x_wconf 89' lang='lat' dir='ltr'><strong>suas</strong></span> 
     </span>
     <span class='ocr_line' id='line_1_61' title="bbox 1039 2152 1893 2228; baseline 0.007 -21"><span class='ocrx_word' id='word_1_538' title='bbox 1039 2152 1129 2224; x_wconf 75' lang='lat' dir='ltr'><strong>(leid,</strong></span> <span class='ocrx_word' id='word_1_539' title='bbox 1156 2153 1202 2208; x_wconf 90' lang='lat' dir='ltr'><strong>tib.</strong></span> <span class='ocrx_word' id='word_1_540' title='bbox 1229 2157 1256 2219; x_wconf 87' lang='grc'><strong>3,</strong></span> <span class='ocrx_word' id='word_1_541' title='bbox 1272 2170 1332 2225; x_wconf 89' lang='lat' dir='ltr'><strong>cap.</strong></span> <span class='ocrx_word' id='word_1_542' title='bbox 1348 2156 1375 2222; x_wconf 88' lang='grc'><strong>3,</strong></span> <span class='ocrx_word' id='word_1_543' title='bbox 1390 2171 1419 2210; x_wconf 91' lang='lat' dir='ltr'><strong>n.</strong></span> <span class='ocrx_word' id='word_1_544' title='bbox 1440 2153 1479 2224; x_wconf 85' lang='grc'><strong>6).</strong></span> <span class='ocrx_word' id='word_1_545' title='bbox 1500 2156 1578 2211; x_wconf 91' lang='lat' dir='ltr'><strong>luter</strong></span> <span class='ocrx_word' id='word_1_546' title='bbox 1592 2156 1645 2212; x_wconf 89' lang='lat' dir='ltr'><strong>hos</strong></span> <span class='ocrx_word' id='word_1_547' title='bbox 1660 2171 1730 2228; x_wconf 89' lang='lat' dir='ltr'><strong>ergo</strong></span> <span class='ocrx_word' id='word_1_548' title='bbox 1750 2156 1893 2214; x_wconf 89' lang='lat' dir='ltr'><strong>imbecilla</strong></span> 
     </span>
     <span class='ocr_line' id='line_1_62' title="bbox 1037 2242 1893 2319; baseline 0.007 -23"><span class='ocrx_word' id='word_1_549' title='bbox 1037 2243 1194 2297; x_wconf 84' lang='lat' dir='ltr'><strong>tuncretate</strong></span> <span class='ocrx_word' id='word_1_550' title='bbox 1204 2242 1329 2298; x_wconf 83' lang='lat' dir='ltr'><strong>discebat</strong></span> <span class='ocrx_word' id='word_1_551' title='bbox 1338 2243 1653 2316; x_wconf 80' lang='lat' dir='ltr'><strong>libroseloqueutiee,iu</strong></span> <span class='ocrx_word' id='word_1_552' title='bbox 1663 2262 1720 2318; x_wconf 90' lang='lat' dir='ltr'><strong>qua</strong></span> <span class='ocrx_word' id='word_1_553' title='bbox 1729 2247 1893 2319; x_wconf 68' lang='lat' dir='ltr'><strong>precellere</strong></span> 
     </span>
     <span class='ocr_line' id='line_1_63' title="bbox 1038 2328 1892 2410; baseline 0.009 -26"><span class='ocrx_word' id='word_1_554' title='bbox 1038 2328 1171 2402; x_wconf 90' lang='lat' dir='ltr'><strong>cupiebat</strong></span> <span class='ocrx_word' id='word_1_555' title='bbox 1179 2346 1265 2403; x_wconf 85' lang='lat' dir='ltr'><strong>prava</strong></span> <span class='ocrx_word' id='word_1_556' title='bbox 1275 2331 1325 2386; x_wconf 87' lang='lat' dir='ltr'><strong>ille</strong></span> <span class='ocrx_word' id='word_1_557' title='bbox 1334 2336 1364 2387; x_wconf 92' lang='lat' dir='ltr'><strong>et</strong></span> <span class='ocrx_word' id='word_1_558' title='bbox 1373 2331 1481 2387; x_wconf 81' lang='lat' dir='ltr'><strong>infelici</strong></span> <span class='ocrx_word' id='word_1_559' title='bbox 1492 2349 1644 2389; x_wconf 89' lang='lat' dir='ltr'><strong>succensus</strong></span> <span class='ocrx_word' id='word_1_560' title='bbox 1650 2335 1819 2405; x_wconf 90' lang='lat' dir='ltr'><strong>ambitione,</strong></span> <span class='ocrx_word' id='word_1_561' title='bbox 1828 2352 1892 2410; x_wconf 83' lang='lat' dir='ltr'><strong>quae</strong></span> 
     </span>
     <span class='ocr_line' id='line_1_64' title="bbox 1037 2419 1894 2495; baseline 0.008 -22"><span class='ocrx_word' id='word_1_562' title='bbox 1037 2419 1894 2495; x_wconf 79' lang='lat' dir='ltr'><strong>soliusglariecausadesudanseolidioraeuagandieinaura</strong></span> 
     </span>
     <span class='ocr_line' id='line_1_65' title="bbox 1038 2509 1891 2586; baseline 0.009 -22"><span class='ocrx_word' id='word_1_563' title='bbox 1038 2512 1156 2566; x_wconf 77' lang='lat' dir='ltr'><strong>ventosa</strong></span> <span class='ocrx_word' id='word_1_564' title='bbox 1167 2509 1301 2566; x_wconf 82' lang='lat' dir='ltr'><strong>vanitatis</strong></span> <span class='ocrx_word' id='word_1_565' title='bbox 1314 2510 1450 2566; x_wconf 89' lang='lat' dir='ltr'><strong>humanae</strong></span> <span class='ocrx_word' id='word_1_566' title='bbox 1465 2512 1585 2568; x_wconf 90' lang='lat' dir='ltr'><strong>collocet</strong></span> <span class='ocrx_word' id='word_1_567' title='bbox 1596 2512 1690 2585; x_wconf 82' lang='lat' dir='ltr'><strong>(ibid,</strong></span> <span class='ocrx_word' id='word_1_568' title='bbox 1701 2529 1763 2584; x_wconf 86' lang='lat' dir='ltr'><strong>cap.</strong></span> <span class='ocrx_word' id='word_1_569' title='bbox 1777 2516 1805 2583; x_wconf 79' lang='lat'><strong>4,</strong></span> <span class='ocrx_word' id='word_1_570' title='bbox 1814 2531 1843 2571; x_wconf 84' lang='lat' dir='ltr'><strong>n.</strong></span> <span class='ocrx_word' id='word_1_571' title='bbox 1854 2515 1891 2586; x_wconf 75' lang='grc' dir='ltr'><strong>ἵ).</strong></span> 
     </span>
     <span class='ocr_line' id='line_1_66' title="bbox 1040 2597 1893 2677; baseline 0.009 -25"><span class='ocrx_word' id='word_1_572' title='bbox 1040 2598 1105 2652; x_wconf 78' lang='lat' dir='ltr'><strong>flac</strong></span> <span class='ocrx_word' id='word_1_573' title='bbox 1118 2597 1196 2654; x_wconf 93' lang='lat' dir='ltr'><strong>euim</strong></span> <span class='ocrx_word' id='word_1_574' title='bbox 1206 2598 1300 2655; x_wconf 88' lang='lat' dir='ltr'><strong>studia</strong></span> <span class='ocrx_word' id='word_1_575' title='bbox 1314 2615 1380 2655; x_wconf 92' lang='lat' dir='ltr'><strong>eum</strong></span> <span class='ocrx_word' id='word_1_576' title='bbox 1391 2616 1443 2672; x_wconf 88' lang='lat' dir='ltr'><strong>per</strong></span> <span class='ocrx_word' id='word_1_577' title='bbox 1455 2617 1485 2655; x_wconf 89' lang='lat' dir='ltr'><strong>se</strong></span> <span class='ocrx_word' id='word_1_578' title='bbox 1499 2600 1643 2657; x_wconf 88' lang='lat' dir='ltr'><strong>ducebant</strong></span> <span class='ocrx_word' id='word_1_579' title='bbox 1653 2603 1688 2658; x_wconf 91' lang='lat' dir='ltr'><strong>ad</strong></span> <span class='ocrx_word' id='word_1_580' title='bbox 1701 2603 1808 2671; x_wconf 82' lang='lat' dir='ltr'><strong>iamim,</strong></span> <span class='ocrx_word' id='word_1_581' title='bbox 1817 2605 1893 2677; x_wconf 84' lang='lat' dir='ltr'><strong>quod</strong></span> 
     </span>
     <span class='ocr_line' id='line_1_67' title="bbox 1039 2686 1895 2764; baseline 0.011 -24"><span class='ocrx_word' id='word_1_582' title='bbox 1039 2686 1088 2741; x_wconf 90' lang='lat' dir='ltr'><strong>ille</strong></span> <span class='ocrx_word' id='word_1_583' title='bbox 1099 2686 1160 2758; x_wconf 91' lang='lat' dir='ltr'><strong>jam</strong></span> <span class='ocrx_word' id='word_1_584' title='bbox 1174 2691 1236 2742; x_wconf 93' lang='lat' dir='ltr'><strong>tum</strong></span> <span class='ocrx_word' id='word_1_585' title='bbox 1251 2687 1405 2760; x_wconf 88' lang='lat' dir='ltr'><strong>spectabat,</strong></span> <span class='ocrx_word' id='word_1_586' title='bbox 1421 2693 1455 2744; x_wconf 94' lang='lat' dir='ltr'><strong>ul</strong></span> <span class='ocrx_word' id='word_1_587' title='bbox 1469 2689 1508 2745; x_wconf 94' lang='lat' dir='ltr'><strong>ibi</strong></span> <span class='ocrx_word' id='word_1_588' title='bbox 1527 2690 1620 2746; x_wconf 84' lang='lat' dir='ltr'><strong>clamis</strong></span> <span class='ocrx_word' id='word_1_589' title='bbox 1635 2707 1669 2747; x_wconf 92' lang='lat' dir='ltr'><strong>eo</strong></span> <span class='ocrx_word' id='word_1_590' title='bbox 1684 2693 1827 2764; x_wconf 87' lang='lat' dir='ltr'><strong>maj0rcm</strong></span> <span class='ocrx_word' id='word_1_591' title='bbox 1842 2693 1895 2748; x_wconf 91' lang='lat' dir='ltr'><strong>sibi</strong></span> 
     </span>
     <span class='ocr_line' id='line_1_68' title="bbox 1039 2775 1894 2856; baseline 0.011 -26"><span class='ocrx_word' id='word_1_592' title='bbox 1039 2775 1160 2848; x_wconf 90' lang='lat' dir='ltr'><strong>gloriam</strong></span> <span class='ocrx_word' id='word_1_593' title='bbox 1170 2782 1358 2850; x_wconf 87' lang='lat' dir='ltr'><strong>compararet,</strong></span> <span class='ocrx_word' id='word_1_594' title='bbox 1369 2795 1427 2851; x_wconf 87' lang='lat' dir='ltr'><strong>quo</strong></span> <span class='ocrx_word' id='word_1_595' title='bbox 1439 2778 1542 2835; x_wconf 90' lang='lat' dir='ltr'><strong>melius</strong></span> <span class='ocrx_word' id='word_1_596' title='bbox 1552 2785 1649 2836; x_wconf 89' lang='lat' dir='ltr'><strong>nosset</strong></span> <span class='ocrx_word' id='word_1_597' title='bbox 1657 2781 1745 2838; x_wconf 90' lang='lat' dir='ltr'><strong>etiam</strong></span> <span class='ocrx_word' id='word_1_598' title='bbox 1758 2798 1894 2856; x_wconf 88' lang='lat' dir='ltr'><strong>oppressa</strong></span> 
     </span>
     <span class='ocr_line' id='line_1_69' title="bbox 1039 2864 1893 2939; baseline 0.009 -20"><span class='ocrx_word' id='word_1_599' title='bbox 1039 2864 1157 2920; x_wconf 81' lang='lat' dir='ltr'><strong>recitate</strong></span> <span class='ocrx_word' id='word_1_600' title='bbox 1172 2867 1320 2923; x_wconf 89' lang='lat' dir='ltr'><strong>mendacio</strong></span> <span class='ocrx_word' id='word_1_601' title='bbox 1334 2867 1519 2939; x_wconf 86' lang='lat' dir='ltr'><strong>patrocinari.</strong></span> <span class='ocrx_word' id='word_1_602' title='bbox 1537 2871 1624 2925; x_wconf 81' lang='lat' dir='ltr'><strong>Tanta</strong></span> <span class='ocrx_word' id='word_1_603' title='bbox 1644 2875 1694 2936; x_wconf 83' lang='lat' dir='ltr'><strong>est,</strong></span> <span class='ocrx_word' id='word_1_604' title='bbox 1710 2871 1750 2926; x_wconf 91' lang='lat' dir='ltr'><strong>ait</strong></span> <span class='ocrx_word' id='word_1_605' title='bbox 1767 2871 1842 2927; x_wconf 85' lang='lat' dir='ltr'><strong>hanc</strong></span> <span class='ocrx_word' id='word_1_606' title='bbox 1864 2872 1893 2927; x_wconf 89' lang='lat' dir='ltr'><strong>in</strong></span> 
     </span>
     <span class='ocr_line' id='line_1_70' title="bbox 1039 2957 1893 3030; baseline 0.012 -22"><span class='ocrx_word' id='word_1_607' title='bbox 1039 2969 1111 3022; x_wconf 90' lang='lat' dir='ltr'><strong>rem,</strong></span> <span class='ocrx_word' id='word_1_608' title='bbox 1134 2957 1239 3012; x_wconf 75' lang='lat' dir='ltr'><strong>cedias</strong></span> <span class='ocrx_word' id='word_1_609' title='bbox 1262 2958 1399 3012; x_wconf 75' lang='lat' dir='ltr'><strong>mminum</strong></span> <span class='ocrx_word' id='word_1_610' title='bbox 1413 2957 1446 3012; x_wconf 89' lang='lat' dir='ltr'><strong>de</strong></span> <span class='ocrx_word' id='word_1_611' title='bbox 1460 2960 1578 3015; x_wconf 78' lang='lat' dir='ltr'><strong>aeeitme</strong></span> <span class='ocrx_word' id='word_1_612' title='bbox 1598 2963 1680 3015; x_wconf 89' lang='lat' dir='ltr'><strong>etiam</strong></span> <span class='ocrx_word' id='word_1_613' title='bbox 1694 2961 1893 3030; x_wconf 76' lang='lat' dir='ltr'><strong>plectentium!</strong></span> 
     </span>
     <span class='ocr_line' id='line_1_71' title="bbox 1040 3044 1514 3118; baseline 0.004 -17"><span class='ocrx_word' id='word_1_614' title='bbox 1040 3044 1168 3111; x_wconf 72' lang='lat' dir='ltr'><strong>(Confess.</strong></span> <span class='ocrx_word' id='word_1_615' title='bbox 1185 3044 1233 3099; x_wconf 90' lang='lat' dir='ltr'><strong>tib.</strong></span> <span class='ocrx_word' id='word_1_616' title='bbox 1255 3048 1282 3113; x_wconf 91' lang='grc'><strong>3,</strong></span> <span class='ocrx_word' id='word_1_617' title='bbox 1298 3061 1361 3116; x_wconf 89' lang='lat' dir='ltr'><strong>cap.</strong></span> <span class='ocrx_word' id='word_1_618' title='bbox 1382 3049 1407 3109; x_wconf 89' lang='grc'><strong>3,</strong></span> <span class='ocrx_word' id='word_1_619' title='bbox 1423 3063 1455 3103; x_wconf 92' lang='lat' dir='ltr'><strong>n.</strong></span> <span class='ocrx_word' id='word_1_620' title='bbox 1474 3051 1514 3118; x_wconf 82' lang='lat'><strong>6).</strong></span> 
     </span>
    </p>
   </div>
   <div class='ocr_carea' id='block_1_11' title="bbox 1037 3203 1894 5151">
    <p class='ocr_par' dir='ltr' id='par_1_11' title="bbox 1037 3203 1894 5151">
     <span class='ocr_line' id='line_1_72' title="bbox 1075 3203 1892 3281; baseline 0.013 -24"><span class='ocrx_word' id='word_1_621' title='bbox 1075 3205 1100 3257; x_wconf 77' lang='lat' dir='ltr'><strong>i.</strong></span> <span class='ocrx_word' id='word_1_622' title='bbox 1115 3203 1168 3261; x_wconf 89' lang='lat' dir='ltr'><strong>Sed</strong></span> <span class='ocrx_word' id='word_1_623' title='bbox 1181 3203 1251 3276; x_wconf 84' lang='lat' dir='ltr'><strong>qnid</strong></span> <span class='ocrx_word' id='word_1_624' title='bbox 1265 3205 1378 3262; x_wconf 89' lang='lat' dir='ltr'><strong>silentio</strong></span> <span class='ocrx_word' id='word_1_625' title='bbox 1393 3206 1574 3280; x_wconf 76' lang='lat' dir='ltr'><strong>praeterimus</strong></span> <span class='ocrx_word' id='word_1_626' title='bbox 1584 3225 1648 3281; x_wconf 75' lang='lat' dir='ltr'><strong>quac</strong></span> <span class='ocrx_word' id='word_1_627' title='bbox 1658 3209 1739 3281; x_wconf 88' lang='lat' dir='ltr'><strong>prius</strong></span> <span class='ocrx_word' id='word_1_628' title='bbox 1752 3210 1782 3266; x_wconf 93' lang='lat' dir='ltr'><strong>in</strong></span> <span class='ocrx_word' id='word_1_629' title='bbox 1793 3211 1892 3268; x_wconf 91' lang='lat' dir='ltr'><strong>eodem</strong></span> 
     </span>
     <span class='ocr_line' id='line_1_73' title="bbox 1040 3290 1894 3373; baseline 0.011 -25"><span class='ocrx_word' id='word_1_630' title='bbox 1040 3291 1254 3348; x_wconf 82' lang='lat' dir='ltr'><strong>Confessiouum</strong></span> <span class='ocrx_word' id='word_1_631' title='bbox 1278 3290 1396 3368; x_wconf 82' lang='lat' dir='ltr'><strong>suarum</strong></span> <span class='ocrx_word' id='word_1_632' title='bbox 1411 3296 1484 3352; x_wconf 92' lang='lat' dir='ltr'><strong>libro</strong></span> <span class='ocrx_word' id='word_1_633' title='bbox 1503 3298 1643 3369; x_wconf 87' lang='lat' dir='ltr'><strong>probmsa</strong></span> <span class='ocrx_word' id='word_1_634' title='bbox 1662 3299 1698 3354; x_wconf 92' lang='lat' dir='ltr'><strong>de</strong></span> <span class='ocrx_word' id='word_1_635' title='bbox 1717 3317 1747 3354; x_wconf 89' lang='lat' dir='ltr'><strong>se</strong></span> <span class='ocrx_word' id='word_1_636' title='bbox 1767 3301 1894 3373; x_wconf 91' lang='lat' dir='ltr'><strong>prodidit</strong></span> 
     </span>
     <span class='ocr_line' id='line_1_74' title="bbox 1039 3380 1893 3464; baseline 0.016 -31"><span class='ocrx_word' id='word_1_637' title='bbox 1039 3380 1207 3436; x_wconf 73' lang='lat' dir='ltr'><strong>memorias?</strong></span> <span class='ocrx_word' id='word_1_638' title='bbox 1220 3382 1333 3439; x_wconf 84' lang='lat' dir='ltr'><strong>Scilicet</strong></span> <span class='ocrx_word' id='word_1_639' title='bbox 1345 3384 1440 3440; x_wconf 82' lang='lat' dir='ltr'><strong>virum</strong></span> <span class='ocrx_word' id='word_1_640' title='bbox 1455 3392 1585 3442; x_wconf 88' lang='lat' dir='ltr'><strong>sanctum</strong></span> <span class='ocrx_word' id='word_1_641' title='bbox 1600 3387 1636 3443; x_wconf 87' lang='lat' dir='ltr'><strong>ad</strong></span> <span class='ocrx_word' id='word_1_642' title='bbox 1649 3405 1682 3444; x_wconf 90' lang='lat' dir='ltr'><strong>ea</strong></span> <span class='ocrx_word' id='word_1_643' title='bbox 1697 3387 1818 3462; x_wconf 84' lang='lat' dir='ltr'><strong>insuper</strong></span> <span class='ocrx_word' id='word_1_644' title='bbox 1831 3408 1893 3464; x_wconf 79' lang='lat' dir='ltr'><strong>quse</strong></span> 
     </span>
     <span class='ocr_line' id='line_1_75' title="bbox 1037 3467 1894 3546; baseline 0.015 -23"><span class='ocrx_word' id='word_1_645' title='bbox 1037 3467 1083 3523; x_wconf 85' lang='lat' dir='ltr'><strong>vix</strong></span> <span class='ocrx_word' id='word_1_646' title='bbox 1099 3468 1169 3524; x_wconf 88' lang='lat' dir='ltr'><strong>citra</strong></span> <span class='ocrx_word' id='word_1_647' title='bbox 1180 3470 1315 3527; x_wconf 92' lang='lat' dir='ltr'><strong>ruborem</strong></span> <span class='ocrx_word' id='word_1_648' title='bbox 1330 3472 1386 3545; x_wconf 90' lang='lat' dir='ltr'><strong>legi</strong></span> <span class='ocrx_word' id='word_1_649' title='bbox 1401 3475 1522 3546; x_wconf 91' lang='lat' dir='ltr'><strong>possint,</strong></span> <span class='ocrx_word' id='word_1_650' title='bbox 1533 3477 1565 3531; x_wconf 94' lang='lat' dir='ltr'><strong>in</strong></span> <span class='ocrx_word' id='word_1_651' title='bbox 1578 3477 1669 3532; x_wconf 91' lang='lat' dir='ltr'><strong>oculis</strong></span> <span class='ocrx_word' id='word_1_652' title='bbox 1683 3479 1815 3535; x_wconf 91' lang='lat' dir='ltr'><strong>omnium</strong></span> <span class='ocrx_word' id='word_1_653' title='bbox 1830 3497 1894 3536; x_wconf 87' lang='lat' dir='ltr'><strong>cou-</strong></span> 
     </span>
     <span class='ocr_line' id='line_1_76' title="bbox 1038 3558 1893 3634; baseline 0.015 -21"><span class='ocrx_word' id='word_1_654' title='bbox 1038 3558 1156 3628; x_wconf 85' lang='lat' dir='ltr'><strong>flteuda,</strong></span> <span class='ocrx_word' id='word_1_655' title='bbox 1172 3560 1326 3632; x_wconf 89' lang='lat' dir='ltr'><strong>singularis</strong></span> <span class='ocrx_word' id='word_1_656' title='bbox 1341 3562 1457 3634; x_wconf 91' lang='lat' dir='ltr'><strong>impulit</strong></span> <span class='ocrx_word' id='word_1_657' title='bbox 1472 3565 1562 3621; x_wconf 90' lang='lat' dir='ltr'><strong>animi</strong></span> <span class='ocrx_word' id='word_1_658' title='bbox 1576 3567 1726 3624; x_wconf 90' lang='lat' dir='ltr'><strong>demissio.</strong></span> <span class='ocrx_word' id='word_1_659' title='bbox 1749 3571 1820 3626; x_wconf 83' lang='lat' dir='ltr'><strong>Veni</strong></span> <span class='ocrx_word' id='word_1_660' title='bbox 1831 3572 1893 3629; x_wconf 80' lang='lat' dir='ltr'><strong>Gar-</strong></span> 
     </span>
     <span class='ocr_line' id='line_1_77' title="bbox 1039 3650 1893 3724; baseline 0.014 -21"><span class='ocrx_word' id='word_1_661' title='bbox 1039 3651 1188 3718; x_wconf 82' lang='lat' dir='ltr'><strong>tbapinem.</strong></span> <span class='ocrx_word' id='word_1_662' title='bbox 1200 3650 1295 3722; x_wconf 88' lang='lat' dir='ltr'><strong>inquit</strong></span> <span class='ocrx_word' id='word_1_663' title='bbox 1310 3651 1398 3724; x_wconf 88' lang='lat' dir='ltr'><strong>(quod</strong></span> <span class='ocrx_word' id='word_1_664' title='bbox 1414 3654 1467 3710; x_wconf 86' lang='lat' dir='ltr'><strong>sub</strong></span> <span class='ocrx_word' id='word_1_665' title='bbox 1483 3655 1590 3711; x_wconf 87' lang='lat' dir='ltr'><strong>exitum</strong></span> <span class='ocrx_word' id='word_1_666' title='bbox 1611 3656 1680 3712; x_wconf 85' lang='lat' dir='ltr'><strong>anni</strong></span> <span class='ocrx_word' id='word_1_667' title='bbox 1699 3659 1893 3715; x_wconf 85' lang='lat' dir='ltr'><strong>trecentesimi</strong></span> 
     </span>
     <span class='ocr_line' id='line_1_78' title="bbox 1038 3738 1893 3818; baseline 0.016 -27"><span class='ocrx_word' id='word_1_668' title='bbox 1038 3738 1241 3810; x_wconf 88' lang='lat' dir='ltr'><strong>septuagesimi</strong></span> <span class='ocrx_word' id='word_1_669' title='bbox 1254 3740 1388 3798; x_wconf 86' lang='lat' dir='ltr'><strong>accidisse</strong></span> <span class='ocrx_word' id='word_1_670' title='bbox 1406 3743 1538 3811; x_wconf 81' lang='lat' dir='ltr'><strong>videtur).</strong></span> <span class='ocrx_word' id='word_1_671' title='bbox 1552 3752 1578 3801; x_wconf 89' lang='lat' dir='ltr'><strong>et</strong></span> <span class='ocrx_word' id='word_1_672' title='bbox 1602 3748 1841 3818; x_wconf 85' lang='lat' dir='ltr'><strong>circumstrepebat</strong></span> <span class='ocrx_word' id='word_1_673' title='bbox 1853 3765 1893 3804; x_wconf 86' lang='lat' dir='ltr'><strong>me</strong></span> 
     </span>
     <span class='ocr_line' id='line_1_79' title="bbox 1039 3827 1890 3901; baseline 0.015 -20"><span class='ocrx_word' id='word_1_674' title='bbox 1039 3827 1161 3898; x_wconf 82' lang='lat' dir='ltr'><strong>undique</strong></span> <span class='ocrx_word' id='word_1_675' title='bbox 1175 3833 1286 3897; x_wconf 79' lang='lat' dir='ltr'><strong>sartupo</strong></span> <span class='ocrx_word' id='word_1_676' title='bbox 1308 3833 1505 3901; x_wconf 61' lang='lat' dir='ltr'><strong>flagitiosorum</strong></span> <span class='ocrx_word' id='word_1_677' title='bbox 1519 3849 1654 3891; x_wconf 84' lang='lat' dir='ltr'><strong>amorum.</strong></span> <span class='ocrx_word' id='word_1_678' title='bbox 1673 3837 1800 3893; x_wconf 86' lang='lat' dir='ltr'><strong>Nondum</strong></span> <span class='ocrx_word' id='word_1_679' title='bbox 1814 3854 1890 3893; x_wconf 87' lang='lat' dir='ltr'><strong>ema·</strong></span> 
     </span>
     <span class='ocr_line' id='line_1_80' title="bbox 1040 3915 1891 3995; baseline 0.014 -24"><span class='ocrx_word' id='word_1_680' title='bbox 1040 3915 1112 3982; x_wconf 91' lang='lat' dir='ltr'><strong>bam,</strong></span> <span class='ocrx_word' id='word_1_681' title='bbox 1127 3923 1152 3973; x_wconf 90' lang='lat' dir='ltr'><strong>et</strong></span> <span class='ocrx_word' id='word_1_682' title='bbox 1165 3934 1257 3973; x_wconf 89' lang='lat' dir='ltr'><strong>amare</strong></span> <span class='ocrx_word' id='word_1_683' title='bbox 1271 3922 1408 3988; x_wconf 84' lang='lat' dir='ltr'><strong>amabam,</strong></span> <span class='ocrx_word' id='word_1_684' title='bbox 1423 3928 1450 3978; x_wconf 91' lang='lat' dir='ltr'><strong>et</strong></span> <span class='ocrx_word' id='word_1_685' title='bbox 1463 3928 1602 3980; x_wconf 81' lang='lat' dir='ltr'><strong>secretiore</strong></span> <span class='ocrx_word' id='word_1_686' title='bbox 1615 3924 1770 3995; x_wconf 76' lang='lat' dir='ltr'><strong>indigentia</strong></span> <span class='ocrx_word' id='word_1_687' title='bbox 1784 3927 1891 3983; x_wconf 61' lang='lat' dir='ltr'><strong>wem</strong></span> 
     </span>
     <span class='ocr_line' id='line_1_81' title="bbox 1038 4006 1891 4087; baseline 0.015 -28"><span class='ocrx_word' id='word_1_688' title='bbox 1038 4008 1182 4062; x_wconf 83' lang='lat' dir='ltr'><strong>meminus</strong></span> <span class='ocrx_word' id='word_1_689' title='bbox 1196 4006 1370 4077; x_wconf 72' lang='lat' dir='ltr'><strong>indigentem.</strong></span> <span class='ocrx_word' id='word_1_690' title='bbox 1387 4013 1534 4073; x_wconf 83' lang='lat' dir='ltr'><strong>finialium</strong></span> <span class='ocrx_word' id='word_1_691' title='bbox 1553 4015 1582 4067; x_wconf 89' lang='lat' dir='ltr'><strong>in</strong></span> <span class='ocrx_word' id='word_1_692' title='bbox 1596 4028 1713 4069; x_wconf 79' lang='lat' dir='ltr'><strong>ammem</strong></span> <span class='ocrx_word' id='word_1_693' title='bbox 1732 4032 1785 4086; x_wconf 84' lang='lat' dir='ltr'><strong>pua</strong></span> <span class='ocrx_word' id='word_1_694' title='bbox 1800 4019 1891 4087; x_wconf 84' lang='lat' dir='ltr'><strong>cupie-</strong></span> 
     </span>
     <span class='ocr_line' id='line_1_82' title="bbox 1039 4094 1890 4172; baseline 0.014 -24"><span class='ocrx_word' id='word_1_695' title='bbox 1039 4094 1100 4149; x_wconf 91' lang='lat' dir='ltr'><strong>bam</strong></span> <span class='ocrx_word' id='word_1_696' title='bbox 1123 4098 1186 4166; x_wconf 84' lang='lat' dir='ltr'><strong>capr&#39;</strong></span> <span class='ocrx_word' id='word_1_697' title='bbox 1204 4112 1212 4150; x_wconf 92' lang='lat'><strong>:</strong></span> <span class='ocrx_word' id='word_1_698' title='bbox 1230 4113 1288 4152; x_wconf 89' lang='lat' dir='ltr'><strong>nou</strong></span> <span class='ocrx_word' id='word_1_699' title='bbox 1309 4114 1448 4167; x_wconf 90' lang='lat' dir='ltr'><strong>amorem,</strong></span> <span class='ocrx_word' id='word_1_700' title='bbox 1470 4100 1634 4172; x_wconf 90' lang='lat' dir='ltr'><strong>opinamur,</strong></span> <span class='ocrx_word' id='word_1_701' title='bbox 1657 4103 1775 4159; x_wconf 89' lang='lat' dir='ltr'><strong>alterins</strong></span> <span class='ocrx_word' id='word_1_702' title='bbox 1800 4106 1836 4161; x_wconf 92' lang='lat' dir='ltr'><strong>ab</strong></span> <span class='ocrx_word' id='word_1_703' title='bbox 1859 4122 1890 4160; x_wconf 88' lang='lat' dir='ltr'><strong>ea</strong></span> 
     </span>
     <span class='ocr_line' id='line_1_83' title="bbox 1038 4185 1889 4266; baseline 0.015 -28"><span class='ocrx_word' id='word_1_704' title='bbox 1038 4199 1125 4256; x_wconf 90' lang='lat' dir='ltr'><strong>quam</strong></span> <span class='ocrx_word' id='word_1_705' title='bbox 1140 4200 1228 4240; x_wconf 90' lang='lat' dir='ltr'><strong>uuam</strong></span> <span class='ocrx_word' id='word_1_706' title='bbox 1247 4185 1303 4241; x_wconf 91' lang='lat' dir='ltr'><strong>sibi</strong></span> <span class='ocrx_word' id='word_1_707' title='bbox 1318 4189 1352 4243; x_wconf 93' lang='lat' dir='ltr'><strong>ad</strong></span> <span class='ocrx_word' id='word_1_708' title='bbox 1377 4189 1478 4245; x_wconf 92' lang='lat' dir='ltr'><strong>cubilis</strong></span> <span class='ocrx_word' id='word_1_709' title='bbox 1497 4191 1664 4247; x_wconf 72' lang='lat' dir='ltr'><strong>scicietatem</strong></span> <span class='ocrx_word' id='word_1_710' title='bbox 1679 4193 1786 4266; x_wconf 88' lang='lat' dir='ltr'><strong>adlegit</strong></span> <span class='ocrx_word' id='word_1_711' title='bbox 1803 4212 1811 4251; x_wconf 76' lang='grc' dir='ltr'><strong><em>ε</em></strong></span> <span class='ocrx_word' id='word_1_712' title='bbox 1826 4211 1889 4251; x_wconf 90' lang='lat' dir='ltr'><strong>nam</strong></span> 
     </span>
     <span class='ocr_line' id='line_1_84' title="bbox 1038 4273 1889 4352; baseline 0.016 -25"><span class='ocrx_word' id='word_1_713' title='bbox 1038 4273 1175 4330; x_wconf 89' lang='lat' dir='ltr'><strong>continue</strong></span> <span class='ocrx_word' id='word_1_714' title='bbox 1196 4276 1397 4349; x_wconf 89' lang='lat' dir='ltr'><strong>prosequitur:</strong></span> <span class='ocrx_word' id='word_1_715' title='bbox 1422 4282 1492 4336; x_wconf 86' lang='lat' dir='ltr'><strong>fleus</strong></span> <span class='ocrx_word' id='word_1_716' title='bbox 1516 4296 1600 4349; x_wconf 88' lang='lat' dir='ltr'><strong>meus,</strong></span> <span class='ocrx_word' id='word_1_717' title='bbox 1616 4284 1805 4341; x_wconf 76' lang='lat' dir='ltr'><strong>misericordia</strong></span> <span class='ocrx_word' id='word_1_718' title='bbox 1822 4301 1889 4352; x_wconf 86' lang='lat' dir='ltr'><strong>mea,</strong></span> 
     </span>
     <span class='ocr_line' id='line_1_85' title="bbox 1038 4366 1889 4443; baseline 0.016 -25"><span class='ocrx_word' id='word_1_719' title='bbox 1038 4369 1140 4434; x_wconf 76' lang='lat' dir='ltr'><strong>querito</strong></span> <span class='ocrx_word' id='word_1_720' title='bbox 1153 4366 1217 4432; x_wconf 75' lang='lat' dir='ltr'><strong>selle</strong></span> <span class='ocrx_word' id='word_1_721' title='bbox 1230 4368 1300 4422; x_wconf 85' lang='lat' dir='ltr'><strong>mihi</strong></span> <span class='ocrx_word' id='word_1_722' title='bbox 1320 4371 1483 4425; x_wconf 74' lang='lat' dir='ltr'><strong>mundatem</strong></span> <span class='ocrx_word' id='word_1_723' title='bbox 1500 4372 1588 4438; x_wconf 90' lang='lat' dir='ltr'><strong>illam,</strong></span> <span class='ocrx_word' id='word_1_724' title='bbox 1602 4377 1629 4427; x_wconf 87' lang='lat' dir='ltr'><strong>et</strong></span> <span class='ocrx_word' id='word_1_725' title='bbox 1642 4390 1726 4443; x_wconf 83' lang='lat' dir='ltr'><strong>quam</strong></span> <span class='ocrx_word' id='word_1_726' title='bbox 1744 4374 1829 4431; x_wconf 85' lang='lat' dir='ltr'><strong>bonus</strong></span> <span class='ocrx_word' id='word_1_727' title='bbox 1842 4375 1889 4430; x_wconf 92' lang='lat' dir='ltr'><strong>ad·</strong></span> 
     </span>
     <span class='ocr_line' id='line_1_86' title="bbox 1038 4456 1890 4531; baseline 0.014 -23"><span class='ocrx_word' id='word_1_728' title='bbox 1038 4456 1183 4524; x_wconf 73' lang='lat' dir='ltr'><strong>sparsisti!</strong></span> <span class='ocrx_word' id='word_1_729' title='bbox 1197 4457 1264 4523; x_wconf 85' lang='lat' dir='ltr'><strong>quia</strong></span> <span class='ocrx_word' id='word_1_730' title='bbox 1277 4460 1426 4513; x_wconf 82' lang='lat' dir='ltr'><strong>clamatus</strong></span> <span class='ocrx_word' id='word_1_731' title='bbox 1440 4473 1500 4515; x_wconf 89' lang='lat' dir='ltr'><strong>sum</strong></span> <span class='ocrx_word' id='word_1_732' title='bbox 1511 4465 1536 4515; x_wconf 92' lang='lat' dir='ltr'><strong>et</strong></span> <span class='ocrx_word' id='word_1_733' title='bbox 1546 4465 1660 4531; x_wconf 80' lang='lat' dir='ltr'><strong>perueni</strong></span> <span class='ocrx_word' id='word_1_734' title='bbox 1669 4465 1771 4519; x_wconf 89' lang='lat' dir='ltr'><strong>occulte</strong></span> <span class='ocrx_word' id='word_1_735' title='bbox 1784 4464 1823 4520; x_wconf 90' lang='lat' dir='ltr'><strong>ad</strong></span> <span class='ocrx_word' id='word_1_736' title='bbox 1835 4468 1890 4521; x_wconf 87' lang='lat' dir='ltr'><strong>uin·</strong></span> 
     </span>
     <span class='ocr_line' id='line_1_87' title="bbox 1038 4543 1889 4620; baseline 0.015 -23"><span class='ocrx_word' id='word_1_737' title='bbox 1038 4543 1128 4598; x_wconf 88' lang='lat' dir='ltr'><strong>cutum</strong></span> <span class='ocrx_word' id='word_1_738' title='bbox 1141 4544 1264 4609; x_wconf 72' lang='lat' dir='ltr'><strong>fruendi,</strong></span> <span class='ocrx_word' id='word_1_739' title='bbox 1279 4550 1305 4601; x_wconf 85' lang='lat' dir='ltr'><strong>et</strong></span> <span class='ocrx_word' id='word_1_740' title='bbox 1325 4547 1475 4614; x_wconf 78' lang='lat' dir='ltr'><strong>codipcbar</strong></span> <span class='ocrx_word' id='word_1_741' title='bbox 1493 4550 1569 4605; x_wconf 78' lang='lat' dir='ltr'><strong>letan</strong></span> <span class='ocrx_word' id='word_1_742' title='bbox 1593 4554 1752 4608; x_wconf 68' lang='lat' dir='ltr'><strong>memneris</strong></span> <span class='ocrx_word' id='word_1_743' title='bbox 1767 4556 1889 4620; x_wconf 75' lang='lat' dir='ltr'><strong>arrideas,</strong></span> 
     </span>
     <span class='ocr_line' id='line_1_88' title="bbox 1038 4631 1890 4713; baseline 0.018 -28"><span class='ocrx_word' id='word_1_744' title='bbox 1038 4635 1069 4686; x_wconf 89' lang='lat' dir='ltr'><strong>ut</strong></span> <span class='ocrx_word' id='word_1_745' title='bbox 1083 4631 1198 4687; x_wconf 73' lang='lat' dir='ltr'><strong>eadmer</strong></span> <span class='ocrx_word' id='word_1_746' title='bbox 1209 4635 1297 4703; x_wconf 75' lang='lat' dir='ltr'><strong>uirgis</strong></span> <span class='ocrx_word' id='word_1_747' title='bbox 1305 4636 1402 4703; x_wconf 66' lang='lat' dir='ltr'><strong>[ereis</strong></span> <span class='ocrx_word' id='word_1_748' title='bbox 1417 4637 1578 4694; x_wconf 88' lang='lat' dir='ltr'><strong>ardentibus</strong></span> <span class='ocrx_word' id='word_1_749' title='bbox 1589 4641 1650 4707; x_wconf 83' lang='lat' dir='ltr'><strong>zeli,</strong></span> <span class='ocrx_word' id='word_1_750' title='bbox 1661 4645 1687 4696; x_wconf 89' lang='lat' dir='ltr'><strong>et</strong></span> <span class='ocrx_word' id='word_1_751' title='bbox 1699 4644 1890 4713; x_wconf 85' lang='lat' dir='ltr'><strong>suspicionum,</strong></span> 
     </span>
     <span class='ocr_line' id='line_1_89' title="bbox 1038 4723 1890 4805; baseline 0.018 -31"><span class='ocrx_word' id='word_1_752' title='bbox 1038 4725 1063 4775; x_wconf 88' lang='lat' dir='ltr'><strong>et</strong></span> <span class='ocrx_word' id='word_1_753' title='bbox 1072 4723 1241 4789; x_wconf 84' lang='lat' dir='ltr'><strong>timorum,et</strong></span> <span class='ocrx_word' id='word_1_754' title='bbox 1251 4725 1366 4790; x_wconf 86' lang='lat' dir='ltr'><strong>irarum,</strong></span> <span class='ocrx_word' id='word_1_755' title='bbox 1378 4730 1460 4798; x_wconf 86' lang='lat' dir='ltr'><strong>atpne</strong></span> <span class='ocrx_word' id='word_1_756' title='bbox 1469 4730 1596 4784; x_wconf 74' lang='lat' dir='ltr'><strong>rimarum</strong></span> <span class='ocrx_word' id='word_1_757' title='bbox 1605 4729 1767 4802; x_wconf 77' lang='lat' dir='ltr'><strong>(ibid.,cap.</strong></span> <span class='ocrx_word' id='word_1_758' title='bbox 1785 4736 1809 4802; x_wconf 90' lang='lat' dir='ltr'><strong>f,</strong></span> <span class='ocrx_word' id='word_1_759' title='bbox 1818 4750 1846 4789; x_wconf 87' lang='lat' dir='ltr'><strong>n.</strong></span> <span class='ocrx_word' id='word_1_760' title='bbox 1860 4734 1890 4805; x_wconf 81' lang='lat' dir='ltr'><strong>f).</strong></span> 
     </span>
     <span class='ocr_line' id='line_1_90' title="bbox 1038 4806 1891 4885; baseline 0.016 -23"><span class='ocrx_word' id='word_1_761' title='bbox 1038 4806 1083 4864; x_wconf 84' lang='lat' dir='ltr'><strong>Sic</strong></span> <span class='ocrx_word' id='word_1_762' title='bbox 1108 4825 1211 4882; x_wconf 90' lang='lat' dir='ltr'><strong>nempe</strong></span> <span class='ocrx_word' id='word_1_763' title='bbox 1235 4828 1321 4883; x_wconf 89' lang='lat' dir='ltr'><strong>super</strong></span> <span class='ocrx_word' id='word_1_764' title='bbox 1339 4820 1505 4885; x_wconf 89' lang='lat' dir='ltr'><strong>peccantem</strong></span> <span class='ocrx_word' id='word_1_765' title='bbox 1530 4816 1754 4876; x_wconf 83' lang='lat' dir='ltr'><strong>circumvolabat</strong></span> <span class='ocrx_word' id='word_1_766' title='bbox 1771 4821 1891 4878; x_wconf 83' lang='lat' dir='ltr'><strong>fideliss</strong></span> 
     </span>
     <span class='ocr_line' id='line_1_91' title="bbox 1038 4896 1892 4982; baseline 0.016 -31"><span class='ocrx_word' id='word_1_767' title='bbox 1038 4896 1124 4969; x_wconf 90' lang='lat' dir='ltr'><strong>lange</strong></span> <span class='ocrx_word' id='word_1_768' title='bbox 1134 4898 1331 4957; x_wconf 87' lang='lat' dir='ltr'><strong>misericordia</strong></span> <span class='ocrx_word' id='word_1_769' title='bbox 1342 4903 1405 4971; x_wconf 82' lang='lat' dir='ltr'><strong>liei,</strong></span> <span class='ocrx_word' id='word_1_770' title='bbox 1416 4909 1445 4959; x_wconf 89' lang='lat' dir='ltr'><strong>et</strong></span> <span class='ocrx_word' id='word_1_771' title='bbox 1456 4905 1484 4958; x_wconf 92' lang='lat' dir='ltr'><strong>iu</strong></span> <span class='ocrx_word' id='word_1_772' title='bbox 1496 4907 1629 4961; x_wconf 89' lang='lat' dir='ltr'><strong>omnihus</strong></span> <span class='ocrx_word' id='word_1_773' title='bbox 1639 4907 1720 4964; x_wconf 88' lang='lat' dir='ltr'><strong>iactis</strong></span> <span class='ocrx_word' id='word_1_774' title='bbox 1734 4909 1824 4982; x_wconf 89' lang='lat' dir='ltr'><strong>ipsius</strong></span> <span class='ocrx_word' id='word_1_775' title='bbox 1836 4927 1892 4967; x_wconf 84' lang='lat' dir='ltr'><strong>ma-</strong></span> 
     </span>
     <span class='ocr_line' id='line_1_92' title="bbox 1038 4987 1892 5062; baseline 0.016 -21"><span class='ocrx_word' id='word_1_776' title='bbox 1038 4987 1074 5042; x_wconf 89' lang='lat' dir='ltr'><strong>lis</strong></span> <span class='ocrx_word' id='word_1_777' title='bbox 1087 5004 1153 5042; x_wconf 89' lang='lat' dir='ltr'><strong>enm</strong></span> <span class='ocrx_word' id='word_1_778' title='bbox 1170 4988 1343 5060; x_wconf 90' lang='lat' dir='ltr'><strong>flagellabat.</strong></span> <span class='ocrx_word' id='word_1_779' title='bbox 1360 4993 1453 5048; x_wconf 79' lang='lat' dir='ltr'><strong>Ausus</strong></span> <span class='ocrx_word' id='word_1_780' title='bbox 1467 5008 1537 5062; x_wconf 91' lang='lat' dir='ltr'><strong>sum,</strong></span> <span class='ocrx_word' id='word_1_781' title='bbox 1550 4995 1598 5062; x_wconf 91' lang='lat' dir='ltr'><strong>ait,</strong></span> <span class='ocrx_word' id='word_1_782' title='bbox 1607 5000 1688 5053; x_wconf 90' lang='lat' dir='ltr'><strong>etiam</strong></span> <span class='ocrx_word' id='word_1_783' title='bbox 1698 5000 1728 5053; x_wconf 91' lang='lat' dir='ltr'><strong>in</strong></span> <span class='ocrx_word' id='word_1_784' title='bbox 1742 5001 1892 5055; x_wconf 86' lang='lat' dir='ltr'><strong>celebritate</strong></span> 
     </span>
     <span class='ocr_line' id='line_1_93' title="bbox 1038 5076 1891 5151; baseline 0.015 -21"><span class='ocrx_word' id='word_1_785' title='bbox 1038 5076 1237 5133; x_wconf 89' lang='lat' dir='ltr'><strong>solemnitatum</strong></span> <span class='ocrx_word' id='word_1_786' title='bbox 1252 5084 1373 5150; x_wconf 86' lang='lat' dir='ltr'><strong>tuarum,</strong></span> <span class='ocrx_word' id='word_1_787' title='bbox 1386 5079 1462 5137; x_wconf 88' lang='lat' dir='ltr'><strong>intra</strong></span> <span class='ocrx_word' id='word_1_788' title='bbox 1476 5085 1593 5151; x_wconf 86' lang='lat' dir='ltr'><strong>parietes</strong></span> <span class='ocrx_word' id='word_1_789' title='bbox 1607 5086 1723 5143; x_wconf 76' lang='lat' dir='ltr'><strong>ecclesie</strong></span> <span class='ocrx_word' id='word_1_790' title='bbox 1736 5093 1789 5144; x_wconf 75' lang='lat' dir='ltr'><strong>tue</strong></span> <span class='ocrx_word' id='word_1_791' title='bbox 1798 5104 1891 5145; x_wconf 75' lang='lat' dir='ltr'><strong>conen</strong></span> 
     </span>
    </p>
   </div>
   <div class='ocr_carea' id='block_1_12' title="bbox 131 5165 1890 5695">
    <p class='ocr_par' dir='ltr' id='par_1_12' title="bbox 131 5165 1890 5695">
     <span class='ocr_line' id='line_1_94' title="bbox 131 5165 1889 5241; baseline 0.005 -17"><span class='ocrx_word' id='word_1_792' title='bbox 131 5183 182 5224; x_wconf 89' lang='lat' dir='ltr'><strong>rus</strong></span> <span class='ocrx_word' id='word_1_793' title='bbox 197 5167 399 5240; x_wconf 87' lang='lat' dir='ltr'><strong>Carthaginem</strong></span> <span class='ocrx_word' id='word_1_794' title='bbox 413 5166 513 5238; x_wconf 92' lang='lat' dir='ltr'><strong>petiit:</strong></span> <span class='ocrx_word' id='word_1_795' title='bbox 527 5165 577 5221; x_wconf 93' lang='lat' dir='ltr'><strong>ubi</strong></span> <span class='ocrx_word' id='word_1_796' title='bbox 590 5182 649 5222; x_wconf 92' lang='lat' dir='ltr'><strong>non</strong></span> <span class='ocrx_word' id='word_1_797' title='bbox 663 5165 784 5239; x_wconf 90' lang='lat' dir='ltr'><strong>pecunia</strong></span> <span class='ocrx_word' id='word_1_798' title='bbox 799 5166 884 5221; x_wconf 88' lang='lat' dir='ltr'><strong>ruodo</strong></span> <span class='ocrx_word' id='word_1_799' title='bbox 897 5182 984 5238; x_wconf 87' lang='lat' dir='ltr'><strong>qnam</strong></span> <span class='ocrx_word' id='word_1_800' title='bbox 1035 5180 1140 5236; x_wconf 82' lang='lat' dir='ltr'><strong>pascere</strong></span> <span class='ocrx_word' id='word_1_801' title='bbox 1160 5170 1186 5220; x_wconf 89' lang='lat' dir='ltr'><strong>et</strong></span> <span class='ocrx_word' id='word_1_802' title='bbox 1200 5182 1279 5234; x_wconf 80' lang='lat' dir='ltr'><strong>apere</strong></span> <span class='ocrx_word' id='word_1_803' title='bbox 1302 5171 1437 5238; x_wconf 79' lang='lat' dir='ltr'><strong>negotium</strong></span> <span class='ocrx_word' id='word_1_804' title='bbox 1458 5173 1629 5240; x_wconf 86' lang='lat' dir='ltr'><strong>procurandi</strong></span> <span class='ocrx_word' id='word_1_805' title='bbox 1649 5176 1758 5241; x_wconf 79' lang='lat' dir='ltr'><strong>lruotrn</strong></span> <span class='ocrx_word' id='word_1_806' title='bbox 1777 5181 1889 5234; x_wconf 87' lang='lat' dir='ltr'><strong>mortis:</strong></span> 
     </span>
     <span class='ocr_line' id='line_1_95' title="bbox 132 5254 1890 5338; baseline 0.006 -27"><span class='ocrx_word' id='word_1_807' title='bbox 132 5261 215 5327; x_wconf 91' lang='lat' dir='ltr'><strong>pater</strong></span> <span class='ocrx_word' id='word_1_808' title='bbox 240 5255 324 5312; x_wconf 90' lang='lat' dir='ltr'><strong>adid</strong></span> <span class='ocrx_word' id='word_1_809' title='bbox 344 5258 505 5327; x_wconf 87' lang='lat' dir='ltr'><strong>paraverat,</strong></span> <span class='ocrx_word' id='word_1_810' title='bbox 525 5259 699 5310; x_wconf 88' lang='lat' dir='ltr'><strong>sustentatus</strong></span> <span class='ocrx_word' id='word_1_811' title='bbox 724 5258 784 5323; x_wconf 89' lang='lat' dir='ltr'><strong>est;</strong></span> <span class='ocrx_word' id='word_1_812' title='bbox 812 5255 861 5310; x_wconf 91' lang='lat' dir='ltr'><strong>sed</strong></span> <span class='ocrx_word' id='word_1_813' title='bbox 883 5254 985 5326; x_wconf 88' lang='lat' dir='ltr'><strong>opibus</strong></span> <span class='ocrx_word' id='word_1_814' title='bbox 1037 5254 1159 5309; x_wconf 69' lang='lat' dir='ltr'><strong>numme</strong></span> <span class='ocrx_word' id='word_1_815' title='bbox 1171 5256 1320 5312; x_wconf 74' lang='lat' dir='ltr'><strong>eerbmasti</strong></span> <span class='ocrx_word' id='word_1_816' title='bbox 1332 5258 1462 5326; x_wconf 82' lang='lat' dir='ltr'><strong>previbus</strong></span> <span class='ocrx_word' id='word_1_817' title='bbox 1475 5262 1635 5330; x_wconf 71' lang='lat' dir='ltr'><strong>poenn3sed</strong></span> <span class='ocrx_word' id='word_1_818' title='bbox 1649 5265 1721 5319; x_wconf 87' lang='lat' dir='ltr'><strong>nibil</strong></span> <span class='ocrx_word' id='word_1_819' title='bbox 1734 5265 1772 5320; x_wconf 92' lang='lat' dir='ltr'><strong>ad</strong></span> <span class='ocrx_word' id='word_1_820' title='bbox 1784 5268 1890 5338; x_wconf 88' lang='lat' dir='ltr'><strong>cuipam</strong></span> 
     </span>
     <span class='ocr_line' id='line_1_96' title="bbox 133 5343 1890 5427; baseline 0.007 -30"><span class='ocrx_word' id='word_1_821' title='bbox 133 5344 220 5400; x_wconf 86' lang='lat' dir='ltr'><strong>etiam</strong></span> <span class='ocrx_word' id='word_1_822' title='bbox 235 5344 418 5411; x_wconf 86' lang='lat' dir='ltr'><strong>Romaniani,</strong></span> <span class='ocrx_word' id='word_1_823' title='bbox 433 5344 502 5400; x_wconf 83' lang='lat' dir='ltr'><strong>civis</strong></span> <span class='ocrx_word' id='word_1_824' title='bbox 514 5343 694 5415; x_wconf 87' lang='lat' dir='ltr'><strong>Tagastensis</strong></span> <span class='ocrx_word' id='word_1_825' title='bbox 706 5343 845 5415; x_wconf 88' lang='lat' dir='ltr'><strong>primarii,</strong></span> <span class='ocrx_word' id='word_1_826' title='bbox 858 5344 908 5416; x_wconf 90' lang='lat' dir='ltr'><strong>qui</strong></span> <span class='ocrx_word' id='word_1_827' title='bbox 917 5360 984 5399; x_wconf 89' lang='lat' dir='ltr'><strong>eum</strong></span> <span class='ocrx_word' id='word_1_828' title='bbox 1037 5358 1123 5398; x_wconf 89' lang='lat' dir='ltr'><strong>meam</strong></span> <span class='ocrx_word' id='word_1_829' title='bbox 1134 5343 1227 5414; x_wconf 80' lang='lat' dir='ltr'><strong>(fbid,</strong></span> <span class='ocrx_word' id='word_1_830' title='bbox 1243 5361 1304 5415; x_wconf 88' lang='lat' dir='ltr'><strong>cap.</strong></span> <span class='ocrx_word' id='word_1_831' title='bbox 1314 5349 1340 5410; x_wconf 88' lang='grc'><strong>3,</strong></span> <span class='ocrx_word' id='word_1_832' title='bbox 1352 5362 1381 5402; x_wconf 90' lang='lat' dir='ltr'><strong>n.</strong></span> <span class='ocrx_word' id='word_1_833' title='bbox 1393 5347 1432 5418; x_wconf 76' lang='lat'><strong>5).</strong></span> <span class='ocrx_word' id='word_1_834' title='bbox 1446 5348 1594 5406; x_wconf 87' lang='lat' dir='ltr'><strong>Theatrica</strong></span> <span class='ocrx_word' id='word_1_835' title='bbox 1604 5355 1775 5422; x_wconf 83' lang='lat' dir='ltr'><strong>spectecnla,</strong></span> <span class='ocrx_word' id='word_1_836' title='bbox 1787 5355 1890 5427; x_wconf 80' lang='lat' dir='ltr'><strong>quibus</strong></span> 
     </span>
     <span class='ocr_line' id='line_1_97' title="bbox 131 5431 1890 5512; baseline 0.009 -26"><span class='ocrx_word' id='word_1_837' title='bbox 131 5431 378 5492; x_wconf 88' lang='lat' dir='ltr'><strong>adolescentulum</strong></span> <span class='ocrx_word' id='word_1_838' title='bbox 401 5449 557 5507; x_wconf 90' lang='lat' dir='ltr'><strong>pauperem</strong></span> <span class='ocrx_word' id='word_1_839' title='bbox 577 5433 614 5488; x_wconf 89' lang='lat' dir='ltr'><strong>ad</strong></span> <span class='ocrx_word' id='word_1_840' title='bbox 632 5432 784 5504; x_wconf 84' lang='lat' dir='ltr'><strong>peregrina</strong></span> <span class='ocrx_word' id='word_1_841' title='bbox 806 5433 901 5489; x_wconf 82' lang='lat' dir='ltr'><strong>studia</strong></span> <span class='ocrx_word' id='word_1_842' title='bbox 919 5450 984 5506; x_wconf 91' lang='lat' dir='ltr'><strong>per-</strong></span> <span class='ocrx_word' id='word_1_843' title='bbox 1037 5448 1219 5504; x_wconf 90' lang='lat' dir='ltr'><strong>summopere</strong></span> <span class='ocrx_word' id='word_1_844' title='bbox 1232 5433 1345 5490; x_wconf 91' lang='lat' dir='ltr'><strong>deditus</strong></span> <span class='ocrx_word' id='word_1_845' title='bbox 1359 5441 1431 5502; x_wconf 87' lang='lat' dir='ltr'><strong>crat,</strong></span> <span class='ocrx_word' id='word_1_846' title='bbox 1447 5443 1475 5493; x_wconf 91' lang='lat' dir='ltr'><strong>et</strong></span> <span class='ocrx_word' id='word_1_847' title='bbox 1488 5438 1518 5495; x_wconf 93' lang='lat' dir='ltr'><strong>in</strong></span> <span class='ocrx_word' id='word_1_848' title='bbox 1532 5439 1639 5512; x_wconf 88' lang='lat' dir='ltr'><strong>quibus</strong></span> <span class='ocrx_word' id='word_1_849' title='bbox 1657 5441 1812 5500; x_wconf 88' lang='lat' dir='ltr'><strong>libidinum</strong></span> <span class='ocrx_word' id='word_1_850' title='bbox 1826 5461 1890 5501; x_wconf 89' lang='lat' dir='ltr'><strong>sua·</strong></span> 
     </span>
     <span class='ocr_line' id='line_1_98' title="bbox 131 5521 1890 5607; baseline 0.01 -33"><span class='ocrx_word' id='word_1_851' title='bbox 131 5525 259 5593; x_wconf 85' lang='lat' dir='ltr'><strong>gentem,</strong></span> <span class='ocrx_word' id='word_1_852' title='bbox 269 5528 300 5580; x_wconf 89' lang='lat' dir='ltr'><strong>et</strong></span> <span class='ocrx_word' id='word_1_853' title='bbox 313 5524 409 5594; x_wconf 90' lang='lat' dir='ltr'><strong>domo,</strong></span> <span class='ocrx_word' id='word_1_854' title='bbox 425 5529 454 5581; x_wconf 92' lang='lat' dir='ltr'><strong>et</strong></span> <span class='ocrx_word' id='word_1_855' title='bbox 465 5527 593 5594; x_wconf 89' lang='lat' dir='ltr'><strong>sumptu,</strong></span> <span class='ocrx_word' id='word_1_856' title='bbox 608 5528 637 5578; x_wconf 91' lang='lat' dir='ltr'><strong>et</strong></span> <span class='ocrx_word' id='word_1_857' title='bbox 650 5522 726 5595; x_wconf 90' lang='lat' dir='ltr'><strong>quod</strong></span> <span class='ocrx_word' id='word_1_858' title='bbox 740 5521 806 5593; x_wconf 89' lang='lat' dir='ltr'><strong>plus</strong></span> <span class='ocrx_word' id='word_1_859' title='bbox 819 5527 872 5582; x_wconf 88' lang='lat' dir='ltr'><strong>est.</strong></span> <span class='ocrx_word' id='word_1_860' title='bbox 886 5523 984 5578; x_wconf 85' lang='lat' dir='ltr'><strong>animo</strong></span> <span class='ocrx_word' id='word_1_861' title='bbox 1037 5537 1103 5577; x_wconf 84' lang='lat' dir='ltr'><strong>rum</strong></span> <span class='ocrx_word' id='word_1_862' title='bbox 1115 5522 1237 5594; x_wconf 83' lang='lat' dir='ltr'><strong>exprimi</strong></span> <span class='ocrx_word' id='word_1_863' title='bbox 1246 5523 1380 5580; x_wconf 90' lang='lat' dir='ltr'><strong>cernebat</strong></span> <span class='ocrx_word' id='word_1_864' title='bbox 1392 5524 1544 5598; x_wconf 87' lang='lat' dir='ltr'><strong>imagines,</strong></span> <span class='ocrx_word' id='word_1_865' title='bbox 1560 5528 1637 5586; x_wconf 90' lang='lat' dir='ltr'><strong>illius</strong></span> <span class='ocrx_word' id='word_1_866' title='bbox 1652 5547 1745 5589; x_wconf 91' lang='lat' dir='ltr'><strong>mores</strong></span> <span class='ocrx_word' id='word_1_867' title='bbox 1757 5533 1853 5607; x_wconf 86' lang='lat' dir='ltr'><strong>magis</strong></span> <span class='ocrx_word' id='word_1_868' title='bbox 1859 5550 1890 5590; x_wconf 89' lang='lat' dir='ltr'><strong>ac</strong></span> 
     </span>
     <span class='ocr_line' id='line_1_99' title="bbox 131 5609 1890 5695; baseline 0.007 -30"><span class='ocrx_word' id='word_1_869' title='bbox 131 5609 241 5683; x_wconf 86' lang='lat' dir='ltr'><strong>excepit</strong></span> <span class='ocrx_word' id='word_1_870' title='bbox 253 5611 363 5680; x_wconf 70' lang='lat' dir='ltr'><strong>(cantra</strong></span> <span class='ocrx_word' id='word_1_871' title='bbox 379 5613 481 5684; x_wconf 71' lang='lat' dir='ltr'><strong>dead,</strong></span> <span class='ocrx_word' id='word_1_872' title='bbox 497 5611 546 5670; x_wconf 89' lang='lat' dir='ltr'><strong>lib.</strong></span> <span class='ocrx_word' id='word_1_873' title='bbox 559 5613 586 5683; x_wconf 79' lang='lat'><strong>2,</strong></span> <span class='ocrx_word' id='word_1_874' title='bbox 600 5626 630 5669; x_wconf 90' lang='lat' dir='ltr'><strong>n.</strong></span> <span class='ocrx_word' id='word_1_875' title='bbox 645 5612 684 5684; x_wconf 76' lang='lat' dir='ltr'><strong>bt.</strong></span> <span class='ocrx_word' id='word_1_876' title='bbox 699 5611 733 5668; x_wconf 90' lang='lat' dir='ltr'><strong>ln</strong></span> <span class='ocrx_word' id='word_1_877' title='bbox 746 5612 800 5668; x_wconf 86' lang='lat' dir='ltr'><strong>hac</strong></span> <span class='ocrx_word' id='word_1_878' title='bbox 812 5611 984 5686; x_wconf 77' lang='lat' dir='ltr'><strong>eloquentie</strong></span> <span class='ocrx_word' id='word_1_879' title='bbox 1036 5610 1129 5686; x_wconf 81' lang='lat' dir='ltr'><strong>magis</strong></span> <span class='ocrx_word' id='word_1_880' title='bbox 1138 5611 1732 5690; x_wconf 74' lang='lat' dir='ltr'><strong>labefactabmt(lbid.,eep.t,n.tt.lfultis</strong></span> <span class='ocrx_word' id='word_1_881' title='bbox 1738 5623 1890 5695; x_wconf 80' lang='lat' dir='ltr'><strong>pertenuis</strong></span> 
     </span>
    </p>
   </div>
   <div class='ocr_carea' id='block_1_13' title="bbox 0 0 1946 6112">
    <p class='ocr_par' dir='ltr' id='par_1_13' title="bbox 0 0 1946 6112">
     <span class='ocr_line' id='line_1_100' title="bbox 0 0 1946 6112; baseline 0 0"><span class='ocrx_word' id='word_1_882' title='bbox 0 0 1946 6112; x_wconf 95' lang='lat' dir='ltr'><strong> </strong></span> 
     </span>
    </p>
   </div>
  </div>
 </body>
</html>
