3884 6112
93 220 145 273 603

93 343 192 394 umen
206 342 305 392 contra
321 338 391 392 duas
412 343 528 393 naturas
555 339 778 395 ldanichaeornm
804 341 878 395 liber
901 341 948 396 hic

94 427 231 500 loquitur.

128 531 155 581 ⁶2.
173 527 205 579 ln
220 525 274 580 hoc
294 525 366 580 libro
383 527 507 598 quodam
518 528 597 582 loco:
615 530 666 592 Sit,
685 531 807 597 inquam,
823 531 875 585 tibi
888 546 945 584 ιιιιι-

93 617 223 682 nifestum
238 621 320 684 atque
331 621 497 685 perceptum,
517 618 621 671 nullum
636 633 752 673 errorem
766 620 794 672 in
819 620 948 685 religione

94 719 150 760 esse
162 705 293 774 potuisse,
315 707 341 758 si
355 707 449 758 anima
458 720 510 774 pro
526 707 578 760 Deo
592 720 639 760 suo
648 708 803 761 noncolcret
815 709 946 772 animam,

94 797 142 847 aut
155 807 263 862 carptas,
274 797 322 847 aut
332 795 531 863 phantasmata
544 809 604 849 suo.
618 794 667 849 llic
678 794 803 849 animam
819 811 871 866 pro
886 795 948 849 uni·

96 896 177 935 verso
191 885 322 935 creatura
345 880 518 951 incorporali
541 881 626 953 posui
647 899 705 937 non
724 884 843 954 loquens
869 900 947 938 more

94 968 318 1040 Scripturarum,
343 985 408 1039 qum
438 969 563 1024 animam
591 970 706 1040 quando
732 986 790 1024 non
810 973 947 1026 translato

94 1059 179 1112 verbo
194 1062 326 1123 utuntur,
343 1058 438 1111 nescio
456 1061 551 1112 utrum
566 1058 655 1112 uelint
670 1058 792 1129 intelligi
816 1059 871 1113 nisi
884 1077 947 1114 eam

94 1162 151 1217 qua
167 1145 266 1199 vivunt
280 1144 416 1199 animalia
432 1146 575 1210 mortalia,
591 1145 742 1218 inquibus
762 1151 791 1202 et
816 1146 947 1202 homines

94 1237 171 1302 sunt,
187 1233 323 1305 quamdin
341 1235 476 1287 mortales
490 1240 566 1288 sunt.
584 1236 672 1289 Paulo
682 1239 748 1306 post
761 1240 855 1291 autem
866 1252 947 1290 eum·

95 1323 161 1378 dem
177 1338 292 1376 sensum
310 1321 411 1375 melius
433 1338 496 1376 sum
516 1322 688 1394 breviusque
709 1325 881 1394 complexus,
898 1324 947 1379 ulii

94 1410 152 1466 diri
167 1428 174 1465 ι
191 1412 250 1466 Non
263 1425 326 1476 ergo
345 1414 476 1465 creatura
497 1413 589 1480 potius
605 1428 687 1481 quom
701 1414 824 1469 Creatori
842 1417 946 1468 seruiu-

95 1514 164 1565 mus,
175 1513 222 1552 nec
235 1512 424 1553 euanescamus
439 1500 468 1553 in
484 1499 693 1566 cogitationibus
712 1504 821 1567 nostris,
841 1507 866 1556 ct
883 1518 946 1572 pcr-

93 1589 166 1654 fecta
178 1588 273 1655 relipio
286 1592 334 1641 est.
350 1588 514 1642 Crealuram
525 1588 633 1660 quippe
648 1605 703 1643 uno
713 1590 828 1644 nomine
839 1596 945 1645 utram-

95 1691 160 1746 que,
187 1675 215 1730 id
239 1679 281 1729 est
309 1675 487 1746 spiritualem
516 1679 751 1749 corporalemque
777 1678 943 1751 significavi.

96 1765 192 1819 Restat
219 1764 352 1834 quodibi
380 1764 448 1832 diri,
477 1770 525 1819 aut
554 1766 751 1835 phantasmata
774 1783 824 1823 sua
846 1784 851 1823 :
877 1785 945 1839 pro·

93 1857 157 1923 pter
171 1852 246 1923 quod
262 1852 307 1907 hic
323 1853 392 1919 dixi,
418 1869 464 1908 uec
482 1869 671 1911 evanescamus
695 1859 722 1910 ia
738 1858 945 1924 capitationibus

93 1943 203 1996 nostris.

129 2042 154 2094 3.
169 2039 240 2094 ltem
255 2038 332 2110 quod
347 2039 415 2108 dixi,
439 2043 480 2096 Ea
503 2046 543 2097 est
564 2045 663 2099 nostris
688 2044 849 2113 temporibus
868 2046 943 2099 chri·

92 2129 185 2184 stiana
197 2129 303 2197 relipio,
320 2145 402 2198 quam
417 2145 571 2199 cognoscere
594 2135 717 2202 assequi
734 2135 905 2188 securissima
919 2138 944 2189 ct

92 2217 244 2273 certissima
256 2217 559 2285 salusest,secundum
574 2219 628 2275 hoc
642 2235 749 2274 nomen
768 2219 874 2275 dictum
890 2228 942 2290 cst,

93 2318 153 2358 non
164 2304 320 2359 secundum
337 2304 428 2376 ipsam
442 2322 516 2373 rem,
532 2308 613 2379 cujus
626 2308 679 2363 hoc
693 2324 797 2363 nomen
808 2314 860 2364 est.
872 2311 942 2364 Nam

93 2408 138 2446 res
153 2392 215 2463 ipsa
230 2409 381 2464 quaenunc
391 2393 545 2450 christiana
561 2395 661 2468 religio
676 2400 870 2467 nuncupatur,
883 2402 944 2452 erat

93 2480 169 2552 apud
193 2480 335 2553 antiquos,
353 2498 405 2537 nec
419 2482 510 2538 deluit
528 2483 564 2538 ab
580 2483 662 2540 initio
684 2485 797 2556 generis
811 2487 941 2553 humani,

93 2584 243 2640 quousque
259 2569 319 2640 ipse
339 2570 466 2626 Christus
481 2572 590 2627 veniret
614 2573 651 2627 in.
667 2589 762 2641 carne,
782 2574 858 2629 unde
876 2591 943 2630 vera

93 2657 196 2729 religio
210 2677 273 2731 qum
286 2660 346 2732 jam
357 2665 427 2726 erat,
445 2661 530 2733 coepit
544 2662 681 2734 appellari
691 2662 854 2719 christiana.
871 2663 942 2718 Cum
959 2713 966 2720 .

93 2746 171 2802 enim
196 2764 263 2803 eum
286 2753 349 2821 post
377 2751 617 2806 resurrectionem
639 2751 893 2824 ascensionemque
912 2752 943 2808 in

94 2836 197 2891 coelum
213 2837 364 2908 caepissent
378 2839 507 2910 Apostoli
522 2840 686 2911 praedicare,
702 2845 730 2895 et
743 2841 862 2912 plurimi
881 2858 941 2896 cre-

91 2921 201 2990 derent,
213 2925 340 2995 primum
354 2927 430 2998 apud
445 2927 638 2995 Antiochiam,
654 2929 726 2984 sicut
741 2929 940 3001 scriptumest,

90 3012 226 3083 appellati
242 3018 308 3068 sunt
322 3013 453 3085 discipuli
477 3016 629 3071 Christiani
645 3016 716 3088 (Act.
743 3035 782 3088 rr,
800 3019 855 3087 ιι).
872 3020 943 3073 Ριο-Δ

91 3102 189 3169 pterea
203 3100 272 3161 diri,
285 3104 346 3157 llaec
360 3107 399 3157 est
412 3107 512 3159 nostris
527 3107 691 3174 temporibus
706 3107 858 3162 christiano
874 3109 940 3162 reti·

90 3191 153 3254 pio;
178 3204 238 3243 non
262 3190 330 3260 quia
354 3191 498 3260 prioribus
526 3193 703 3264 temporibus
726 3195 869 3261 nonfuit,
892 3196 941 3251 sed

91 3276 160 3347 quia
174 3277 381 3347 posterioribus
393 3280 447 3334 hnc
462 3296 569 3336 nomen
583 3282 699 3354 accepit.

126 3377 152 3430 t.
174 3375 236 3429 Alio
252 3376 313 3431 loco
330 3393 336 3431 ι
352 3377 463 3433 Intende
485 3381 581 3447 igitur,
602 3383 725 3449 inquam,
747 3384 776 3435 in
801 3383 856 3436 baec
883 3398 942 3450 quaa

89 3467 248 3534 sequuntur,
260 3464 404 3534 diligenter
419 3471 444 3521 et
460 3469 516 3537 pie,
534 3472 665 3536 quantum
678 3473 775 3539 potes;
790 3470 856 3524 tales
871 3472 941 3524 enim

90 3552 206 3621 adjuvat
224 3555 291 3608 heus
307 3556 388 3626 (Cup.
420 3559 464 3622 ιθ,
480 3571 508 3610 n.
536 3557 637 3626 ta-au).
661 3557 741 3622 Quod
755 3572 813 3612 non
834 3558 872 3612 ita
895 3557 940 3612 iu-

90 3640 277 3712 telligendnm
306 3648 359 3712 est,
386 3644 468 3715 quasi
493 3647 695 3702 tantummodo
720 3645 792 3701 tales
817 3646 940 3718 adjuvet,

90 3745 155 3783 cum
182 3728 298 3800 adjuvet
324 3731 411 3786 etiam
435 3748 495 3787 nou
515 3734 585 3788 tales
605 3738 637 3788 ut
663 3734 719 3789 sint
741 3736 821 3801 tales,
838 3735 867 3789 id
888 3739 940 3800 est,

91 3819 123 3869 nt
150 3816 303 3886 diligenter
328 3822 356 3873 et
373 3819 420 3889 pie
439 3825 571 3891 quaerant
588 3822 681 3875 :tales
704 3825 801 3876 autem
825 3823 943 3893 adjuvat

90 3907 123 3958 ut
154 3901 310 3958 inveniant.
340 3907 469 3977 Itemque
497 3907 584 3962 alibi:
601 3910 710 3977 Deirrde,
738 3912 860 3979 inquam,
880 3913 941 3981 jam

89 3994 141 4063 epit
155 4007 315 4061 consequeus
336 3999 366 4048 ut
384 4001 448 4064 post
470 4000 581 4051 mortem
602 3999 767 4066 corporalem
789 4014 871 4068 quom
895 4000 940 4054 de·

91 4079 181 4135 bcmtts
198 4083 287 4151 primo
314 4088 432 4152 peccato,
464 4087 580 4153 tempore
604 4100 652 4140 suo
675 4091 756 4156 atque
778 4087 873 4141 ordine
893 4103 941 4143 suo

89 4171 136 4225 boe
160 4186 257 4240 corpus
282 4174 445 4227 restituatur
462 4174 741 4243 pristirraejstabilitati
760 4175 835 4246 (dap.
853 4179 895 4243 ιι,
911 4193 939 4231 n.

90 4260 144 4329 ιι).
161 4258 241 4323 Quod
269 4259 309 4315 sic
336 4260 533 4331 accipiendum
561 4267 612 4331 est,
638 4263 806 4335 quinetiam
821 4264 941 4334 pristina

89 4347 229 4402 stabilitas
241 4347 369 4419 corporis
380 4365 468 4421 quam
478 4351 623 4420 peccando
648 4351 806 4418 amisimus,
818 4352 943 4408 habebat

90 4439 199 4491 tantam
214 4437 388 4504 felicitatem,
411 4441 443 4493 ut
464 4437 648 4494 indefectam
675 4456 733 4494 nou
747 4447 878 4513 vergeret
897 4457 940 4495 se-

89 4525 221 4580 nectutis.
238 4525 308 4582 lluic
322 4544 391 4599 ergo
406 4527 533 4599 pristinae
548 4527 694 4582 stabilitati
708 4528 874 4584 restituetur
888 4530 942 4584 hoc

90 4627 192 4681 corpus
207 4612 237 4667 in
251 4616 459 4671 resurrectione
476 4620 666 4671 mortuorum.
683 4616 737 4672 Sed
752 4617 868 4673 habebit
879 4635 940 4673 am·

89 4699 176 4770 plius,
193 4704 225 4754 ut
237 4718 289 4756 nec
302 4703 446 4759 alimentis
460 4704 657 4776 corporalibus
677 4710 868 4776 sustentetur;
893 4708 942 4763 sed

90 4788 125 4844 ad
140 4788 341 4845 suitlcieutiam
369 4792 527 4848 vivificetur
546 4794 606 4849 solo
629 4793 743 4865 spiritu,
763 4810 828 4849 cnm
845 4810 939 4848 resur·

91 4877 194 4933 rexerit
209 4877 240 4932 in
255 4879 387 4949 spiritum
402 4881 603 4950 vivificantem,
619 4899 676 4955 qua
691 4899 776 4938 causa
789 4883 875 4938 etiam
887 4883 942 4955 spi-

88 4966 191 5022 rituale
206 4965 272 5022 erit.
289 4967 363 5022 lllud
378 4974 472 5024 autem
488 4972 564 5043 quod
584 4972 711 5043 primum
723 4972 786 5038 init,
812 4973 941 5043 quamvis

90 5071 148 5109 non
163 5054 348 5125 moriturum,
362 5056 416 5111 nisi
429 5058 516 5114 homo
531 5065 685 5131 peccasset,
707 5064 805 5116 tamen
819 5059 942 5115 animale

88 5143 195 5199 iactum
211 5148 254 5200 est
268 5143 300 5198 iu
315 5143 441 5200 animam
455 5145 608 5205 viventem.

124 5245 150 5298 ιι.
168 5243 200 5298 Et
214 5241 284 5298 alibi
300 5258 306 5297 :
325 5244 413 5313 Usque
436 5243 503 5299 adeo
521 5247 644 5316 inquam,
655 5253 796 5318 peccatam
818 5249 941 5304 uolunta·

88 5332 160 5386 rium
173 5334 276 5389 malum
296 5336 343 5398 est,
371 5336 402 5386 ut
412 5333 486 5387 nullo
508 5333 586 5389 modo
596 5339 632 5391 sit
642 5341 792 5407 peccatum,
806 5339 892 5393 sinon
905 5338 942 5392 sit

88 5420 273 5477 uoluntarium
287 5423 364 5492 (Cap.
382 5423 426 5489 ll,
450 5437 477 5476 ιι.
491 5421 547 5493 ιι).
563 5424 658 5478 Potest
682 5425 771 5480 videri
794 5425 865 5481 falsa
879 5426 940 5481 haec

86 5504 214 5563 delinitio
228 5526 234 5575 ;
249 5510 297 5564 sed
313 5509 336 5564 si
346 5509 499 5581 diligenter
513 5508 692 5577 discutiatur,
703 5512 865 5568 invenietur
880 5529 940 5568 esse

681 218 1010 276 amaacrnritm'uu
1030 219 1057 274 S.
1079 219 1283 278 nuaussln'l.

1801 233 1844 285 stt

1001 341 1157 398 verissima.
1184 344 1334 400 Peccatum
1362 347 1469 418 quippe
1493 347 1565 404 illud
1593 349 1782 420 cogitandum
1801 359 1845 420 est,

1003 429 1080 500 qnod
1094 431 1294 486 tantummodo
1310 439 1457 502 peccatum
1472 439 1525 501 est,
1545 451 1603 491 non
1618 438 1696 509 qnod
1713 442 1759 494 est
1772 440 1848 497 edan

1001 533 1086 589 poena
1100 519 1218 589 peccati,
1235 519 1307 574 sicut
1328 522 1460 591 superius
1485 522 1608 589 ostendi,
1633 542 1699 580 cum
1724 529 1848 598 quaedam

1002 622 1256 662 commemorarem
1276 624 1309 663 er
1336 608 1412 664 libro
1435 611 1519 665 tertio
1548 611 1583 665 de
1610 612 1713 668 Libero
1739 614 1850 671 arbitrio

1003 695 1095 759 (hibi
1114 698 1243 763 Retract,
1260 714 1282 751 c.
1304 701 1331 766 u,
1354 714 1382 752 n.
1404 702 1443 768 5).
1464 700 1599 765 Quamvis
1610 705 1639 756 et
1653 702 1703 756 illa
1716 719 1783 774 qnae
1797 720 1849 759 nnn

1002 784 1146 838 immerito
1162 801 1218 839 non
1234 786 1394 840 voluntaria
1408 792 1524 857 peccata
1535 788 1681 857 dicuutur,
1698 791 1768 862 quin
1781 792 1851 847 vela

1002 873 1195 928 nescientibus
1213 875 1257 929 rel
1276 891 1293 928 a
1319 875 1423 929 coactis
1448 882 1656 947 perpetrantur,
1686 895 1747 934 non
1762 880 1851 936 omui-

1002 962 1088 1016 modo
1106 966 1225 1033 possunt
1240 962 1301 1017 sine
1330 964 1475 1018 voluntate
1489 965 1632 1020 committi
1647 983 1655 1021 t
1672 968 1852 1037 quoniamst

1002 1050 1050 1104 ille
1065 1051 1115 1121 qui
1127 1055 1225 1121 peccat
1235 1051 1380 1121 ignorans,
1393 1054 1538 1108 voluntate
1553 1054 1654 1125 utique
1663 1055 1733 1109 tacit
1746 1054 1766 1119 ¹,
1779 1059 1850 1128 quod

1002 1154 1067 1193 cum
1082 1139 1243 1194 laciendum
1260 1156 1317 1194 non
1333 1140 1378 1207 sit,
1394 1146 1477 1212 putat
1490 1159 1550 1196 esse
1566 1143 1740 1198 iaciendum.
1758 1147 1791 1200 Et
1808 1147 1850 1201 ille

1002 1227 1052 1298 qui
1066 1228 1280 1299 concupiscente
1304 1228 1439 1283 adversus
1462 1230 1594 1301 spiritum
1616 1248 1714 1299 carne,
1742 1250 1800 1289 non
1821 1252 1851 1290 ea

1001 1334 1066 1390 quie
1093 1318 1154 1372 vult
1180 1317 1256 1381 iacit,
1273 1318 1449 1389 concupiscit
1471 1319 1587 1390 quidem
1604 1321 1718 1389 nolens,
1734 1326 1764 1376 et
1777 1324 1807 1377 iu
1820 1340 1850 1379 eo

1001 1422 1060 1461 non
1072 1404 1140 1460 facit
1154 1405 1231 1477 quod
1258 1407 1318 1461 vult
1335 1423 1341 1460 :
1359 1407 1409 1461 sed
1424 1407 1446 1461 si
1461 1407 1593 1474 vincitur,
1615 1411 1851 1480 concupiscentia

1001 1494 1143 1549 consentit
1152 1496 1259 1561 rolens,
1274 1499 1302 1549 et
1314 1496 1344 1550 in
1359 1512 1393 1550 co
1409 1513 1468 1551 non
1481 1497 1549 1552 iacit
1564 1498 1619 1553 nisi
1632 1499 1712 1570 quod
1727 1502 1798 1567 vult,
1818 1502 1849 1556 li·

1000 1584 1051 1638 ber
1066 1583 1171 1638 scilicet
1183 1583 1311 1654 justitiae,
1327 1600 1481 1657 servusque
1497 1587 1617 1657 peccati.
1639 1589 1673 1642 Et
1689 1588 1763 1644 illud
1778 1590 1850 1660 quod

1000 1673 1030 1727 in
1044 1673 1170 1745 parvulis
1186 1673 1291 1728 dicitur
1315 1673 1454 1744 originale
1483 1679 1642 1746 peccatum,
1669 1693 1737 1732 cum
1765 1679 1849 1734 adhuc

999 1778 1057 1817 non
1072 1766 1190 1816 utantur
1203 1761 1323 1817 arbitrio
1338 1763 1502 1831 voluntatis,
1524 1781 1583 1819 non
1599 1765 1723 1820 absurde
1739 1771 1850 1821 vocatm

1000 1851 1085 1906 etiam
1101 1850 1304 1913 voluntarium,
1325 1851 1393 1922 quia
1412 1852 1554 1924 exprime
1573 1854 1701 1909 hominis
1716 1855 1795 1909 mala
1806 1872 1848 1910 vo·

999 1940 1107 1993 luntate
1126 1942 1314 2006 contractum,
1328 1940 1435 1994 lactum
1447 1944 1489 1994 est
1501 1941 1719 2012 quodammodo
1736 1942 1849 1997 haredi-

998 2026 1113 2082 tarium.
1132 2028 1196 2082 Non
1211 2027 1307 2098 itaque
1321 2027 1424 2082 falsum
1452 2028 1581 2100 estquod
1598 2028 1666 2095 dixi,
1684 2032 1776 2100 Usque
1789 2031 1849 2085 ades

997 2120 1135 2186 peccatum
1159 2118 1343 2171 uoluntarium
1367 2118 1470 2171 molum
1497 2122 1545 2187 est,
1565 2122 1597 2172 ut
1621 2119 1795 2174 nullomodo
1817 2121 1847 2175 sit

995 2209 1145 2275 peccatum,
1160 2207 1185 2259 si
1198 2220 1251 2259 non
1264 2207 1302 2259 ιιι
1314 2206 1508 2260 uoluntarium.
1523 2206 1591 2260 Ideo
1606 2207 1702 2276 gratia
1727 2206 1779 2261 Dei
1796 2224 1844 2262 non

997 2294 1090 2348 solum
1104 2297 1200 2348 reatus
1215 2294 1345 2347 omniurn
1357 2293 1568 2363 preteritorum
1583 2295 1705 2351 solvitur
1715 2295 1748 2350 in
1762 2296 1844 2351 omni

997 2383 1049 2436 bus
1062 2382 1111 2453 qui
1127 2382 1309 2452 baptizantur
1322 2382 1352 2436 in
1368 2381 1487 2449 Christo,
1502 2384 1577 2453 quod
1597 2384 1630 2438 tit
1642 2383 1756 2454 Spiritu
1769 2400 1842 2456 rege

997 2470 1171 2537 nerationis;
1187 2486 1287 2524 verum
1303 2470 1389 2524 etiam
1408 2470 1439 2524 iu
1453 2471 1610 2541 grandibus
1638 2473 1774 2527 uoluntas
1788 2473 1841 2544 ipsa

997 2563 1123 2622 sanatur,
1139 2563 1166 2612 et
1176 2563 1383 2630 praeparatura
1398 2560 1656 2632 Domino,quods1t
1666 2560 1772 2633 spiritu
1783 2561 1840 2617 tidei

997 2650 1025 2701 et
1039 2646 1195 2700 charitatis.

1031 2737 1057 2790 a.
1074 2735 1136 2790 Alio
1150 2735 1213 2789 loco
1227 2734 1257 2789 in
1268 2751 1301 2790 eo
1313 2735 1391 2806 quod
1402 2735 1459 2789 diri
1471 2735 1505 2790 de
1516 2735 1637 2790 iloniino
1645 2738 1659 2791 J
1664 2753 1715 2791 esu
1727 2737 1839 2798 Christo,

995 2825 1074 2880 Nihil
1082 2826 1137 2891 epit
1150 2826 1188 2890 ui,
1203 2823 1251 2878 scd
1265 2825 1356 2878 omnia
1370 2824 1508 2878 mandendo
1523 2828 1548 2878 et
1562 2825 1695 2880 mutando
1710 2826 1787 2895 (Gap.
1805 2827 1838 2887 li,

995 2929 1027 2968 n.
1045 2912 1099 2980 31),
1115 2928 1173 2966 ιιοιι
1189 2911 1259 2966 ιιιιιιι
1274 2915 1437 2966 occurrerat
1450 2912 1526 2982 quod
1542 2912 1699 2968 vendentes
1714 2917 1744 2967 et
1754 2929 1839 2968 emen·

995 3005 1038 3056 tes
1065 3000 1237 3073 flagellando
1263 3001 1347 3071 ejecit
1366 2999 1401 3055 de
1415 3002 1536 3071 templo.
1560 3001 1614 3055 Sed
1631 3001 1701 3072 quid
1719 3002 1783 3066 hoc,
1801 3004 1840 3055 aut

997 3093 1184 3162 quantumest
1193 3090 1208 3142 *ι
1220 3087 1353 3152 Οιιιιιιιιι
1366 3092 1395 3142 et
1410 3088 1555 3143 doemones
1566 3089 1698 3144 nolentes
1709 3091 1746 3144 ab
1759 3087 1839 3145 homi·

996 3179 1092 3247 nibus,
1107 3193 1166 3232 ιιοιι
1181 3192 1313 3231 sermone
1336 3177 1487 3246 suasionis,
1512 3177 1560 3232 sed
1585 3177 1613 3231 vi
1627 3177 1780 3249 potestatis
1792 3177 1839 3247 eje·

996 3267 1074 3322 cerii.
1091 3268 1162 3322 ltem
1171 3266 1227 3320 alio
1243 3267 1304 3320 loco
1316 3268 1422 3332 :Prius
1438 3268 1561 3336 inquam,
1573 3268 1621 3321 isti
1633 3267 1768 3336 sequendi
1776 3270 1838 3331 ιιιιιι,

996 3359 1140 3426 quianam
1154 3357 1236 3409 Deum
1250 3370 1393 3421 summum,
1408 3355 1494 3410 solum
1515 3370 1607 3409 cerum
1622 3357 1708 3409 Deum
1722 3361 1749 3411 et
1765 3357 1839 3410 snm

996 3443 1134 3499 colendum
1148 3457 1204 3498 esse
1218 3443 1312 3497 dicunt
1326 3459 1333 3496 ι
1350 3446 1377 3497 ιι
1386 3443 1462 3511 apud
1477 3444 1523 3497 bos
1537 3446 1639 3497 ueritas
1654 3459 1709 3499 ιιοιι
1723 3445 1839 3510 eluserit,

997 3537 1053 3587 tum
1074 3532 1179 3586 demum
1193 3532 1370 3600 migrandum
1390 3535 1438 3586 cst.
1465 3530 1546 3595 Quod
1572 3531 1613 3584 iia
1641 3536 1739 3602 potest
1760 3529 1840 3586 videri

995 3622 1113 3685 dictum,
1124 3620 1205 3692 quasi
1215 3620 1250 3675 de
1263 3620 1348 3690 hujus
1359 3618 1507 3690 religionis
1517 3619 1635 3674 veritate
1647 3620 1839 3676 dubitaverim.

996 3710 1168 3766 [linientem
1184 3709 1256 3763 sicut
1273 3709 1298 3763 ei
1313 3709 1490 3780 congruebat
1514 3709 1548 3762 nd
1568 3725 1656 3780 quem
1676 3709 1838 3765 scribebam.

995 3799 1040 3854 Sic
1053 3798 1130 3853 enim
1147 3798 1218 3864 dixi,
1231 3801 1256 3853 si
1268 3798 1343 3869 apud
1371 3798 1417 3852 hos
1430 3800 1532 3852 ueritas
1558 3813 1612 3852 non
1631 3798 1761 3866 etuaerit,
1777 3796 1840 3853 nihil

995 3888 1127 3943 dubitans
1141 3887 1219 3958 quod
1233 3886 1309 3958 apud
1330 3902 1379 3942 eos
1402 3887 1588 3952 elucesseret3
1605 3886 1841 3958 quemadmodum

994 3976 1034 4031 ait
1047 3978 1210 4048 Apostolus,
1227 3977 1258 4033 si
1267 3977 1607 4033 Christusnouresurrerit
1622 3976 1646 4047 (l
1658 3978 1721 4034 Gor.
1732 3993 1777 4042 xv,
1792 3977 1841 4047 ll),

995 4082 1054 4121 non
1069 4064 1168 4136 utique
1180 4065 1313 4120 dubitans
1325 4065 1400 4136 quod
1415 4064 1610 4120 resurrexerit.

1029 4159 1056 4208 l.
1073 4155 1143 4208 ltem
1159 4154 1237 4225 quod
1251 4152 1318 4218 dixi,
1335 4155 1387 4210 Nee
1401 4154 1535 4208 miracula
1550 4155 1599 4208 illa
1618 4155 1649 4207 iu
1663 4158 1760 4209 noatm
1784 4157 1843 4209 tern-

993 4259 1062 4313 pore
1076 4242 1176 4296 durare
1188 4243 1321 4311 permisso
1334 4245 1408 4304 sunt,
1431 4257 1464 4296 ne
1484 4244 1577 4296 anima
1599 4255 1705 4311 semper·
1727 4242 1843 4297 visibilia

995 4335 1135 4402 quareret,
1151 4334 1281 4385 eteorum
1298 4329 1489 4384 consuetudine
1511 4331 1668 4396 frigesceret
1691 4345 1777 4399 penus
1795 4332 1844 4385 hu-

995 4435 1115 4485 manum,
1127 4434 1241 4488 quorum
1255 4417 1374 4472 raucitate
1382 4419 1513 4486 flagravit
1528 4418 1604 4488 (Cap.
1614 4420 1661 4484 ιιι,
1672 4433 1721 4472 nn.
1733 4419 1779 4478 la,
1791 4418 1844 4485 47),

995 4523 1095 4563 rerum
1110 4511 1152 4561 est
1164 4506 1283 4579 quidem
1294 4523 1300 4560 :
1310 4522 1368 4561 non
1384 4506 1461 4560 enim
1477 4522 1655 4576 nuncusque
1665 4522 1734 4562 cum
1749 4523 1846 4561 manus

994 4596 1154 4668 imponitur
1167 4595 1327 4667 baptizatis,
1343 4594 1382 4649 sic
1397 4593 1542 4666 accipiunt
1555 4594 1694 4665 Spiritum
1708 4600 1845 4661 sanctum,

994 4691 1028 4740 ut
1055 4686 1209 4758 loquantur
1239 4683 1346 4755 linguis
1372 4683 1505 4739 omnium
1530 4683 1684 4755 gentium;
1711 4690 1846 4739 autnunc

995 4774 1125 4846 usquead
1134 4774 1267 4829 umbram
1283 4759 1493 4827 transeuntium
1506 4771 1732 4844 praedicatorum
1748 4773 1845 4828 Christi

995 4865 1133 4916 sanantur
1147 4861 1271 4927 infirmi;
1288 4864 1316 4915 el
1329 4861 1353 4915 si
1368 4877 1425 4933 qna
1437 4861 1507 4915 talla
1519 4866 1588 4915 tuuc
1602 4860 1677 4915 iacta
1692 4865 1770 4928 suut,
1786 4877 1844 4933 qna

994 4955 1093 5022 postea
1106 4967 1227 5006 cessasse
1244 4949 1426 5005 manifestum
1442 4952 1492 5004 est.
1511 4949 1566 5005 Sed
1577 4964 1635 5003 nou
1651 4948 1692 5004 sic
1707 4949 1843 5022 accipien-

995 5042 1064 5097 dum
1080 5040 1214 5113 estquod
1229 5039 1298 5104 dixi,
1322 5043 1355 5093 ut
1377 5054 1454 5093 nunc
1475 5037 1504 5092 in
1521 5036 1626 5094 Christi
1646 5037 1765 5093 nomine
1786 5035 1843 5094 tisri

995 5129 1221 5186 miraculanulla
1231 5127 1391 5182 credantur.
1404 5128 1475 5182 Nam
1487 5143 1540 5197 ego
1555 5126 1615 5196 ipse
1632 5127 1749 5196 quando
1762 5127 1842 5182 istum

995 5219 1089 5290 ipsum
1117 5218 1220 5273 librum
1237 5216 1347 5288 scripsi,
1376 5216 1412 5271 ad
1449 5214 1707 5271 mediolanensium
1730 5228 1842 5286 corpora

995 5312 1154 5378 martyrum
1170 5306 1208 5378 (ιι)
1222 5305 1251 5361 in
1268 5306 1368 5361 eadem
1383 5305 1495 5360 civitate
1519 5320 1626 5359 cacum
1652 5304 1839 5360 illuminatum

1027 5399 1035 5432 ¹
1046 5395 1122 5460 Apud
1133 5396 1190 5445 Am.
1202 5398 1227 5444 et
1237 5394 1289 5453 ar,
1300 5395 1546 5458 uoluntarieutique
1557 5397 1656 5456 peceat.
1669 5394 1700 5442 ln
1710 5394 1781 5443 miss.
1792 5405 1837 5443 ser.

996 5459 1136 5510 uoluntate
1150 5458 1246 5521 utique
1258 5461 1359 5519 peccat.

1026 5521 1064 5583 (a)
1078 5521 1186 5570 Protesii
1200 5524 1226 5569 et
1241 5520 1355 5569 tiervasii
1368 5534 1373 5567 :
1385 5519 1431 5568 lib.
1446 5520 1461 5566 s
1475 5515 1560 5576 (Ioui,
1576 5530 1599 5567 c.
1613 5520 1638 5578 l,
1654 5532 1681 5577 ιι,
1699 5521 1737 5567 ιιι.
