3884 6112
136 250 205 303 taes

135 370 299 433 obscurum,
315 366 379 420 vide
402 378 466 435 qum
487 362 662 432 sequuntur:
676 358 712 410 Et
729 356 857 419 omnium,
875 348 981 421 inquii,

134 461 263 515 Dominus
279 456 377 510 dileait
391 454 466 506 illam
479 469 485 504 :
500 450 606 503 doctrin
621 450 660 499 est
671 445 741 497 enim
756 440 980 510 disciplinatui,

134 555 159 605 et
176 551 288 606 electriu
312 559 422 615 operum
438 543 521 595 illius.
551 537 667 591 Videtur
690 533 736 587 hic
760 531 830 586 nibil
855 529 933 584 aliud
947 529 981 583 de

135 637 301 709 operatione
317 634 447 696 dictum3
466 645 522 682 nan
538 625 614 679 enim
630 625 684 677 boc
701 627 744 676 est
760 621 865 690 eligere
883 634 980 689 opera,

135 726 210 798 quod
231 721 361 794 operari:
387 735 453 789 ergo
468 718 529 771 hmc
554 714 590 768 ad
611 710 792 783 disciplinam
816 707 981 778 pertinent,

135 831 207 887 opus
219 811 316 866 virtuti
331 809 459 872 debetur,
473 804 555 860 utsii
571 803 667 872 plena,
684 815 771 870 quam
788 798 918 851 volumus
933 795 982 849 de·

136 906 306 967 monstrare,
324 896 474 952 sententia.
497 895 569 962 Lege
586 891 676 962 igitur
691 888 824 957 deinceps
839 884 917 957 quod
932 900 982 938 an-

135 1005 240 1045 nexum
257 992 308 1041 est.
326 985 443 1052 Quodsi
462 983 635 1045 honestaret,
652 977 755 1048 inquit,
777 973 910 1045 possessio
925 988 984 1041 qua>

36 1127 40 1131 .
135 1079 333 1147 concupiscitur
347 1078 376 1128 iu
389 1076 458 1134 cita,
474 1069 542 1141 quid
557 1068 693 1137 sapientia
707 1070 746 1119 cst
762 1065 907 1128 honestius,
925 1078 985 1131 qum

135 1167 226 1222 omitia
242 1165 395 1234 operatur?
417 1163 549 1214 Potestne
570 1156 727 1228 quidquam
747 1150 913 1222 praeclarius
936 1152 985 1203 aut

135 1252 325 1318 manifestius,
351 1255 400 1304 aut
418 1264 486 1303 uero
503 1245 589 1301 eliam
606 1242 721 1297 uberius
736 1238 882 1312 proferri?
910 1237 984 1292 uadi

135 1342 224 1408 alind,
241 1341 382 1410 siparum
400 1340 494 1408 putas,
511 1334 587 1405 qnod
604 1332 679 1386 idem
694 1334 792 1383 sonet:
811 1329 984 1384 sobrictatem

135 1434 205 1485 euim
227 1430 364 1497 sapientia
382 1426 465 1489 docet,
483 1422 586 1491 inquit,
603 1425 627 1473 et
645 1420 785 1488 justitium
800 1422 825 1471 et
847 1419 982 1470 uirtutem.

135 1517 277 1572 Sobrietas
287 1515 358 1568 mihi
371 1513 406 1566 ad
419 1513 508 1581 ipsam
523 1508 714 1579 cognitionem
724 1505 783 1559 veri
795 1505 905 1558 videtur
920 1519 984 1574 per·

137 1605 239 1667 tinere,
256 1605 284 1658 id
301 1602 392 1658 estad
416 1598 609 1669 disciplinam:
632 1595 741 1667 justitia
766 1610 831 1649 vero
855 1597 883 1647 et
899 1591 985 1645 virtus

137 1679 329 1748 adactionem
348 1693 432 1759 atque
456 1686 489 1741 ad
514 1683 721 1755 operationem.
740 1682 847 1746 Quibus
862 1680 984 1748 duobus,

136 1780 165 1835 id
188 1785 230 1834 est
257 1777 359 1848 agendi
379 1774 513 1833 ellicacin,
540 1777 568 1826 et
590 1773 742 1825 sobrietate
764 1768 984 1838 contemplandi,

136 1884 201 1939 qum
227 1868 277 1921 Dei
296 1867 391 1919 Virtus
416 1868 443 1918 et
469 1862 518 1917 Dei
538 1859 693 1931 Sapientia,
714 1859 742 1913 id
764 1862 806 1912 est
821 1857 871 1911 Dei
888 1856 985 1922 Filius,

137 1955 319 2012 dilectoribus
329 1953 386 2007 suis
398 1953 496 2018 donat,
508 1950 577 2021 qnid
590 1948 817 2019 comparandum
831 1946 868 1999 sit
879 1945 983 2012 neseio,

137 2061 203 2100 cum
219 2045 296 2098 idem
309 2043 449 2113 propheta
464 2040 561 2094 statim
578 2039 652 2093 dicat
664 2037 764 2109 quanti
776 2037 833 2090 sint
848 2035 902 2088 ista
917 2049 987 2104 pen·

138 2134 246 2190 denda:
260 2149 327 2186 nam
341 2132 380 2184 ita
394 2129 522 2200 positum
537 2133 590 2194 est,
606 2128 788 2183 sobrietatem
799 2126 869 2178 enim
880 2125 987 2192 sapien-

140 2226 179 2277 tia
200 2223 284 2287 docet,
302 2224 326 2273 ct
343 2220 491 2288 justitium,
508 2222 532 2271 et
546 2219 682 2282 uirtutem,
699 2215 797 2283 quibus
809 2215 905 2268 utilius
917 2212 987 2265 nibil

140 2312 221 2364 estin
237 2311 295 2362 rita
314 2307 465 2360 bominibus
481 2303 526 2373 (α).

174 2400 218 2451 28.
240 2396 304 2449 llaec
324 2395 442 2447 fortasse
460 2390 603 2462 quispiam
619 2406 677 2444 non
692 2390 725 2444 de
747 2388 819 2443 Filio
844 2387 894 2443 Dei
913 2387 987 2441 dicta

140 2501 200 2538 esse
213 2483 376 2537 arbitretur.
388 2480 462 2544 Quid
478 2495 545 2549 ergo
561 2479 638 2532 aliud
654 2477 777 2532 ostendit
791 2477 868 2548 quod
881 2476 988 2531 dictum

141 2576 193 2636 est,
201 2570 411 2625 Generositutem
418 2570 585 2636 mapnificut,
597 2566 798 2620 contubernium
811 2565 911 2618 babens
919 2565 989 2618 Dei?

142 2662 216 2732 (Sap.
231 2675 290 2726 riri,
304 2660 338 2727 3).
350 2660 393 2712 An
403 2673 468 2710 vero
479 2654 652 2726 generositas
663 2655 733 2707 solet
744 2653 903 2723 significare
911 2652 988 2707 aliud

141 2766 227 2822 quam
243 2745 400 2818 parentes?
415 2742 642 2799 Contuberninm
655 2759 721 2796 vero
738 2758 832 2795 nonne
845 2757 910 2795 cum
925 2740 987 2811 ipso

139 2842 220 2909 patre
234 2836 428 2908 equalitatem
438 2834 542 2887 clanrat
557 2835 642 2902 atque
653 2831 776 2884 asserit?
791 2829 906 2896 Deinde,
923 2845 989 2884 cum

141 2927 245 2980 Paulus
267 2925 342 2978 dicat
365 2923 467 2977 Filium
495 2921 544 2975 Dei
564 2937 624 2974 esse
647 2919 821 2991 Sapientiam
835 2919 856 2990 (l
880 2920 939 2975 Gor.
963 2922 987 2984 l,

140 3014 199 3084 24),
215 3017 243 3067 et
265 3013 323 3083 ipse
348 3011 495 3077 Dominus,
519 3011 601 3065 Nemo
619 3011 694 3062 nouit
712 3011 829 3074 Patrem,
848 3009 905 3061 nisi
924 3010 988 3060 uui-

140 3104 246 3168 pcnitus
271 3101 356 3154 Filius
370 3099 476 3168 (blattis.
495 3113 531 3162 xi,
547 3097 604 3166 27),
620 3096 688 3166 quid
704 3094 827 3166 potuita
848 3095 989 3166 propheta

141 3188 342 3260 congruentius
365 3185 431 3252 dici,
457 3201 543 3255 quam
567 3184 638 3238 illud
659 3184 735 3255 quod
758 3184 864 3237 dictum
883 3188 934 3249 est,
953 3185 989 3237 Et

143 3281 227 3331 tecum
244 3277 458 3345 sapientiaque
472 3275 546 3326 nouit
564 3287 644 3340 opera
662 3276 718 3337 tua,
739 3286 798 3340 qua
814 3271 905 3338 adficit
927 3275 988 3325 trine

142 3381 201 3420 cum
211 3364 299 3419 arbem
315 3367 448 3416 terrarum
462 3362 574 3427 faceres,
593 3364 618 3413 et
629 3359 730 3413 sciebat
743 3360 811 3428 quid
821 3361 988 3429 placiturum

142 3457 209 3508 essct
220 3454 304 3508 oculis
315 3454 369 3507 tuis
381 3454 395 3504 ?
408 3451 482 3519 (Sap.
499 3464 535 3514 nr,
553 3447 588 3515 D.)
604 3446 686 3511 Quod
697 3451 793 3501 autem
809 3447 936 3502 Christus
947 3452 989 3502 est

142 3542 256 3612 veritas,
276 3542 352 3612 qirad
374 3539 450 3593 idem
473 3536 632 3591 ostenditur
656 3552 720 3590 cnm
744 3536 879 3607 splendor
898 3537 988 3591 Patris

141 3634 323 3701 nuncupatur
341 3629 432 3696 (Hebr.
449 3644 466 3689 1,
487 3627 528 3694 3);
556 3641 613 3679 non
629 3629 669 3679 est
685 3624 763 3679 enim
778 3625 938 3697 quidquam
958 3626 988 3679 in

141 3720 260 3774 circuitu
274 3718 351 3783 solis,
372 3716 425 3770 uisi
440 3715 574 3786 splendor
589 3715 648 3784 ipse
664 3730 750 3784 quem
765 3713 858 3785 gignit
872 3716 880 3751 ¹
896 3731 902 3768 z
919 3713 988 3785 quid

142 3824 210 3878 ergo
225 3807 316 3878 potuit
334 3804 461 3875 apertius
476 3807 504 3856 ct
521 3802 624 3855 clarius
640 3818 674 3855 ex
687 3803 787 3856 Vetere
807 3803 987 3857 Testamento

141 3894 208 3948 huie
229 3889 376 3945 sententiae
400 3903 564 3953 consonare,
591 3904 676 3955 quam
697 3887 769 3941 illud
788 3887 863 3958 qnod
880 3888 987 3943 dictum

143 3985 194 4046 est,
217 3981 324 4034 Veritus
344 3982 391 4031 tua
411 3978 440 4029 in
464 3977 579 4029 circuitu
597 3978 668 4029 tua?
691 3977 771 4044 (Psal.
794 3991 923 4043 nxsxmu,
948 3979 986 4049 a.)

142 4070 288 4123 Postrema
313 4064 382 4120 dicit
406 4065 467 4136 ipsa
493 4063 640 4133 Sapientia
667 4062 697 4116 in
719 4063 883 4135 Evangelio,
907 4067 987 4122 alano

141 4159 214 4212 uniit
228 4156 265 4210 ad
279 4158 397 4222 Patrem,
419 4152 474 4207 nisi
486 4167 536 4222 per
549 4168 590 4205 me
605 4151 690 4222 (ioan.
705 4168 760 4218 xiv,
779 4152 822 4224 dl:
840 4153 907 4207 dicit
920 4170 987 4224 pro-

121 4266 124 4271 ·
140 4243 236 4317 pheta,
252 4247 363 4301 Sensum
378 4248 454 4298 tuum
476 4255 538 4309 erpo
554 4243 614 4309 quis
633 4243 693 4308 scit,
709 4243 765 4295 nisi
778 4246 807 4295 tu
822 4242 927 4297 dederis
941 4259 986 4297 sa-

137 4335 291 4404 pientiam?
303 4338 330 4387 ct
341 4334 426 4404 paulo
440 4334 513 4401 post,
527 4332 562 4384 m
575 4344 633 4398 qun
645 4330 695 4383 tibi
703 4331 819 4398 placent,
832 4331 988 4386 didicerunt

141 4424 269 4492 bomiries,
279 4429 303 4477 et
315 4439 366 4492 per
379 4422 541 4491 sapientiam
554 4421 720 4472 sanctisunt
736 4418 811 4489 (Sap.
828 4436 867 4488 rx,
886 4423 985 4490 nuo).

174 4516 219 4568 itt.
237 4511 309 4566 Dicit
323 4511 436 4575 Paulus,
454 4509 581 4565 Claritas
594 4509 642 4561 Dei
652 4507 754 4576 (tiliusa
765 4513 804 4562 est
817 4512 846 4562 in
861 4510 986 4566 cordibus

140 4603 240 4654 nostris
249 4616 299 4669 pu·
311 4600 447 4668 Spiritum
463 4601 585 4651 sanctum
600 4597 648 4664 qui
658 4596 738 4649 daras
751 4602 789 4650 est
803 4598 879 4652 iratis
893 4598 981 4671 (Dum.

140 4703 166 4740 v.
184 4688 223 4755 5);
239 4685 306 4739 dicit
320 4686 471 4756 propheta,
487 4686 604 4738 Sanctus
620 4684 690 4737 enim
702 4683 823 4753 Spiritus
834 4685 986 4756 disciplinae

139 4775 250 4843 cffuqiet
269 4774 359 4827 dolrem
380 4774 453 4844 (Sap.
477 4789 495 4840 1,
522 4772 558 4842 5).
585 4771 637 4827 Ubi
656 4771 733 4826 enlm
752 4772 844 4843 dolus,
864 4775 985 4830 charitas

139 4863 219 4917 nulla
233 4864 284 4914 est.
302 4860 375 4914 Dicit
391 4859 504 4925 Paulus,
520 4861 679 4926 Coriformes
702 4859 765 4931 sieri
781 4877 828 4915 nos
852 4865 985 4930 imnpinis

150 4950 217 5004 Filii
231 4949 280 5002 Dei
294 4947 379 5017 (Ram.
391 4963 450 5013 vui,
465 4945 527 5016 29):
542 4945 610 4999 dicit
624 4947 774 5017 propheta,
790 4948 931 5015 Sipontum
946 4955 985 5006 est

139 5054 221 5109 snper
244 5052 291 5090 nas
318 5036 406 5090 lunreu
432 5034 521 5087 vatim
550 5037 598 5100 tui,
632 5037 741 5089 Domine
768 5035 850 5106 (Psal.
880 5054 916 5106 ιν,
945 5038 983 5108 7).

140 5126 268 5181 Ostendit
295 5124 399 5179 Paulus
423 5123 512 5175 Deum
537 5139 595 5176 esse
615 5121 753 5194 Spiritum
778 5130 918 5192 sanctum,
956 5132 984 5182 et

138 5216 203 5271 ideo
218 5231 275 5269 non
291 5230 352 5269 csse
371 5214 550 5289 creaturam:
567 5211 634 5265 dicit
654 5213 805 5283 propheta,
825 5216 860 5269 Et
874 5217 983 5271 miseris

138 5306 276 5374 Spiritum
292 5306 418 5360 sanctum
441 5300 473 5354 de
496 5300 640 5355 altissimis
656 5302 730 5370 (Sap.
752 5319 791 5369 xi,
821 5303 874 5371 Π).
902 5304 982 5359 Solus

161 5393 177 5466 ,¹
190 5394 232 5440 Er.
244 5393 308 5441 Van,
321 5392 382 5452 Lar,
394 5390 444 5438 sic:
456 5389 527 5438 Num
537 5387 727 5497 nequidquam
737 5392 892 5444 incircuitu
906 5395 981 5455 rotis,

138 5456 189 5504 uisi
204 5454 328 5516 splendor
341 5457 394 5516 ipse
406 5463 483 5516 quem
494 5452 577 5514 planat
625 5451 659 5499 Μ.

168 5516 205 5577 (α)
221 5516 284 5566 Vide
294 5517 406 5567 lletract.
423 5514 468 5563 lib.
480 5516 503 5575 l,
518 5526 575 5576 cap.
588 5515 611 5572 7,
623 5526 650 5561 n.
666 5515 689 5560 3.

544 235 592 290 DE
610 230 768 289 ldOBlBUS
787 225 968 285 ECCLESIAE
988 223 1210 290 CATllOLlCAE,
1232 221 1259 278 S.
1280 217 1476 278 AUGUSTINI

1843 218 1891 272 ran
1917 264 1920 291 ,

1037 348 1115 404 enim
1134 348 1209 403 Dens
1233 343 1395 408 altissimus,
1419 336 1581 414 quonihil
1606 335 1892 394 satrianensem
1922 400 1925 407 ,

1036 438 1140 492 Paulus
1152 435 1319 491 Trinitatem
1333 433 1416 487 istam
1428 446 1527 486 unum
1546 429 1655 483 Deum
1670 442 1747 490 esse,
1763 442 1825 481 cum
1835 427 1890 496 dicia

1037 527 1095 596 ipsi
1117 527 1206 592 pluria
1230 523 1313 594 (Dum.
1338 539 1376 586 11,
1398 521 1461 591 36):
1490 518 1614 575 dicitur
1640 517 1677 571 in
1704 516 1799 570 Veteri
1821 516 1891 571 Testa-

1038 619 1145 684 menta,
1164 612 1250 680 Audi,
1272 612 1366 678 lsrael,
1390 611 1528 665 Dominus
1556 610 1638 662 Deus
1667 610 1748 671 tuus,
1769 607 1832 659 Dera
1848 623 1893 660 aas

1038 707 1077 758 est
1092 705 1178 773 (Dent.
1192 719 1228 765 vr,
1245 700 1285 771 4).
1674 720 1677 724 ·

1039 808 1151 863 CAPUT
1173 808 1252 862 XVII.
1276 835 1310 846 -
1339 805 1517 874 Apostrophe
1543 803 1587 857 ad
1614 802 1802 868 Manichaei,
1825 806 1851 855 ut
1869 820 1894 856 rs

1394 893 1547 962 sipiscunt.

1074 986 1118 1039 30.
1130 981 1204 1047 Quid
1213 980 1299 1035 vultis
1311 980 1452 1052 amplius?
1469 979 1547 1051 quid
1567 977 1722 1050 imperite
1737 981 1821 1050 atque
1832 978 1894 1048 inpie

1039 1071 1161 1126 saevitis?
1175 1070 1246 1142 quid
1259 1070 1386 1125 indoctas
1401 1068 1517 1124 animas
1534 1068 1636 1123 noxia
1653 1067 1796 1123 suasione
1810 1084 1893 1137 persn-

1038 1161 1117 1216 titis‘?
1136 1160 1288 1231 Utriusque
1308 1158 1484 1214 Testamenti
1507 1158 1592 1212 Deus
1623 1173 1710 1211 unus
1732 1161 1785 1211 est.
1804 1156 1894 1210 Namnt

1039 1248 1093 1302 ista
1107 1247 1160 1303 sibi
1186 1251 1358 1318 congruunt,
1379 1263 1444 1319 qum
1464 1247 1502 1302 de
1519 1235 1664 1318 utroque
1696 1246 1855 1316 posuimu53
1870 1245 1894 1298 ia

1040 1337 1126 1391 etiam
1139 1341 1252 1400 cratera,
1266 1336 1289 1390 si
1303 1335 1456 1407 diligenter
1468 1340 1500 1390 et
1522 1352 1619 1407 mque
1639 1333 1760 1405 judicio
1775 1334 1857 1388 velitis
1867 1338 1894 1386 at·

1039 1426 1165 1481 tendere.
1182 1424 1235 1480 Sed
1251 1425 1319 1496 quia
1331 1425 1419 1477 multa
1430 1422 1578 1478 dicuntur
1590 1422 1794 1489 submissius,
1805 1429 1831 1476 et
1840 1424 1893 1476 han

1039 1513 1204 1584 repentibus
1219 1511 1323 1566 animis
1337 1511 1605 1576 accommodatius,
1625 1515 1664 1565 ut
1678 1527 1737 1583 per
1754 1511 1892 1565 humanata

1039 1598 1135 1654 diuina
1149 1602 1323 1668 consurgant
1333 1599 1342 1628 ¹
1354 1618 1361 1665 3
1373 1599 1463 1652 marlia
1478 1597 1574 1652 etiam
1594 1597 1737 1668 figurate
1753 1601 1785 1651 ut
1799 1597 1892 1650 studiosa

1040 1703 1131 1753 mem,
1147 1691 1174 1741 et
1189 1685 1313 1757 quaesitis
1332 1691 1497 1739 exerceatur
1519 1684 1645 1751 utilius,
1663 1688 1695 1738 et
1713 1683 1829 1737 uberius
1841 1685 1891 1737 lete

1039 1781 1088 1830 tur
1102 1775 1237 1842 inventis;
1255 1791 1304 1828 vos
1317 1774 1437 1828 mirifica
1452 1773 1666 1844 dispositione
1684 1772 1812 1843 Spiritus
1823 1771 1891 1830 sancti

1040 1863 1075 1918 ad
1088 1863 1271 1933 decipiendos
1289 1867 1397 1917 vestros
1416 1861 1567 1916 auditores
1593 1859 1846 1933 et=illaqueandos
1862 1860 1891 1912 ab

1041 1951 1167 2006 utimini.
1183 1952 1264 2015 Quod
1280 1951 1372 2022 ipsum
1382 1949 1541 2005 curdivina
1557 1949 1891 2021 providentiavosiaten

1041 2041 1125 2107 sinat,
1146 2056 1291 2113 quamque
1312 2039 1457 2094 verissime
1473 2039 1649 2108 Apostolus
1673 2038 1794 2104 dixerit,
1815 2038 1891 2104 april

1041 2130 1140 2184 multas
1161 2129 1271 2183 liareses
1291 2125 1376 2196 cssc’,
1396 2131 1427 2181 ut
1444 2128 1562 2197 probati
1587 2129 1750 2194 manifesti
1767 2130 1833 2197 fiant
1847 2129 1891 2180 inu

1040 2233 1086 2272 cos
1099 2218 1122 2288 (l
1137 2218 1197 2274 Cor.
1213 2233 1252 2283 xi,
1269 2215 1328 2286 19),
1345 2219 1372 2270 et
1383 2216 1504 2287 longum
1520 2218 1568 2270 est
1595 2215 1770 2288 disputare,
1788 2221 1824 2285 et,
1842 2215 1891 2285 quai

1041 2304 1195 2359 dicendum
1210 2311 1253 2360 est
1267 2304 1356 2370 vobis,
1373 2320 1432 2358 non
1447 2306 1491 2358 est
1507 2306 1652 2358 restrum
1669 2304 1731 2360 ista
1745 2304 1889 2375 intelligere.

1042 2392 1104 2446 Non
1119 2408 1222 2463 parum
1235 2392 1307 2446 mibi
1318 2390 1423 2462 cogniti
1437 2391 1516 2447 estis.
1532 2392 1665 2447 Crassus
1676 2393 1804 2447 omnino
1813 2395 1891 2446 meniu

1043 2483 1072 2534 et
1085 2496 1289 2551 corporeorum
1305 2479 1526 2533 simulacrorum
1540 2479 1700 2549 pestifero
1717 2487 1805 2552 pastu
1816 2479 1890 2534 maru

1045 2568 1095 2622 das
1109 2569 1145 2622 ad
1159 2567 1254 2622 diviua
1275 2567 1430 2638 judicanda
1453 2566 1591 2638 defertis,
1611 2586 1686 2641 quae
1703 2572 1800 2626 mallo
1819 2569 1891 2623 alicu

1043 2660 1110 2713 sunt
1125 2674 1211 2730 quam
1227 2657 1342 2728 putetis.

1080 2749 1122 2800 31.
1140 2746 1231 2810 Quare
1247 2745 1392 2800 vobiscum
1406 2745 1494 2799 modo
1507 2744 1549 2799 sie
1568 2747 1734 2818 agendum
1749 2753 1801 2814 est,
1816 2756 1891 2801 nanus

1044 2851 1076 2889 ea
1088 2834 1150 2906 jam
1164 2833 1339 2905 intelligatis,
1360 2835 1438 2905 quod
1457 2834 1521 2889 lieri
1539 2851 1610 2890 non
1630 2841 1750 2907 potest;
1768 2837 1814 2891 sed
1828 2835 1890 2890 utin

1043 2922 1171 2993 telligera
1186 2923 1338 2994 aliquando
1357 2922 1487 2993 cupiatis.
1514 2923 1602 2978 Facit
1618 2926 1707 2980 enim
1733 2927 1788 2980 hoc
1801 2925 1890 2996 simpla

1043 3016 1072 3066 et
1086 3028 1158 3083 pura
1173 3012 1295 3066 charitas
1312 3011 1371 3078 Dei,
1386 3028 1442 3083 qua
1461 3012 1596 3066 maxime
1614 3019 1775 3085 spectatur
1789 3016 1816 3070 in
1829 3012 1890 3068 mori·

1042 3100 1106 3166 bus,
1124 3101 1231 3171 deque
1248 3100 1337 3154 multa
1354 3101 1413 3171 jam
1428 3099 1579 3155 diximus:
1603 3119 1678 3174 qum
1701 3103 1837 3176 inspirata
1847 3101 1889 3172 Spi-

1042 3189 1100 3243 ritu
1114 3192 1209 3243 sanelo
1225 3188 1355 3260 perducit
1368 3189 1403 3243 ad
1420 3188 1534 3255 Filium,
1553 3189 1661 3258 idest,
1682 3192 1724 3246 ad
1739 3192 1889 3264 Sapientiae

1043 3278 1104 3343 Dei,
1127 3296 1179 3349 per
1202 3295 1288 3350 quam
1311 3281 1393 3334 Pater
1414 3279 1474 3350 ipse
1500 3281 1715 3350 cognescitur.
1742 3285 1812 3339 Nam
1826 3283 1844 3337 si
1861 3297 1889 3332 sa·

1042 3367 1150 3438 pientia
1167 3368 1312 3421 alacritas
1327 3383 1385 3421 non
1399 3366 1465 3422 totis
1477 3367 1574 3422 animi
1593 3370 1718 3426 viribus
1740 3370 1891 3443 concupisca-

1042 3463 1099 3525 tur,
1116 3457 1331 3512 invenirinullo
1351 3462 1434 3528 paeto
1449 3461 1553 3528 potest
1584 3461 1625 3514 At
1641 3462 1670 3515 si
1695 3462 1741 3518 ita
1764 3467 1890 3536 quaram,
1934 3462 1936 3484 ¹

1042 3551 1075 3601 ut
1089 3547 1210 3618 dignum
1232 3551 1284 3609 est,
1307 3545 1472 3601 subtrahere
1489 3562 1554 3600 sese
1582 3553 1681 3620 atque
1706 3552 1891 3607 abscondens

1042 3634 1101 3689 suis
1115 3635 1299 3689 dilectoribus
1316 3651 1375 3689 non
1393 3638 1494 3707 potest.
1516 3635 1596 3690 Hine
1619 3643 1669 3693 est
1687 3639 1776 3708 illud,
1793 3639 1891 3713 quadin

1042 3740 1092 3778 ere
1105 3723 1211 3778 habere
1227 3723 1313 3777 eliam
1333 3739 1381 3778 vos
1400 3721 1507 3785 soletis,
1526 3724 1614 3794 quod
1632 3726 1681 3783 ait
1695 3746 1704 3784 ι
1719 3732 1817 3798 Petite,
1830 3733 1850 3783 rt
1861 3743 1890 3779 u·

1042 3812 1164 3880 cipietis;
1194 3813 1315 3879 querite,
1339 3814 1364 3865 et
1385 3812 1545 3877 inuenietis;
1572 3815 1709 3887 pulsate,
1733 3824 1760 3872 et
1784 3820 1892 3888 aperiam

1041 3900 1114 3953 uobis
1132 3899 1239 3970 (liniti.
1256 3916 1303 3964 vu,
1327 3899 1366 3970 7).
1382 3900 1428 3956 Nil
1441 3903 1480 3954 est
1500 3903 1659 3970 occultum,
1687 3908 1768 3975 quod
1782 3924 1831 3963 nan
1842 3919 1891 3960 retr

1042 3987 1144 4041 labitur
1166 3988 1221 4058 (ld.
1234 4004 1262 4054 x,
1278 3987 1333 4057 26).
1357 3989 1461 4042 Amore
1482 3989 1615 4062 petitur,
1637 4009 1751 4051 amore
1773 3996 1892 4068 quaritur,

1041 4093 1139 4132 amore
1159 4080 1299 4151 pulsatur,
1321 4095 1417 4133 amore
1438 4078 1598 4150 revelatur,
1621 4099 1735 4141 amore
1752 4082 1893 4158 deniqnein
1933 4126 1936 4147 ,

1041 4183 1075 4222 eo
1089 4167 1166 4238 quod
1180 4166 1336 4222 revelatum
1350 4167 1437 4223 inerit
1457 4175 1672 4238 permanetur.
1690 4176 1739 4232 Ab
1754 4177 1808 4232 hoc
1823 4187 1893 4229 amau

1041 4255 1187 4326 sapientiae
1210 4255 1415 4327 diligentiaque
1440 4257 1609 4327 quarendi,
1639 4277 1709 4318 non
1739 4265 1894 4319 deterremur

1041 4343 1136 4398 Veteri
1148 4344 1338 4414 Testamenta,
1358 4343 1435 4416 quod
1454 4360 1574 4414 semper
1597 4352 1834 4408 mendacissime
1846 4349 1894 4406 dici·
1926 4366 1936 4435 .·¹

1040 4427 1087 4497 tis,
1100 4428 1149 4483 sed
1165 4429 1275 4483 adhaec
1290 4428 1541 4484 vehementissime
1556 4436 1774 4496 concitamur.

1077 4515 1239 4571 inuadite
1258 4517 1353 4589 itaque
1376 4517 1542 4589 aliquanda,
1568 4526 1601 4576 et
1621 4524 1788 4593 advertite,
1812 4541 1892 4600 quasa

1041 4602 1102 4658 sine
1120 4604 1277 4675 pertinacia
1297 4605 1366 4676 qnid
1387 4621 1438 4677 per
1460 4606 1646 4677 prophetam
1676 4614 1815 4673 dicatur:
1836 4616 1893 4672 itan

1040 4696 1089 4755 est,
1110 4692 1213 4763 inquit,
1232 4697 1256 4748 et
1276 4709 1335 4762 quae
1355 4709 1495 4764 nunquam
1519 4709 1687 4758 marcescat
1714 4706 1892 4777 sapientiai

1038 4781 1121 4847 facite
1138 4781 1247 4835 uidetur
1260 4781 1295 4837 ab
1310 4784 1345 4836 iis
1364 4784 1413 4852 qui
1426 4782 1549 4850 diliaunt
1565 4787 1665 4859 itiam,
1684 4799 1713 4848 et
1734 4788 1891 4849 incerniari

1039 4869 1074 4923 iis
1090 4871 1138 4940 qui
1152 4874 1275 4938 quaerunt
1294 4870 1370 4925 ittam
1381 4890 1389 4925 :
1400 4878 1579 4941 praeoccupat
1595 4880 1650 4945 qui
1667 4896 1700 4936 se
1714 4880 1890 4954 cenapum
1917 4872 1923 4949 ,i

1039 4959 1069 5009 ut
1083 4956 1139 5010 titis
1154 4970 1181 5010 se
1198 4957 1330 5012 ostendat.
1353 4960 1405 5026 Qui
1420 4959 1583 5025 eminuerit
1599 4965 1641 5019 ad
1657 4969 1756 5039 illam,
1772 4987 1824 5026 nan
1840 4967 1891 5023 late
1917 4960 1920 4993 ¹

1038 5044 1129 5099 rabit:
1147 5045 1308 5100 assidentem
1322 5048 1392 5101 enim
1408 5047 1485 5101 iilam
1500 5049 1629 5107 inueniet
1650 5057 1771 5122 foribus
1786 5061 1846 5115 suis.
1860 5055 1891 5110 ie
1921 5054 1927 5091 ·'

1071 5152 1080 5184 ¹
1093 5150 1134 5199 Sic
1149 5151 1220 5205 lise„
1231 5153 1441 5262 praestantiores.
1456 5152 1488 5202 ut
1500 5153 1571 5203 Edd.
1586 5156 1716 5212 habent:
1731 5159 1891 5215 submutui
1918 5142 1925 5213 ss

1039 5208 1117 5282 numi
1127 5215 1229 5275 repenti

1039 5273 1132 5324 diuina
1145 5278 1316 5338 consurgant.

1070 5336 1176 5385 aconas
1186 5337 1818 5410 VaticanusetCisterciensiaomittnnt,multus
1833 5357 1893 5411 qam

1038 5411 1129 5446 rocem
1140 5398 1239 5448 babent
1250 5399 1294 5447 alii
1305 5400 1422 5462 plerique
1430 5404 1486 5449 tam
1499 5403 1597 5465 scripti
1610 5409 1674 5458 tum
1688 5415 1784 5462 excusi
1792 5387 1893 5475 dimum

1040 5460 1674 5525 observavimusrepeririapudMssiueademtt
1714 5453 1894 5524 seolis’antenna

1039 5522 1120 5572 relata
1130 5522 1197 5572 libro
1211 5523 1296 5586 primo
1310 5523 1342 5572 de
1358 5524 1451 5575 Genea
1464 5529 1560 5577 conus
1571 5529 1670 5583 blanie
1693 5549 1762 5595 aeos,
1777 5550 1832 5599 cap.
1842 5539 1860 5583 t.

1246 5216 1395 5274 unanimis,
1406 5219 1436 5264 ut
1444 5220 1891 5289 accommodatiusperuuuaue
1920 5262 1925 5291 ,
