3884 6112
98 258 152 313 899
693 246 982 316 SOleOQlllOllUll
1001 247 1028 304 S.
1050 246 1243 305 aucusrtrtt
1815 250 1865 306 ιω

99 376 190 448 possit
201 392 236 431 ea
250 391 294 430 res
308 389 373 447 quse
395 372 514 429 omnino
541 389 599 428 nou
621 373 666 428 sit.
688 374 726 427 R.
749 375 834 428 Recte
859 371 948 439 dicis;
1003 370 1138 438 restibus,
1155 371 1178 425 si
1192 370 1270 426 aliud
1286 368 1406 440 nonsit,
1422 369 1546 428 amiciri.
1561 370 1622 426 Sed
1636 369 1758 441 dehoc,
1772 373 1811 444 ut
1825 370 1866 426 di·

100 465 148 521 sed
161 481 220 519 non
234 463 358 519 attendis
371 479 435 518 eam
448 478 509 517 rem
526 478 590 534 que
615 460 734 516 omnino
751 461 830 516 nulla
847 459 895 526 sit,
912 476 948 514 nc
1003 463 1080 514 ctum
1096 463 1147 525 est,
1158 459 1228 514 alias
1243 458 1413 515 videbimus.
1425 459 1556 516 Proiecto
1566 459 1650 515 enim
1660 459 1763 516 cernis
1778 474 1867 532 qnon-

98 552 203 608 lalsum
218 551 336 622 quidem
350 566 433 620 posse
449 549 514 605 dici.
530 548 559 604 Si
569 549 646 604 enim
662 548 765 603 laisum
781 552 832 615 εει,
848 553 891 603 εει
904 565 910 602 :
925 547 949 602 si
1003 550 1040 602 tes
1054 546 1249 618 inquisitionis
1263 546 1400 618 indigeat,
1423 553 1567 618 quatenns
1585 547 1643 602 ista
1657 547 1805 619 progmdi
1822 547 1867 602 tle·

97 657 155 697 non
171 644 223 709 est,
238 656 297 695 non
311 644 353 694 εει
367 639 471 694 falsum
484 635 504 691 ¹.
520 640 559 694 A.
575 639 637 692 Non
654 653 723 709 ergo
738 637 865 692 dicemus
877 636 947 690 itlml
1006 635 1100 702 beant,
1114 651 1151 690 ne
1166 634 1197 689 in
1210 634 1350 707 quasdem
1359 634 1567 692 inexcusabiles
1575 635 1784 708 turpitudines
1799 634 1869 691 deci·

100 730 135 785 de
150 729 255 796 bledea,
271 729 367 783 nescio
382 728 458 799 quod
485 730 657 794 monstrum,
681 727 785 781 falsum
809 741 870 781 csse
882 727 896 776 ‘t
910 728 947 780 lt.
1003 724 1097 779 datrrr.
1114 725 1193 779 Nunc
1209 727 1305 778 antem
1317 723 1392 795 quod
1406 723 1542 795 praesenti
1556 723 1725 796 questioni
1738 723 1810 779 satia
1817 728 1867 790 εει,

99 818 160 873 Νοε
176 817 293 889 utique;
311 832 378 871 nam
393 815 537 878 sitalsum
552 819 605 882 εει,
622 815 767 886 quomodo
789 818 949 871 monstrum
1000 812 1061 884 jam
1076 816 1145 884 puto
1160 827 1308 883 apparere,
1323 827 1417 884 neque
1433 812 1560 868 dubitari
1589 828 1653 868 non
1669 828 1737 868 essa
1765 812 1866 869 talm

99 905 179 963 est¹t
188 910 226 962 A.
241 905 340 961 iliram
356 920 417 960 rem
432 904 532 960 rideo:
549 903 626 959 itane
640 903 755 960 tandem
770 920 836 959 cum
850 903 947 970 audio,
1002 900 1162 972 quidquam
1176 900 1233 955 nisi
1247 900 1308 956 vari
1321 899 1417 972 aliqua
1430 900 1606 958 imitatione.

191 995 297 1059 Angues
309 993 431 1056 ingentes
448 993 522 1043 alites
535 993 642 1056 junctos
651 991 727 1056 jugo.
1003 990 1116 1044 CAPUT
1130 989 1211 1044 llllll.
1234 1018 1269 1029 -
1283 990 1355 1045 Num
1375 989 1484 1058 aliquid
1501 1004 1537 1044 ιω
1551 991 1629 1046 omui
1647 992 1740 1061 parte
1762 990 1863 1059 sulm

381 1074 474 1144 (Poeta
492 1073 567 1143 opud
577 1075 643 1139 Cic,
657 1073 690 1126 de
704 1074 807 1128 loomt.
820 1089 841 1143 1,
858 1072 912 1142 te.)
1321 1079 1358 1132 sit
1370 1082 1418 1132 out
1428 1092 1530 1133 oerum.

98 1180 158 1220 non
174 1164 237 1220 dico
252 1162 383 1219 falsum?
397 1164 434 1217 R.
453 1161 527 1216 Dicis
541 1162 627 1233 plane
643 1178 650 1216 :
668 1166 710 1216 est
723 1161 800 1216 enim
812 1161 889 1232 quod
899 1161 949 1215 lal·
1038 1167 1080 1221 st.
1095 1169 1134 1221 A.
1156 1164 1337 1221 Proficiscere
1349 1165 1384 1220 ad
1399 1166 1523 1238 reliqua3
1542 1166 1690 1222 namhoc
1706 1166 1781 1222 mibi
1795 1167 1862 1223 bene

97 1269 161 1309 sum
178 1270 238 1308 esse
252 1252 338 1307 dices.
360 1253 398 1306 A.
428 1250 512 1315 Ouid,
539 1251 661 1322 εεεεεει
684 1250 720 1305 u.
745 1250 827 1304 lllam
841 1249 949 1305 scilicet
1002 1269 1171 1326 persuasum
1189 1258 1240 1309 εει.
1256 1257 1289 1311 ll.
1306 1255 1380 1325 Ergo
1403 1254 1474 1310 illud
1500 1270 1610 1327 quaero,
1638 1258 1748 1311 utrum
1762 1260 1861 1328 proter

96 1341 267 1397 sententiam
287 1356 352 1411 quae
367 1339 429 1411 ipso
450 1355 533 1394 versu
549 1339 727 1394 enuntiatur.
756 1342 796 1393 A.
813 1339 947 1409 litquam
1002 1342 1167 1413 disciplinas
1181 1341 1286 1414 quibus
1309 1341 1467 1409 erudimur,
1483 1346 1512 1398 ει
1525 1342 1635 1415 quibus
1652 1343 1747 1398 etiam
1771 1345 1858 1415 ipsun

98 1430 214 1485 tandem
229 1429 317 1484 habet
330 1427 671 1482 istaimitationemverii
683 1427 800 1490 R.0uia
815 1426 948 1480 similiter
1001 1430 1130 1485 studium
1144 1431 1291 1503 sapientie
1310 1431 1495 1486 annumerari
1505 1430 1597 1499 decet,
1612 1432 1767 1503 possimus
1780 1433 1857 1505 quid·

98 1517 305 1585 enuntiaretur,
321 1515 433 1570 etiamsi
449 1530 515 1569 vere
530 1515 600 1569 illud
620 1515 717 1569 ldedea
742 1513 860 1568 lecisset.
878 1513 946 1568 lmi-
1002 1534 1089 1589 quam
1103 1518 1144 1573 ita
1158 1534 1258 1574 verum
1273 1519 1413 1586 invenire,
1428 1520 1506 1592 quod
1525 1536 1587 1576 non
1600 1520 1683 1575 sicut
1707 1521 1857 1576 theatricos

97 1608 175 1660 tatur
193 1620 261 1675 ergo
289 1604 351 1675 ipsa
373 1603 569 1658 enuntiatione
591 1618 672 1657 veras
696 1601 851 1657 sententies
878 1601 947 1655 falsa
1000 1607 1123 1662 Achilles
1137 1623 1170 1663 ex
1185 1607 1282 1679 eliqua
1296 1611 1376 1679 perte
1391 1608 1496 1664 falsum
1510 1608 1556 1676 sit,
1573 1614 1607 1664 ut
1632 1624 1671 1664 ex
1687 1609 1748 1664 elis
1761 1624 1856 1666 remu

98 1694 250 1748 sententia.
266 1693 334 1758 Quae
349 1691 372 1745 si
385 1707 443 1746 non
453 1691 588 1758 creditur,
604 1706 638 1745 eo
650 1691 710 1745 solo
722 1689 850 1744 imitatur
866 1705 946 1745 veras
1001 1711 1061 1751 esse
1071 1696 1180 1766 possit?
1190 1698 1227 1752 Α,
1238 1695 1546 1752 Ιίιιίεὶᾱεῃιιιεωειιε
1555 1697 1699 1753 inveniri.
1711 1698 1854 1754 Nonsnim

99 1781 177 1853 quod
191 1781 230 1836 ita
243 1780 356 1846 dicitur,
373 1785 473 1850 estque
484 1783 598 1834 tantum
617 1778 698 1845 falsa,
712 1793 771 1832 non
787 1777 874 1832 etiam
892 1778 947 1832 lal-
1000 1784 1159 1855 diseiplinae
1174 1784 1260 1840 istum
1272 1785 1380 1841 hebent
1391 1785 1528 1857 lapidem,
1542 1801 1596 1842 nee
1605 1790 1723 1853 temen,
1732 1790 1767 1843 ut
1779 1803 1854 1843 verus

98 1871 169 1925 lens.
186 1869 215 1924 Si
226 1872 323 1924 nutem
332 1867 418 1923 iidem
428 1868 571 1938 impetrat,
586 1867 716 1922 imitatur
726 1866 812 1921 etiam
825 1865 946 1921 creditas
1001 1873 1037 1928 eit
1052 1872 1136 1944 lepis,
1151 1873 1281 1930 imitetur
1289 1874 1399 1946 aliquid
1413 1874 1571 1930 meandum
1587 1874 1670 1948 quod
1681 1875 1774 1931 falsus
1789 1876 1854 1932 dica-

96 1972 186 2012 veras.
201 1960 240 2011 A.
258 1958 320 2011 tem
344 1956 472 2026 intelligo
488 1956 612 2009 multum
639 1955 775 2010 interesse
801 1953 876 2008 inter
897 1953 946 2008 illa
1001 1965 1057 2015 tur.
1074 1962 1135 2026 Quo
1149 1978 1206 2016 uno
1219 1969 1453 2031 commemorato,
1469 1963 1549 2019 vides
1560 1964 1625 2034 jam
1634 1963 1852 2020 innumerabili·

95 2060 161 2115 qnae
176 2043 308 2110 dicimus,
324 2042 408 2097 etilla
421 2042 571 2113 dequibus
583 2041 704 2097 dicimus
715 2040 821 2113 aliquid
833 2058 839 2108 ;
857 2056 945 2112 quere
1000 2047 1053 2102 hus
1067 2049 1309 2120 supersedendum
1320 2066 1392 2117 esse,
1408 2066 1474 2122 quae
1488 2056 1590 2122 sponte
1605 2056 1768 2107 occurrant
1781 2052 1851 2124 eegi.

92 2133 155 2202 iam
178 2131 334 2186 ⁸⁵⁵⁰1¹li0l²
357 2146 426 2185 flam
448 2131 504 2184 ¹¹⁰⁰
526 2132 588 2185 ⁸⁰¹⁰
611 2129 774 2196 10V⁰0⁸ll⁰ls
805 2128 946 2201 quidquid
999 2135 1136 2192 tentibus.
1159 2140 1193 2194 lt.
1213 2137 1299 2193 Video
1319 2153 1447 2210 prorsus.
1462 2139 1518 2194 Sed
1533 2155 1634 2195 nonne
1649 2139 1707 2195 tibi
1725 2141 1851 2197 ridentur

95 2221 199 2276 talsum
215 2220 336 2275 dicimus
351 2235 411 2274 non
424 2218 578 2282 maledici,
595 2218 651 2272 nisi
665 2218 769 2273 babeat
782 2218 842 2273 veri
857 2218 944 2272 alicu·
999 2240 1058 2279 suo
1071 2225 1198 2296 eorporis
1212 2225 1332 2281 nomine
1352 2226 1483 2282 includi?
1503 2228 1540 2283 Α,
1560 2226 1753 2291 inserentur,
1773 2229 1852 2285 ,ime

50 2305 53 2309 ’
91 2309 139 2380 ins
153 2306 520 2372 imitationem.0uisenim
535 2306 661 2377 lapidem
675 2305 778 2361 falsum
794 2307 944 2376 argentum
999 2312 1084 2368 inane
1099 2313 1171 2369 nihil
1186 2318 1371 2370 essesertum
1384 2313 1531 2384 haberem,
1546 2320 1596 2371 eut
1610 2316 1714 2389 ipsum
1730 2317 1852 2373 animm

95 2414 157 2452 esse
172 2397 269 2453 dicens
288 2412 345 2451 non
368 2396 434 2466 juro
456 2395 717 2450 rideaturllamen
740 2394 764 2448 si
788 2393 943 2465 quisquam
974 2434 977 2441 ·
999 2401 1593 2474 intercorporanumerandumarbitrarer,
1606 2404 1760 2462 autetiam
1771 2407 1852 2462 Deum

95 2486 219 2557 lapidem
239 2489 391 2557 argentum
414 2500 474 2539 esse
497 2483 583 2550 dicat,
608 2482 730 2537 dicimus
758 2482 863 2537 falsum
877 2497 944 2536 eum
999 2506 1102 2562 corpus
1114 2491 1232 2564 aliquod
1247 2507 1308 2547 esse
1321 2492 1476 2548 crederem.
1492 2492 1561 2558 Quae
1573 2493 1676 2549 omnia
1690 2495 1718 2550 si
1734 2500 1810 2566 sunt,
1821 2496 1852 2550 ad

94 2573 197 2641 dicere,
213 2574 243 2630 id
266 2578 309 2629 est
329 2573 430 2628 falsam
453 2573 580 2644 prolerre
595 2571 775 2626 sententiam.
801 2571 942 2626 suanum
999 2579 1107 2635 nultius
1120 2578 1313 2635 imitationem
1325 2581 1396 2636 tersa
1406 2586 1434 2637 er
1449 2597 1515 2636 vera
1524 2598 1586 2637 esse
1598 2582 1700 2640 video.
1714 2586 1748 2641 u.
1760 2586 1793 2641 ιε
1801 2584 1853 2640 loe

95 2668 189 2718 autem
206 2664 248 2718 rel
263 2662 414 2734 plumbum
427 2678 486 2717 non
502 2661 634 2727 absurde,
657 2664 690 2715 ut
708 2659 823 2731 opinor,
839 2659 944 2714 falsum
999 2684 1130 2738 gumnes
1141 2668 1242 2739 mittis,
1253 2670 1302 2724 sed
1312 2674 1377 2725 uter
1387 2675 1525 2743 quantum
1535 2686 1657 2742 possum
1665 2671 1849 2742 compendio.

93 2757 245 2823 argentum
261 2767 405 2819 vocamus,
422 2749 545 2823 quodid
560 2765 604 2804 res
621 2749 683 2820 ipsa
700 2750 778 2803 velut
797 2748 942 2803 imitatur:
998 2756 1080 2812 certe
1095 2757 1173 2812 enim
1189 2757 1266 2813 eliud
1282 2757 1411 2830 estquod
1424 2759 1511 2814 inane
1524 2760 1667 2830 appellas,
1683 2760 1768 2817 aliud
1782 2760 1851 2833 quod

95 2857 188 2912 neque
199 2857 231 2896 ex
247 2857 281 2897 eo
295 2841 367 2895 laisa
376 2845 419 2896 est
432 2844 531 2896 nostra
541 2839 692 2906 sententia,
703 2838 753 2892 sed
762 2836 833 2893 illud
849 2836 943 2909 ipsum
997 2844 1158 2900 εεείιειειε.
1172 2848 1215 2901 A.
1234 2846 1330 2918 longe
1345 2846 1433 2903 alind.
1447 2846 1521 2912 Quid
1536 2846 1617 2902 eninr
1631 2864 1680 2903 me
1694 2849 1850 2918 inanius,si

93 2930 128 2985 de
142 2945 200 3002 quo
216 2929 388 2984 enuntiatur.
997 2932 1146 2988 veritatem
1167 2933 1253 2988 inane
1278 2934 1385 3006 aliquid
1401 2939 1482 3006 puto,
1503 2938 1553 2989 ant
1571 2939 1732 3008 tantopere
1748 2936 1849 3009 aliquid

128 3019 241 3074 CAPUT
256 3019 324 3074 lllll.
341 3049 375 3058 -
389 3019 435 3072 Ao
448 3018 559 3072 meliora
573 3016 736 3072 deteriorum
754 3016 907 3072 nominibus
998 3020 1084 3076 inane
1099 3024 1225 3093 appeto?
1238 3021 1313 3087 Quid
1323 3021 1401 3077 enim
1415 3021 1492 3078 aliud
1507 3038 1594 3094 quam
1608 3025 1769 3081 vamtatem
1782 3027 1849 3081 inre

407 3117 501 3170 vocari
510 3117 625 3184 possint.
998 3111 1060 3166 nire
1074 3111 1224 3167 desidero?
1239 3114 1272 3167 lt.
1290 3113 1363 3183 Ergo
1377 3115 1407 3167 et
1426 3110 1497 3167 illud
1512 3112 1635 3168 fortasse
1650 3115 1798 3183 εεεεεειε,
1811 3114 1849 3170 ni·

127 3205 171 3259 30.
188 3204 225 3258 R.
241 3203 316 3257 Bene
328 3201 475 3273 intelligis.
492 3203 547 3257 Sed
561 3203 631 3257 illud
642 3201 716 3271 vide,
740 3206 836 3257 nlmm
853 3207 881 3257 et
899 3218 942 3256 ar·
998 3199 1039 3256 hil
1054 3216 1155 3256 rerum
1169 3216 1230 3255 esse
1244 3200 1321 3272 qnod
1336 3216 1396 3255 non
1418 3201 1536 3256 veritate
1552 3201 1605 3257 liat
1630 3207 1664 3258 ει
1691 3220 1796 3260 rernm
1808 3204 1846 3260 sit.

93 3295 211 3362 gentum
227 3290 291 3345 salsi
315 3290 425 3362 plumbi
446 3289 564 3344 nomine
585 3294 774 3361 congruenter
799 3290 943 3361 appellere
999 3292 1035 3344 A.
1048 3291 1111 3345 Jam
1126 3291 1182 3345 hoc
1195 3289 1265 3346 olim
1279 3289 1463 3346 manifestum
1478 3295 1529 3346 est.
1545 3293 1576 3346 lt.
1592 3291 1672 3347 Num
1688 3293 1805 3349 dubitas
1813 3293 1849 3347 nl·

91 3379 243 3452 possimus.
264 3382 291 3434 A
297 3422 302 3433 .
319 3380 380 3434 Non
399 3378 470 3433 milri
488 3378 588 3450 placet.
606 3380 646 3433 R.
663 3378 735 3443 Quid
750 3378 789 3433 ita
802 3380 817 3432 t
828 3381 869 3433 A.
888 3380 942 3433 Ne·
998 3377 1039 3434 hil
1054 3395 1114 3434 esse
1124 3379 1210 3434 inane
1224 3382 1330 3451 praeter
1343 3377 1440 3449 ipsum
1454 3377 1550 3448 inane,
1565 3384 1617 3435 ant
1630 3385 1713 3436 certe
1738 3379 1848 3454 corpus?

92 3468 169 3537 scio;
185 3468 242 3524 nisi
254 3467 327 3523 illud
339 3467 432 3535 video,
447 3468 633 3523 vehementer
647 3471 746 3522 contra
766 3469 941 3522 voluntatem
999 3471 1037 3523 A.
1052 3470 1170 3523 Prorsus
1182 3483 1241 3522 nou
1264 3467 1373 3523 dubito.
1402 3468 1434 3523 lt.
1460 3466 1570 3539 Opinor
1595 3484 1681 3540 ergo,
1706 3471 1846 3525 veritatem

91 3573 185 3612 meam
201 3556 266 3613 dici.
282 3558 320 3613 R.
336 3558 411 3612 Num
425 3557 498 3612 torte
524 3561 675 3628 propterea
696 3556 774 3627 quod
790 3559 943 3626 argentum
997 3572 1101 3628 corpus
1116 3573 1176 3612 esse
1195 3556 1312 3629 aliquod
1335 3555 1435 3611 credis.
1452 3557 1489 3611 A.
1504 3557 1589 3611 Nullo
1612 3558 1717 3614 modo.
1735 3562 1769 3616 lt.
1784 3557 1846 3624 outo

90 3645 195 3702 melius
209 3650 261 3712 εει,
292 3649 320 3700 ει
342 3645 424 3717 quasi
446 3646 476 3699 in
502 3643 707 3701 contumeliam
732 3644 792 3714 ejus
816 3643 940 3711 dicitur;
998 3644 1028 3699 in
1042 3645 1184 3716 corporet
1198 3646 1237 3698 A.
1253 3644 1369 3714 Nescio;
1385 3643 1458 3699 nibil
1472 3644 1509 3698 ad
1527 3659 1608 3700 rem:
1624 3645 1760 3703 arbitror
1780 3646 1845 3702 enin

90 3735 203 3806 plumbi
218 3739 314 3789 autem
325 3734 442 3806 quidam
461 3733 540 3789 velut
553 3735 646 3788 honor
660 3736 710 3799 εει,
729 3731 752 3786 si
766 3733 878 3802 [falsum
893 3749 942 3787 ar·
997 3734 1040 3789 rel
1056 3734 1128 3789 illud
1140 3738 1167 3788 te
1183 3732 1264 3799 scire,
1273 3732 1298 3788 si
1312 3737 1354 3788 εει
1361 3733 1456 3801 inane,
1468 3733 1561 3804 magis
1569 3733 1645 3790 illud
1655 3751 1722 3791 ease
1734 3735 1846 3792 ubinul·

92 3829 210 3895 gentum
226 3822 409 3878 rocetur‘lA.
427 3824 547 3877 Prorsus
557 3821 786 3892 explicastiquod
799 3821 939 3879 volebam.
997 3822 1058 3877 lum
1073 3822 1109 3877 sit
1123 3838 1235 3893 corpus.
1251 3824 1284 3879 lt.
1298 3823 1356 3877 lloc
1370 3837 1438 3877 sane
1452 3823 1572 3892 planum
1586 3827 1642 3880 est.
1661 3827 1704 3880 A.
1722 3823 1844 3895 Quidigt

92 3914 126 3967 lit
139 3913 205 3968 ideo
215 3911 300 3966 credo
315 3910 507 3981 jureinlamee
519 3908 751 3979 intestabilesque
765 3907 875 3977 haberi,
891 3910 941 3980 qni
997 3911 1044 3962 tur
1057 3906 1266 3963 immoramur?
1278 3910 1314 3964 lt.
1327 3911 1371 3963 lln
1384 3908 1437 3963 tibi
1446 3912 1496 3963 ant
1502 3907 1609 3963 veritas
1623 3909 1746 3967 videtur
1758 3911 1846 3967 iecisse

91 3999 227 4056 muliebri
240 3999 340 4054 babitu
356 4014 385 4053 se
400 4000 554 4064 ostentant,
571 4013 643 4068 qnos
656 3996 751 4051 nescio
765 4000 864 4052 utrum
883 3997 940 4052 lal·
996 3996 1093 4063 inane,
1108 4001 1157 4052 εει
1173 3996 1281 4068 aliquid
1294 4012 1395 4052 verum
1409 4012 1470 4051 ease
1481 3996 1531 4052 ubi
1545 3997 1654 4053 veritas
1668 4011 1734 4054 non
1744 3999 1799 4054 siti
1808 3999 1842 4052 A.

91 4105 136 4145 sas
150 4089 297 4154 mulieres,
313 4103 349 4142 an
364 4087 448 4143 falsos
462 4087 537 4142 viros
551 4086 653 4142 melius
666 4102 775 4141 rocem.
793 4087 879 4141 Veros
897 4090 940 4142 ta·
997 4085 1060 4140 Non
1074 4085 1197 4141 videtur.
1212 4088 1245 4141 lt.
1262 4085 1326 4141 Non
1345 4089 1387 4141 cst
1401 4101 1469 4158 ergo
1484 4085 1571 4140 inane
1584 4101 1706 4158 verum,
1722 4087 1793 4159 qnia
1806 4100 1846 4140 ne

91 4193 158 4232 men
180 4176 343 4246 histriones,
366 4191 505 4247 verosque
528 4174 649 4231 infames
672 4175 734 4230 sine
761 4175 941 4231 dubitatione
996 4189 1052 4246 que
1067 4173 1150 4229 abeo
1164 4175 1240 4246 quod
1256 4173 1341 4230 inane
1356 4190 1416 4231 non
1441 4176 1493 4242 εει,
1508 4173 1594 4230 inane
1610 4174 1678 4231 lieri
1703 4176 1846 4248 potesttct

89 4281 243 4339 possumus
258 4280 378 4330 vocare;
395 4268 454 4328 aut,
470 4264 494 4318 si
505 4265 592 4320 latent
601 4264 766 4320 necinlame
782 4265 940 4337 quidquam
996 4262 1074 4335 quod
1088 4263 1207 4317 veritate
1218 4266 1306 4330 earet,
1323 4279 1423 4318 verum
1440 4279 1498 4318 non
1513 4278 1575 4318 esse
1589 4262 1784 4320 manifestum
1797 4267 1846 4328 est;

90 4355 145 4409 nisi
157 4371 172 4409 ε
189 4353 268 4426 turpi
284 4355 359 4409 lama
373 4353 549 4420 nominatur,
572 4369 653 4409 veros
666 4370 789 4425 nequam
807 4370 864 4409 non
879 4355 940 4411 sine
996 4355 1024 4407 et
1039 4351 1158 4407 omnino
1167 4352 1263 4424 ipsum
1273 4352 1351 4423 quod
1360 4351 1447 4407 inane
1456 4352 1571 4419 dicitur,
1587 4368 1625 4408 ex
1640 4369 1676 4409 co
1688 4354 1771 4427 quod
1784 4351 1847 4409 nssril

90 4443 209 4498 veritate
224 4443 355 4508 dicimus,
373 4446 404 4497 ul
418 4440 528 4513 opinor.
546 4443 582 4496 R.
598 4442 678 4496 Alius
695 4442 773 4497 locns
787 4442 870 4498 nobis
886 4445 942 4500 erit
996 4440 1033 4495 sit
1044 4439 1162 4496 dicitur.
1182 4440 1332 4505 Quomodo
1346 4440 1435 4512 igitur
1448 4445 1543 4513 potest
1563 4456 1668 4496 rernm
1693 4459 1758 4498 csse
1778 4440 1846 4514 quod

90 4530 126 4585 da
140 4529 202 4584 istis
217 4531 301 4585 rebus
315 4530 588 4586 disserenditmulta
597 4530 675 4584 enim
690 4530 773 4597 liunt,
788 4531 940 4604 quaequnsi
996 4544 1053 4582 non
1069 4530 1133 4584 est‘l
1148 4533 1198 4583 aut
1211 4529 1355 4600 quomodo
1368 4533 1463 4600 potest
1476 4544 1537 4584 esse
1551 4530 1631 4601 qnod
1646 4532 1768 4601 penitus
1782 4528 1847 4586 nihil

90 4617 162 4672 laeie
175 4618 308 4689 populari
322 4619 417 4690 turpia
432 4619 576 4687 videntur,
591 4618 687 4690 aliquo
703 4624 799 4674 tamen
814 4620 939 4677 lineleu-
995 4617 1057 4672 est?
1071 4619 1107 4672 A.
1128 4619 1187 4688 Age
1206 4632 1291 4685 nunc,
1307 4617 1393 4672 inane
1407 4621 1546 4688 tanquam
1558 4618 1646 4673 inane
1666 4619 1845 4676 deseramus.

90 4705 178 4761 debili
205 4706 325 4761 honesta
339 4712 542 4764 monstrantur.
560 4708 595 4763 lit
618 4722 722 4779 magna
745 4707 867 4778 questio
899 4709 941 4762 εει
1138 4704 1252 4761 CAPUT
1264 4706 1357 4761 lllllll.
1372 4735 1405 4750 -
1415 4708 1462 4762 Ao
1475 4707 1582 4760 veresit
1596 4721 1710 4777 corpus.

89 4798 185 4850 utrum
194 4794 293 4865 patrie
308 4794 461 4852 liberandm
471 4796 697 4852 cansamuliebri
706 4796 802 4851 tunica
812 4796 939 4863 indutus,
1031 4795 1074 4848 ιι.
1092 4796 1125 4849 lt.
1142 4793 1215 4857 Quid
1237 4793 1272 4848 de
1290 4794 1401 4849 ceteris
1417 4793 1506 4849 dicis‘?
1519 4796 1559 4849 A.
1583 4794 1661 4859 Quid
1678 4796 1712 4850 ιι
1725 4799 1759 4853 tr.
1773 4795 1848 4862 Quod

89 4883 192 4939 debeat
205 4882 317 4936 hostem
332 4883 473 4956 decipere,
490 4886 544 4940 hoc
552 4884 615 4956 ipso
626 4902 682 4956 quo
691 4884 796 4940 mulier
811 4883 881 4939 falsa
891 4883 938 4952 sit,
994 4881 1074 4935 vides
1087 4881 1158 4936 mibi
1172 4881 1330 4952 plurimum
1351 4881 1511 4953 suffragari.
1528 4883 1626 4938 Restat
1641 4883 1726 4939 enim
1739 4885 1847 4940 animas

88 4972 207 5028 tortasse
221 4969 316 5025 verior
330 4971 373 5025 vir
386 4973 500 5028 tuturus
515 4991 523 5027 r
540 4978 569 5028 et
584 4979 680 5028 utrum
695 4973 810 5045 sapiens
826 4972 876 5045 qni
892 4973 940 5028 ali·
995 4973 1023 5024 at
1034 4970 1117 5036 Deus,
1140 4986 1205 5041 quus
1221 4970 1278 5024 duo
1292 4970 1316 5024 si
1330 4975 1483 5042 propterea
1496 4986 1562 5025 vera
1583 4976 1653 5027 sunt
1667 4975 1749 5044 quod
1763 4971 1847 5029 iubis

89 5078 147 5135 quo
164 5060 668 5118 modocertumhabeatnecessariam
682 5063 742 5118 lore
757 5062 845 5118 vitam
857 5078 938 5117 suam
994 5063 1036 5112 est
1051 5058 1164 5121 veritas,
1181 5059 1216 5113 de
1231 5059 1448 5116 immortalitate
1463 5059 1514 5115 liei
1528 5075 1616 5115 nemo
1639 5059 1766 5118 dubitet.
1781 5060 1847 5119 dni·

88 5150 175 5206 rebus
188 5147 333 5217 humenis,
347 5149 428 5203 malit
449 5150 540 5205 emori
562 5151 679 5222 frigore,
703 5167 789 5223 quam
807 5150 939 5206 femineis
992 5162 1057 5201 mus
1068 5151 1163 5202 antem
1175 5147 1490 5216 immortaliscreditur,
1503 5148 1528 5203 si
1538 5148 1644 5204 veritas
1654 5149 1847 5222 qureinterirc

119 5264 127 5298 ¹
144 5261 186 5312 sic
200 5260 284 5312 nostri
299 5259 360 5309 ores.
375 5258 506 5309 sicariam
516 5259 577 5309 uss.
592 5260 631 5309 nn
652 5260 669 5309 1.
685 5261 719 5310 lu
733 5261 795 5310 nov.
808 5275 814 5309 ι
829 5263 856 5310 ει
867 5263 938 5311 enim
992 5250 1051 5290 ¹¹⁰ss
1065 5238 1168 5305 potest,
1185 5236 1271 5292 etiam
1285 5236 1376 5293 intuo
1390 5253 1451 5293 0⁵⁵⁰
1463 5238 1613 5316 probatur.
1631 5238 1729 5304 Quare
1740 5240 1803 5313 jam
1815 5239 1846 5294 it-

82 5324 189 5398 tatsqm
206 5326 256 5398 eet,
270 5335 328 5397 noo
341 5323 378 5372 εει
390 5325 428 5371 :st
440 5327 489 5381 εει,
503 5335 559 5372 oon
568 5324 614 5394 Ιεει
627 5273 739 5397 sistrum.
991 5322 1040 5378 lud
1056 5323 1191 5378 ultimum
1204 5323 1363 5395 videamus,
1378 5330 1477 5381 utrum
1487 5341 1591 5398 corpus
1601 5341 1662 5382 non
1672 5329 1789 5384 sitrere
1802 5342 1846 5381 re·

117 5387 180 5437 'Src
191 5386 308 5437 melione
322 5389 393 5435 notre
407 5384 468 5434 llas.
484 5384 518 5433 llt
535 5398 608 5448 prius
618 5384 720 5449 vulgati
733 5385 833 5436 babent
848 5399 854 5434 :
870 5387 939 5435 llam

85 5447 110 5499 ri
123 5447 225 5513 [catum
237 5446 430 5514 eat‘qcomodo
451 5445 552 5511 tubum
565 5447 624 5499 cett
640 5448 667 5498 st
687 5458 743 5499 oon
769 5449 808 5500 est
823 5445 937 5511 scotum,
1028 5447 1085 5497 ¹Er.
1099 5447 1164 5497 ven.
1176 5447 1248 5498 Lon:
1262 5448 1331 5507 Quid
1340 5448 1394 5500 aiat
1403 5447 1563 5516 melda,
1572 5463 1629 5502 non
1640 5450 1847 5517 interruptoaer·

85 5511 215 5574 quoromto
228 5515 375 5563 monstrum
389 5511 448 5561 est?
994 5522 1073 5560 mone
1084 5522 1169 5573 usqua
1183 5510 1215 5561 ad
1230 5511 1324 5563 verbe:
1339 5510 1413 5565 uode
1424 5512 1486 5564 teia.
1501 5512 1535 5563 ll.
