3884 6112
115 194 182 248 ιιι.
839 204 942 262 alneu
961 207 1135 273 Quantus.
1825 222 1879 278 246

115 312 257 381 insanire,
272 316 419 374 utdomus
432 335 492 376 snae
505 325 690 378 moderamen
701 323 826 382 adillius
837 327 973 397 scientiae,
1031 332 1164 388 cordatus
1177 332 1347 404 habebatur,
1362 349 1428 390 eum
1448 335 1590 391 bonorum
1611 353 1727 395 snorum
1738 340 1879 411 jacturam

116 418 203 474 qnam
228 404 294 459 aliis
310 406 414 476 grandi
427 408 550 480 pecnnia
564 411 732 482 tenderent,
754 415 894 471 amussim
906 433 977 473 nor·
1030 419 1151 488 lecisset,
1166 420 1197 476 iu
1211 437 1274 477 eam
1290 421 1380 477 animi
1393 422 1638 494 perturbationem
1655 425 1765 495 incidit,
1778 434 1811 484 ut
1824 430 1879 487 sibi

119 506 257 564 mamque
273 493 509 569 dirigant.}logal
520 514 635 570 quoque
650 502 852 574 Lampadium,
865 506 974 577 utquid
1031 525 1131 564 manns
1146 509 1286 565 violentas
1300 510 1431 566 illaturus
1450 509 1603 567 videretur.
1622 513 1702 579 Quod
1716 514 1766 570 ubi
1779 531 1880 572 rumor

117 581 149 637 ds
160 579 221 637 bae
236 581 361 652 epistola
381 585 496 656 sentiat,
510 587 692 645 rescribendo
708 591 826 648 edoceat
847 610 854 649 :
871 610 936 666 quae
951 581 975 650 si
1029 598 1064 654 ad
1078 598 1272 671 augustinum
1287 599 1399 668 detulit,
1414 616 1527 655 summa
1540 599 1589 655 illo
1604 601 1786 659 miseratione
1798 619 1878 660 com·

117 670 175 740 ejus
189 669 325 727 ariditati
333 687 393 728 non
406 674 538 743 sufficiat,
550 674 695 749 integrum
709 678 762 735 bac
776 680 812 736 de
823 697 854 737 re
869 683 974 739 librum
1027 691 1132 754 motus,
1154 703 1206 760 per
1219 687 1330 745 litteras
1344 706 1404 744 non
1422 689 1628 746 berrevolentire
1641 692 1739 759 modo,
1755 692 1805 749 sed
1819 692 1879 750 exi·

116 758 325 831 ripollicetnr3
340 761 426 818 mode
440 767 582 835 exspectet
596 765 666 821 dnm
680 766 709 824 id
722 768 880 839 parotium
895 784 973 827 arse-

114 846 165 919 qni
177 847 286 920 possit,
302 852 332 905 et
351 848 485 923 promissi
499 852 544 909 sni
567 855 739 912 memoriam
752 857 908 915 identidem
928 877 973 915 re·

113 935 217 992 tricare
231 951 294 992 nou
306 944 449 1008 gravetur.

446 1026 560 1084 CAPUT
579 1030 650 1087 Vllt.

179 1128 329 1170 sususnnr
346 1131 383 1170 ao
402 1131 529 1172 narrares
548 1134 649 1174 anatra
668 1135 699 1175 ar
719 1136 907 1179 aoaraasnra.

116 1205 126 1258 l
144 1203 320 1260 christinam
333 1204 371 1259 ad
379 1208 508 1275 pietatem
516 1208 649 1276 inseruit,
662 1211 679 1265 2
691 1209 831 1267 Adamana
840 1212 972 1269 scuradalu

146 1292 311 1348 corroborat
332 1293 531 1351 Sebastianum.
555 1298 571 1352 3
590 1298 627 1352 Et
644 1299 818 1355 uastitatem.
834 1303 849 1355 t
864 1302 969 1359 clirici·

143 1395 219 1436 m
244 1397 264 1436 o
277 1380 464 1452 desperatione
486 1389 602 1441 revocat.
628 1389 644 1440 5
666 1387 785 1444 dedicta
797 1391 970 1459 pietenine

146 1470 334 1526 incenmltm
356 1471 457 1539 ouandi
477 1475 610 1530 rationem
635 1479 742 1543 orauit.
769 1477 969 1536 lobduratnm

143 1557 268 1616 cometis·
280 1563 405 1616 animum
424 1562 532 1631 premit.
557 1566 572 1618 7
596 1564 780 1620 Florentinum
800 1566 967 1635 potueras

141 1648 238 1705 docem
258 1666 315 1706 non
335 1655 451 1708 recusat.
468 1654 484 1708 8
506 1652 646 1709 Fabiolam
669 1659 766 1723 monet,
793 1657 969 1725 presmtiam

141 1743 303 1795 sanamur-um
332 1755 442 1811 corpore
461 1745 548 1809 tenua
575 1758 675 1813 pnsum
700 1743 877 1815 repetendam
900 1759 964 1801 asse.

143 1829 295 1897 trimma
308 1845 402 1885 noum
414 1833 495 1899 perit.

144 1920 169 1972 t.
181 1916 221 1972 Ex
239 1924 299 1972 tans
316 1917 414 1973 multis
429 1917 684 1986 lucubrationibus,
701 1938 772 1992 quas
787 1920 966 1992 Augustinus

111 2003 145 2059 ad
158 2004 290 2076 privatos
303 2005 551 2063 autinstituendos
560 2014 610 2064 aut
618 2009 776 2064 hortandos
784 2009 964 2080 conscripsit,

110 2108 155 2147 eas
175 2093 235 2148 hoc
255 2093 333 2149 libro
354 2094 429 2149 selas
442 2110 646 2165 memoramus,
662 2097 767 2168 quibus
781 2098 965 2153 recensendis

109 2181 180 2236 leons
200 2181 398 2253 opportunior
412 2197 472 2238 non
487 2183 609 2240 videtur.
626 2187 696 2242 Cum
711 2186 829 2258 quidam
845 2187 964 2243 Christi·

110 2284 158 2324 ans
180 2269 315 2338 nemine,
339 2271 516 2341 professione
539 2272 721 2340 christianus,
747 2275 841 2330 solum
871 2279 965 2330 tamen

109 2356 339 2425 catechumenus,
356 2364 406 2414 ant
423 2360 523 2414 saltam
549 2362 646 2416 saeculi
667 2362 777 2434 laqueis
790 2362 964 2434 implicatus,

109 2443 244 2501 officiosas
253 2445 291 2501 ad
305 2461 373 2501 eum
383 2447 543 2518 scripsisset
553 2449 671 2516 litteras,
684 2456 712 2505 ct
722 2450 757 2505 ab
766 2466 800 2505 eo
813 2450 963 2522 epistulam

111 2533 275 2607 flagitassem
299 2535 359 2607 egit
372 2536 416 2592 illi
435 2536 541 2609 gratias
556 2555 608 2609 pre
628 2540 689 2610 ejus
704 2539 831 2595 elliciosa
847 2541 964 2597 urbani·

109 2626 165 2691 tata,
181 2629 212 2680 et
226 2626 265 2680 ad
282 2624 419 2696 pietatem
433 2626 565 2683 hortatus
580 2633 621 2684 est
637 2628 689 2683 hac
703 2628 783 2683 brevi
796 2630 939 2684 sententia
954 2647 961 2686 :

109 2712 165 2770 tm
177 2716 208 2768 in
221 2715 326 2769 itiner
338 2716 389 2769 Dei
401 2716 531 2782 facinora
543 2720 568 2770 et
581 2719 733 2786 fructuosa,
747 2720 849 2787 ignaua
862 2721 963 2787 (ormi.

111 2800 164 2857 ttae
178 2804 358 2872 supinatum
382 2805 413 2859 iu
425 2805 520 2859 itinere
537 2806 663 2860 seculari
676 2806 791 2862 ductura
809 2811 835 2862 et
856 2811 963 2864 sterilia

109 2904 251 2947 mmnoao
266 2892 360 2949 latore
374 2893 523 2948 tuerentur
543 2894 640 2964 (Epist.
654 2892 728 2964 ιιι).

135 2980 368 3043 ESebastianus
392 2981 547 3036 monachus
568 2985 598 3037 et
612 2981 709 3047 abbas,
726 2981 784 3037 site
799 2987 903 3038 sancire
919 2981 960 3038 la-

109 3068 188 3124 nilire
203 3069 390 3141 praepositus,
406 3070 572 3141 aliquandiu
586 3071 767 3126 familiariter
782 3088 849 3126 usus
863 3073 959 3143 Angu-

108 3156 185 3222 stiuo,
202 3157 363 3229 plurimam
382 3175 440 3215 snae
455 3159 569 3231 pietalis
584 3159 821 3215 existimationem
837 3160 960 3233 relique·

108 3246 208 3302 rathd
218 3247 416 3319 angustinum
429 3252 537 3319 postea,
554 3247 782 3319 ctadalypium,
795 3253 826 3302 ut
836 3248 958 3316 ridetur,

1027 775 1197 831 stimatieuis
1212 777 1299 833 etiam
1317 779 1426 851 plenas,
1442 794 1509 833 eum
1522 779 1651 834 hortatus
1666 784 1719 849 est,
1732 796 1767 836 ne
1779 780 1811 835 in
1824 782 1877 837 ad·

1026 863 1124 930 versis,
1144 881 1208 932 qum
1232 866 1306 921 Dens
1328 866 1365 922 ad
1380 866 1441 938 ejus
1460 867 1580 922 salutem
1595 866 1764 936 immiserat,
1781 868 1878 925 animo

1026 952 1168 1009 deiiceret.
1186 955 1281 1009 Brevis
1295 962 1339 1010 est
1350 955 1411 1010 haec
1421 955 1549 1025 epistola,
1564 957 1613 1012 sad
1627 956 1742 1028 pietatis
1755 961 1785 1013 et
1798 957 1878 1030 inge-

1025 1041 1114 1098 uiosae
1138 1043 1283 1098 charitatis
1303 1043 1478 1115 plenissima.
1502 1043 1594 1100 Simul
1616 1045 1654 1100 ad
1678 1060 1745 1101 eum
1767 1045 1877 1103 litteras

1025 1128 1125 1198 misit,
1151 1146 1222 1201 quas
1249 1130 1286 1185 ad
1308 1131 1449 1186 Comitem
1470 1130 1548 1187 illius
1575 1147 1643 1203 ergo
1670 1131 1879 1204 conscripserat

1023 1221 1127 1288 (Epist.
1143 1221 1218 1289 ιιι).

1059 1312 1085 1363 ιι.
1111 1307 1245 1381 Epistola,
1275 1322 1339 1379 quae
1364 1311 1407 1363 est
1429 1307 1464 1362 ad
1493 1307 1641 1372 Ecdiciam,
1656 1309 1771 1380 gravius
1785 1326 1874 1383 argn-

1023 1398 1152 1450 mentum
1164 1394 1371 1466 complectitur.
1384 1394 1487 1450 Fidelis
1493 1396 1555 1451 haec
1563 1400 1635 1464 erat,
1648 1399 1676 1451 et
1685 1395 1763 1452 fideli
1774 1403 1875 1470 nupta,

1023 1499 1057 1536 cx
1072 1499 1128 1554 qno
1148 1483 1241 1538 tilium
1254 1488 1414 1555 pepererat.
1428 1486 1561 1539 Attamen
1576 1501 1635 1540 nou
1648 1488 1795 1556 expectato
1808 1501 1873 1541 ma·

1021 1571 1070 1627 riti
1082 1587 1222 1627 consensu
1241 1571 1425 1626 continentiae
1440 1576 1538 1628 sotum
1552 1573 1738 1645 nuncupavit,
1753 1589 1811 1629 uon
1825 1574 1875 1630 ad·

1021 1666 1134 1716 uertens
1149 1677 1178 1715 se
1202 1659 1317 1715 ablutis
1341 1660 1437 1732 hujus,
1454 1661 1584 1733 quamvis
1599 1678 1663 1717 eam
1683 1677 1743 1717 non
1757 1662 1872 1729 coleret,

1021 1749 1141 1821 praemio
1156 1749 1275 1804 minime
1288 1749 1453 1814 carituram,
1467 1750 1491 1804 si
1502 1767 1560 1806 uun
1569 1767 1638 1818 suae,
1653 1750 1702 1807 sed
1718 1751 1763 1807 sui
1776 1753 1875 1825 conju·

1020 1837 1063 1909 gis
1076 1837 1238 1893 infirmitati
1248 1837 1369 1893 cederet.
1382 1839 1485 1893 Verum
1499 1839 1572 1893 hanc
1582 1840 1695 1911 culpam
1705 1839 1772 1895 felix
1785 1856 1873 1896 even·

1019 1930 1065 1981 tus
1088 1927 1230 1998 repararit
1257 1941 1264 1981 :
1293 1927 1412 1981 maritus
1442 1926 1520 1983 enim
1547 1926 1644 1982 uxoris
1672 1944 1731 1983 suaa
1758 1933 1872 1984 secutus

1020 2015 1192 2085 eseruplnus,
1221 2013 1323 2070 eodem
1348 2031 1376 2068 se
1402 2012 1677 2069 continentiarum
1705 2015 1870 2085 adstrinxit;

1020 2104 1116 2175 sicque
1139 2103 1300 2173 complures
1324 2119 1415 2159 annes
1437 2119 1494 2174 quo
1520 2102 1643 2158 sanctius
1662 2107 1690 2158 et
1704 2103 1819 2176 castius,
1835 2120 1870 2161 eo

1019 2190 1113 2247 verius
1128 2195 1156 2247 ct
1170 2190 1338 2246 concordius
1353 2191 1489 2262 conjuges
1504 2195 1681 2247 manserunt.
1694 2193 1789 2247 lnhoc
1803 2209 1869 2263 pro·

1019 2280 1112 2353 pesilo
1137 2279 1286 2336 communi
1309 2279 1425 2349 mulier,
1450 2278 1508 2334 sive
1531 2279 1562 2334 iu
1585 2279 1751 2336 abdicandis
1774 2280 1872 2336 saeculi

1019 2370 1155 2439 moribus,
1173 2369 1230 2424 sira
1253 2368 1284 2424 in
1305 2368 1377 2441 stipe
1402 2368 1575 2440 pauperibus
1599 2370 1742 2440 eroganda
1767 2368 1871 2425 tortior

1020 2456 1174 2515 ridebatur.
1191 2460 1294 2514 Verum
1307 2474 1371 2513 cum
1387 2458 1423 2512 ad
1434 2456 1583 2513 mbitrium
1598 2463 1759 2530 nutumque
1772 2456 1825 2513 siri
1840 2474 1870 2513 se

1017 2548 1079 2619 ipsa
1103 2547 1318 2603 accommodare
1342 2545 1461 2601 minime
1488 2546 1624 2616 studeret,
1646 2546 1722 2601 illius
1737 2546 1867 2602 animum

1018 2651 1077 2690 nen
1092 2652 1135 2702 ea,
1150 2651 1208 2706 qua
1219 2650 1273 2706 par
1285 2637 1356 2701 erat,
1372 2630 1526 2704 prudentia
1538 2632 1685 2696 tractabat,
1702 2649 1754 2689 nec
1768 2631 1868 2690 mulie·

1017 2722 1097 2777 brem
1121 2722 1213 2777 zelum
1228 2719 1345 2775 scicntia
1366 2723 1394 2774 et
1408 2718 1546 2775 charitate
1564 2718 1775 2775 moderabatur.
1792 2717 1869 2774 Licet

1016 2810 1094 2865 enim
1121 2806 1306 2864 continentiae
1330 2809 1394 2861 roto
1416 2809 1572 2874 teneretur,
1596 2805 1751 2860 incaeteris
1769 2809 1867 2861 tamea

1015 2900 1101 2955 rebus
1126 2901 1184 2952 viro
1209 2912 1260 2951 suo
1283 2909 1386 2966 parere
1410 2892 1518 2948 debuit.
1541 2891 1635 2947 Nihilo
1659 2896 1754 2947 tamen
1768 2891 1865 2948 minus

1015 2987 1146 3044 amarito
1160 2985 1234 3042 lortc
1244 2985 1323 3057 jussa
1337 2984 1554 3056 conjugatarum
1564 2981 1720 3037 mulierum
1734 2980 1866 3037 habitum

1014 3081 1136 3148 gestare,
1148 3091 1213 3130 cnm
1228 3073 1510 3129 modestumsumere
1519 3069 1673 3134 debuisset,
1680 3069 1711 3124 in
1725 3085 1783 3143 quo
1798 3085 1866 3126 sans

1014 3163 1238 3221 consentientem
1260 3160 1353 3217 virum
1372 3160 1526 3226 habuisset,
1541 3159 1655 3232 nigram
1669 3159 1758 3215 instar
1772 3158 1865 3215 viduae

1013 3259 1041 3309 et
1056 3252 1202 3309 monacha
1217 3255 1323 3307 restem
1337 3247 1438 3305 induit.
1455 3248 1575 3320 Culpam
1589 3247 1663 3303 hane
1673 3246 1863 3303 aliacumula-

108 3333 348 3407 hherasscripsit,
358 3352 429 3406 quas
439 3335 615 3408 Augustinus
624 3336 820 3408 gratabundus
830 3337 957 3409 accepit:
1013 3343 1062 3398 ιιι.
1078 3344 1148 3399 Nam
1163 3358 1229 3396 curu
1252 3340 1372 3397 maritus
1392 3338 1453 3411 ejus
1476 3337 1510 3393 ad
1527 3337 1736 3409 eleemosynam
1749 3336 1864 3408 segnior

106 3438 226 3496 eumque
249 3423 282 3479 in
309 3423 353 3479 bis
374 3422 555 3480 Sebastianus
579 3424 615 3479 ub
639 3430 754 3496 peccata
775 3432 803 3481 et
826 3427 958 3482 scandala
1012 3437 1094 3493 esset,
1110 3429 1219 3485 sirach
1244 3427 1334 3484 animi
1349 3427 1461 3495 vitium,
1481 3425 1539 3480 sire
1560 3425 1597 3480 ob
1611 3424 1799 3481 necessariam
1812 3442 1862 3481 cu·

106 3512 280 3586 iniquorum,
296 3513 383 3569 ludio
395 3513 570 3569 sealiectum
584 3517 750 3581 testaretur;
763 3514 958 3570 sanctissimus
1011 3533 1085 3587 ram,
1106 3531 1194 3589 quam
1219 3515 1248 3570 iu
1274 3514 1333 3569 lilio
1357 3514 1450 3568 adhuc
1471 3529 1561 3584 puero
1580 3527 1689 3582 ponere
1704 3511 1863 3580 tenebatur,

106 3602 208 3659 erasm
221 3602 303 3658 illins
327 3602 419 3657 zelum
435 3601 565 3674 impense
579 3603 716 3674 laudavit,
732 3619 799 3659 enm
811 3608 908 3660 tamen
923 3605 958 3660 ad
1011 3622 1098 3678 quem
1113 3604 1147 3659 ad
1163 3604 1190 3658 id
1206 3603 1283 3675 quod
1297 3601 1400 3657 melius
1414 3608 1486 3656 esset
1501 3600 1622 3656 debebat
1635 3599 1752 3672 quidem
1766 3600 1862 3656 incau-

107 3691 359 3759 persareranliam,
379 3697 409 3746 ct
429 3691 464 3747 ad
493 3692 626 3747 solatium
649 3708 735 3749 suarm
756 3692 788 3748 in
813 3693 957 3749 bonorum
1011 3695 1090 3764 dere,
1105 3692 1154 3748 sed
1169 3692 1203 3746 ad
1227 3689 1414 3746 monasticum
1435 3688 1599 3743 institutum
1623 3702 1725 3759 eogere
1739 3703 1798 3743 non
1813 3703 1861 3759 po-

106 3778 221 3835 lratrnm
237 3778 385 3850 probitate
413 3784 499 3851 atque
520 3779 551 3834 iu
572 3780 705 3836 tidehbus
730 3780 781 3836 [lei
808 3780 958 3852 promissis
1011 3786 1084 3838 terat
1101 3799 1107 3837 :
1123 3786 1223 3836 centra
1238 3778 1357 3860 Ecdiciae
1371 3777 1402 3833 in
1416 3776 1520 3849 optatis
1539 3781 1609 3845 erat,
1626 3793 1725 3832 omnes
1738 3776 1859 3833 faculta-

105 3867 292 3937 querendum
307 3866 438 3922 hortatus
459 3871 511 3922 est.
526 3867 644 3940 Alypius
667 3884 743 3936 vero,
758 3869 873 3925 eumad
890 3886 956 3925 eum
1011 3877 1051 3926 tos
1066 3887 1130 3926 snas
1155 3869 1186 3925 in
1208 3885 1314 3942 egenos
1336 3867 1519 3940 profundere.
1549 3865 1639 3938 Igitur
1653 3866 1771 3922 absente
1788 3864 1860 3935 viro,

106 3957 249 4027 propriam
265 3955 418 4028 epistolam
441 3956 563 4012 scribere
578 3956 727 4028 potuisset,
747 3958 850 4014 maluit
861 3962 957 4031 Augu·
1010 3976 1076 4016 cum
1089 3960 1146 4015 duo
1161 3957 1305 4031 peregrini
1318 3955 1435 4028 quidum
1455 3954 1588 4011 monachi
1603 3953 1640 4010 ad
1653 3970 1717 4010 eam
1731 3953 1860 4011 divertis·

106 4044 166 4101 aim
187 4045 322 4116 epistulae
344 4059 436 4118 pauca
457 4044 583 4100 olhciosa
603 4046 688 4101 rerba
711 4050 846 4114 attexere,
871 4047 956 4119 eique
1010 4052 1083 4113 seut,
1100 4045 1328 4114 illisomuia,vet
1343 4042 1525 4116 penaomnin
1541 4059 1605 4116 ane
1624 4042 1748 4098 babebat
1762 4058 1861 4114 eroga-

106 4134 742 4202 tnbscribere,uteorumananimitatemrtua
755 4135 957 4208 etiampagina
1011 4137 1058 4191 ιιι.
1084 4135 1114 4192 ld
1150 4139 1301 4207 postquam
1326 4132 1420 4188 resciit
1441 4131 1571 4195 maritus,
1596 4131 1745 4186 iracundia
1774 4148 1860 4204 supra

106 4224 256 4279 hshratur
270 4224 373 4293 (Epist.
385 4224 459 4294 248).
1010 4224 1127 4280 mudum
1142 4222 1247 4279 exarsit
1258 4222 1288 4276 in
1301 4222 1451 4294 conjugem
1467 4237 1557 4285 snam,
1571 4225 1600 4274 et
1613 4219 1643 4273 in
1654 4219 1783 4291 geminos
1797 4220 1860 4275 illes

135 4314 162 4369 a.
183 4313 259 4368 Cum
273 4311 302 4367 ei
317 4312 482 4382 deogratias
496 4311 557 4380 (ille
575 4310 653 4367 idem
674 4310 734 4382 ipse
754 4309 891 4379 fortassis,
919 4313 954 4367 ad
1010 4318 1191 4380 veteratores,
1208 4310 1258 4385 qui
1270 4311 1304 4367 ad
1320 4310 1409 4383 ipsius
1423 4309 1540 4365 domum
1557 4307 1791 4378 exhauriendam,
1807 4310 1860 4366 snb

106 4414 187 4469 anem
200 4399 273 4455 alibi
288 4399 386 4455 scribit
399 4400 587 4471 Augustinus)
602 4399 754 4454 indicasset
768 4404 853 4454 aestus
866 4399 955 4455 animi
1009 4404 1075 4458 licto
1089 4401 1297 4457 monachornm
1308 4399 1409 4455 babitu
1425 4399 1476 4469 tsic
1490 4396 1568 4453 enim
1582 4396 1630 4452 ille
1645 4396 1797 4453 arbitratus
1806 4398 1859 4458 estl

105 4487 250 4559 rotumam
274 4486 389 4543 aaroni
408 4487 539 4544 catholici
563 4488 715 4558 (Restituto
745 4502 850 4542 nomen
872 4494 954 4557 erat),
1009 4493 1192 4546 accesserant.
1211 4490 1244 4545 Et
1257 4489 1319 4560 ipse
1332 4489 1437 4544 latetur
1450 4484 1635 4558 Augustinus,
1650 4484 1801 4542 dubitandi
1815 4488 1858 4542 lo-

105 4575 152 4647 qui
168 4592 256 4648 reque
279 4592 311 4632 ac
330 4575 522 4644 Sebastianus,
542 4576 753 4633 catholicorum
772 4575 840 4631 vitia
854 4565 954 4648 iniquo
1008 4595 1153 4648 ramasse,
1166 4595 1203 4634 ou
1218 4578 1314 4652 quiab
1329 4576 1425 4651 ignota
1438 4581 1466 4631 ct
1479 4575 1631 4648 conjugata
1644 4574 1765 4632 muliere
1781 4579 1860 4633 tanto

105 4663 213 4721 ridetur
237 4664 336 4721 tulisse
350 4666 466 4734 animo;
482 4665 628 4736 rescripsit
641 4665 708 4742 hnic
722 4664 874 4733 Restituto,
889 4682 953 4720 sua·
1007 4667 1192 4740 recepissent,
1218 4666 1292 4722 servi
1314 4665 1364 4721 lici
1379 4663 1544 4720 existerent.
1569 4662 1623 4720 Sed
1637 4664 1723 4736 longe
1744 4663 1860 4737 gravius

105 4752 194 4826 sitque
209 4758 243 4810 ιιι
256 4753 395 4825 tychonii
404 4753 559 4815 Donatistae
572 4754 677 4809 librum
691 4754 725 4811 de
740 4753 863 4810 Ecclesia
876 4754 954 4826 lega·
1008 4756 1223 4814 incommodum
1239 4759 1367 4812 secutum
1391 4757 1433 4808 est
1448 4769 1455 4808 :
1480 4768 1548 4809 uam
1562 4751 1682 4808 maritus
1694 4751 1767 4809 iram
1785 4752 1816 4808 in
1828 4769 1859 4810 sc

105 4847 153 4906 rat,
168 4841 339 4914 cogniturus
358 4859 393 4901 ax
408 4843 470 4915 ejus
490 4842 621 4910 lectione,
637 4843 806 4899 banoscum
820 4843 905 4899 malis
917 4844 953 4899 ad
1007 4851 1185 4916 convertens,
1191 4842 1460 4912 continenlirevoto,
1471 4840 1548 4914 quod
1562 4839 1622 4914 ipse
1632 4846 1857 4916 nuncupaverat,

105 4932 188 5003 ιἰωιι)
201 4949 295 5006 usqua
312 4932 410 4989 secoli
425 4931 564 5005 permixte
576 4948 637 4988 esse
653 4932 786 4988 victuros.
802 4933 898 4989 lionet
911 4936 953 4988 ta·
1007 4932 1124 5000 violato,
1135 4950 1165 4989 se
1175 4934 1206 4988 in
1218 4930 1393 5005 profundum
1407 4929 1539 4986 adulterii
1549 4929 1696 5003 gurgitem
1706 4929 1856 4987 immersit

106 5036 176 5089 meu,
191 5022 372 5094 'tychonium
387 5038 478 5095 panea
504 5022 597 5078 sutum
619 5022 672 5077 bac
688 5022 723 5077 de
743 5037 775 5077 re
800 5021 953 5093 Scripturas
1008 5023 1040 5077 ln
1054 5021 1108 5078 boc
1131 5026 1189 5078 tam
1209 5019 1376 5077 calamitoso
1392 5035 1489 5075 rernm
1511 5022 1587 5074 statu
1609 5018 1722 5074 Ecdicio
1746 5017 1857 5090 perlit-

107 5109 265 5167 tcstimnnia
290 5109 456 5183 protulisse,
480 5108 663 5181 cavendaque
684 5126 745 5166 esse
769 5125 833 5180 ane
859 5109 907 5165 ille
923 5110 953 5165 in
1007 5115 1082 5167 teras
1105 5109 1298 5182 Augustinum
1314 5107 1466 5177 consuluit,
1482 5107 1618 5183 utUsciret
1634 5106 1702 5179 qnid
1715 5104 1770 5161 sibi
1783 5105 1857 5161 lacto

86 5198 285 5269 ahimam,
311 5199 357 5255 cui
391 5199 582 5268 adherebat,
612 5198 805 5271 patrocinium
838 5198 954 5254 adducit
1008 5202 1079 5271 epus
1104 5204 1187 5256 esset.
1214 5198 1391 5271 Augustinus
1414 5197 1557 5269 epistola,
1585 5211 1672 5269 qnam
1700 5192 1856 5266 rescripsit,

107 5285 198 5357 [Epist.
214 5288 290 5359 249).
1007 5285 1161 5363 maximam
1183 5292 1295 5357 partem
1311 5284 1409 5358 posuit
1426 5284 1506 5339 iniis
1522 5282 1664 5352 notandis,
1680 5297 1744 5354 quoe
1762 5280 1813 5337 illa
1826 5280 1857 5336 in

136 5378 160 5433 ι.
177 5377 284 5435 Eidehs
298 5375 418 5449 quidam
432 5376 575 5449 Baptiemo
589 5375 730 5442 initiatus,
746 5377 862 5433 nomina
876 5376 953 5433 Chri·
1007 5379 1142 5431 auteactre
1156 5373 1221 5430 vitm
1240 5375 1351 5431 ratione
1377 5390 1527 5448 perperam
1551 5371 1654 5444 egisset
1675 5387 1682 5425 :
1698 5370 1775 5441 quod
1790 5386 1856 5426 vero

108 5461 200 5536 umus,
219 5465 272 5540 qni
287 5466 407 5522 verbum
430 5466 480 5522 llei
503 5465 628 5522 studiose
644 5482 758 5536 semper
768 5465 908 5533 andierat,
925 5469 953 5520 et
1007 5465 1041 5520 ad
1056 5467 1203 5536 posterum
1218 5470 1331 5538 tempus
1346 5465 1490 5556 alhnarel,
1506 5459 1618 5533 scripsit
1629 5475 1704 5528 eam,
1720 5475 1785 5516 cnm
1798 5476 1856 5516 ma·
