3884 6112
723 377 1165 486 ADMONITIO

478 561 531 628 DE
555 561 826 641 SEQUENTIBUS
849 565 1007 634 DUOBUS
1030 567 1084 633 DE
1107 567 1256 635 ORDINE
1279 568 1417 636 LlBRlS.

105 832 149 889 Ad
162 831 307 889 edendum
318 851 389 906 opus
399 835 433 891 de
445 835 550 893 Ordine
563 836 694 893 animum
709 838 813 910 adjecit
822 839 999 911 Augustinus
1014 843 1130 895 auctore
1144 839 1279 908 Zenobio,
1295 842 1376 912 cnjus
1390 841 1444 896 riri
1458 841 1613 897 amicitiam
1628 848 1656 898 et
1667 844 1822 914 plurimam

69 919 100 975 in
113 936 144 974 se
159 936 283 992 suosque
296 921 451 977 familiares
466 924 692 981 benevolentiam
707 930 913 982 commemorat
924 926 972 981 lib.
992 931 1016 995 i,
1030 943 1054 982 o.
1067 932 1083 982 7
1095 945 1102 995 ;
1114 927 1165 982 ubi
1178 944 1208 983 se
1220 928 1276 1000 ipsi
1288 944 1321 983 ea
1336 929 1370 984 de
1384 946 1416 986 re
1430 930 1520 984 multa
1536 935 1621 1002 atque
1632 931 1689 986 alta
1703 947 1822 1002 percon·

67 1009 140 1063 tanti
155 1009 248 1064 lacere
262 1010 330 1064 setis
341 1012 460 1067 antehac
474 1013 670 1085 nonpotuisse
684 1014 763 1082 dicit,
778 1031 844 1069 cum
858 1029 916 1069 uon
931 1014 1016 1069 modo
1028 1014 1069 1068 rei
1080 1014 1242 1083 difficultas,
1256 1017 1305 1071 sed
1318 1020 1484 1087 temporum
1499 1018 1586 1072 etiem
1601 1019 1744 1089 angustie
1754 1035 1823 1089 pro-

69 1097 211 1153 hiberent.
225 1099 366 1155 Ceterum
381 1099 472 1156 amico
488 1102 672 1159 vehementer
686 1103 806 1159 instanti
819 1119 854 1158 ne
869 1102 977 1158 diutins
991 1102 1129 1169 differret,
1145 1108 1230 1176 atque
1241 1103 1278 1158 ad
1288 1104 1433 1175 copiosius
1450 1106 1683 1177 respondendum
1698 1106 1824 1162 carmine

68 1186 236 1256 provocanti
250 1202 360 1243 morem
375 1203 474 1259 gerere
489 1191 626 1261 oportuit.

104 1274 194 1346 Coepit
206 1274 302 1346 itaque
316 1276 527 1333 conscribendis
537 1277 614 1334 hisce
624 1278 704 1336 libris
719 1297 817 1336 vacare
833 1279 909 1352 apud
922 1278 1111 1334 cassiciacum
1122 1279 1175 1334 sub
1188 1278 1277 1334 linem
1287 1279 1356 1333 anni
1369 1282 1420 1336 386
1431 1296 1438 1347 ;
1450 1280 1558 1353 quippe
1570 1281 1773 1352 cumprimum
1787 1282 1822 1337 li·

67 1362 154 1418 brum
169 1362 320 1432 perfecerit
332 1368 486 1437 antequam
497 1366 653 1423 Mediolano
666 1383 812 1440 regressus
823 1372 898 1423 esset
910 1366 1040 1439 Alypius,
1052 1366 1102 1438 qui
1116 1366 1320 1437 inchoatojam
1336 1369 1433 1421 contra
1447 1366 1630 1421 Academicos
1646 1383 1743 1438 opere,
1759 1372 1825 1422 aute

71 1454 103 1506 13
119 1451 196 1506 diem
209 1452 370 1508 novembris
385 1469 419 1510 eo
437 1455 590 1527 proiectus,
601 1456 668 1512 inde
683 1457 767 1513 rediit
780 1463 942 1530 opportune
956 1459 988 1510 ut
1003 1454 1153 1509 interesset
1166 1458 1229 1508 tum
1244 1454 1373 1524 ejusdem
1386 1453 1480 1526 operis
1495 1453 1702 1524 posterioribus
1713 1453 1825 1508 duobus

68 1539 251 1594 absolvendis
265 1540 355 1608 libris,
371 1545 433 1597 tum
447 1543 532 1598 etiam
556 1544 638 1600 elteri
652 1543 782 1601 cudendo
806 1544 878 1600 libro
902 1542 937 1599 de
955 1541 1076 1598 ordina:
1097 1541 1128 1596 in
1147 1557 1205 1613 quo
1219 1540 1324 1597 citatur
1344 1540 1488 1596 interdurn
1504 1541 1577 1596 liber
1591 1540 1625 1595 de
1649 1541 1735 1595 Beata
1749 1541 1822 1607 Vita,

9 1638 13 1645 ·
68 1625 204 1682 laudatur
217 1627 304 1682 etiarn
314 1629 393 1685 locus
403 1629 470 1686 libri
479 1631 559 1687 tertii
571 1634 669 1687 contra
681 1631 880 1687 Academicos:
893 1630 968 1687 uude
978 1629 1136 1686 secundum
1145 1630 1223 1684 huuc
1231 1629 1266 1684 de
1278 1629 1384 1684 Ordine
1393 1628 1500 1684 librum
1513 1632 1578 1700 post
1586 1627 1657 1683 istos
1666 1628 1825 1699 perlectum

64 1720 132 1772 'esse
144 1714 342 1788 intelligimus.

104 1806 314 1875 Argumentum
328 1804 477 1877 utriusque
491 1804 557 1862 libri
571 1805 685 1862 exbibet
699 1822 811 1863 annexa
824 1805 871 1861 hic
889 1805 1072 1863 Retractatio.
1090 1806 1122 1860 ln
1137 1805 1231 1877 primo
1247 1804 1389 1876 insignior
1404 1805 1482 1860 locus
1495 1808 1548 1875 est,
1564 1804 1613 1859 ubi
1628 1804 1823 1876 comprimun-

67 1893 118 1947 tur
131 1891 321 1946 emulationis
342 1895 370 1946 et
392 1892 486 1948 inanis
505 1893 654 1965 jactantiae
668 1899 761 1949 motus
775 1894 829 1963 illi,
846 1894 950 1966 quibus
964 1894 1066 1966 agitari
1081 1895 1176 1950 solent
1189 1894 1383 1949 adolescentes
1397 1893 1447 1966 qui
1462 1893 1563 1949 litteris
1575 1898 1681 1948 navant
1694 1908 1821 1965 operam.

68 1982 103 2035 In
123 1979 246 2036 secando
266 1979 340 2035 libro
355 1996 389 2036 ex
414 1980 522 2036 ordinis
540 1981 705 2038 delinitione
720 1988 876 2038 nascuntur
889 1982 974 2039 varia
988 1982 1182 2056 quaestiones.
1198 1999 1321 2055 cumque
1335 1982 1379 2038 rei
1393 1982 1545 2038 difficultas
1560 1981 1766 2037 collocutorum
1781 1998 1823 2037 ca·

67 2075 153 2142 ptum
174 2073 331 2141 superaret,
350 2068 441 2124 visum
455 2074 497 2126 est
509 2071 668 2143 Augustino
682 2076 793 2127 rectum
806 2071 940 2127 studendi
951 2072 1082 2127 ordinem
1097 2072 1227 2128 edocere.
1243 2071 1425 2143 Quapropter
1438 2069 1566 2142 primum
1580 2070 1615 2125 de
1635 2068 1824 2125 informandis

67 2157 124 2213 rite
139 2157 277 2226 moribus,
299 2163 361 2220 tum
384 2159 419 2214 de
433 2158 636 2230 comparandis
652 2159 786 2214 humenis
799 2159 957 2230 disciplinis
972 2158 1096 2228 disserit,
1114 2160 1220 2232 quibus
1235 2159 1324 2216 fretus
1339 2158 1515 2230 adjumentis
1527 2158 1640 2213 animm
1654 2157 1691 2214 ad
1705 2156 1825 2212 celsiora

68 2246 191 2303 demum
204 2246 391 2319 percipienda
404 2249 549 2304 evehatur.

121 2334 201 2404 Vide
215 2334 337 2403 librum
355 2344 386 2417 i,
404 2357 478 2425 cap.
496 2343 529 2418 3,
543 2338 844 2419 ltetraetationnm‚
860 2336 922 2404 col.
938 2342 1095 2418 see-589,
1112 2333 1263 2418 αυενὸίε,
1281 2336 1450 2404 Paridem
1465 2342 1613 2420 tempus,
1629 2357 1664 2401 n.
1682 2342 1714 2414 i,
1725 2354 1827 2422 usque

67 2432 119 2501 ad
134 2433 234 2501 verba
246 2455 280 2501 n.
298 2441 331 2513 3,
354 2435 512 2503 Ordinem
530 2455 646 2502 rerum
664 2437 801 2504 Zenobi.
916 2436 960 2502 Μ.

494 2737 549 2844 S.
600 2737 923 2845 AURELII
973 2733 1398 2842 AUGUSTINI

701 2918 980 2978 HIPPONENSIS
1003 2916 1196 2975 EPlSCOPl

344 3075 597 3265 DE
752 3069 1559 3264 ORDINE

759 3351 922 3431 LlBRl
964 3349 1132 3438 DUO(⁰‘.

605 3652 878 3778 ernau
925 3602 1286 3775 Pullius

103 3847 303 3912 Disputationes
315 3847 381 3898 duas
393 3846 509 3907 exhibet,
522 3858 634 3911 quarum
646 3845 731 3910 prium
741 3844 818 3896 docet
829 3845 919 3895 omnia
929 3857 1036 3908 prorsus
1046 3847 1073 3893 et
1084 3843 1155 3894 bona
1163 3848 1190 3894 at
1201 3842 1272 3892 male
1285 3840 1378 3892 ordine
1390 3840 1488 3890 diune
1503 3839 1677 3904 providentia
1687 3837 1826 3888 contineri.

72 3925 197 3976 &cunda
210 3926 243 3977 de
256 3926 358 3977 ordinis
368 3926 520 3991 prestantia
532 3930 558 3976 et
567 3925 676 3977 notione
685 3924 810 3976 nonnihil
821 3925 921 3989 tangit;
932 3927 1011 3988 atque
1022 3924 1065 3974 bic
1073 3923 1134 3974 data
1144 3922 1282 3973 occasione
1292 3919 1480 3985 incompositos
1492 3919 1573 3969 animi
1585 3923 1673 3970 mutus
1681 3921 1707 3969 at
1714 3918 1828 3983 pueriles

72 4005 192 4069 gloriolre
203 4006 313 4056 obtentu
323 4006 394 4055 rixas
403 4005 572 4055 alumnorum
585 4018 694 4054 suorum
704 4004 821 4069 gravitm
827 4003 911 4068 carpit
920 4002 1100 4068 Augustinus;
1112 4006 1222 4069 tumque
1232 4001 1384 4052 llonnicam
1396 3999 1461 4050 dicit
1471 3999 1607 4051 obseram
1621 3996 1830 4063 aphilosopbica

72 4085 255 4150 disputatione
271 4086 381 4137 minime
392 4085 533 4136 urendam
549 4098 616 4135 esse.

429 4270 573 4311 onerario.
981 4249 1085 4321 capita,
1097 4248 1264 4320 inspiciunt,
1281 4263 1368 4319 quarn
1383 4245 1527 4319 quomodo
1542 4243 1592 4299 liat
1605 4245 1677 4297 utet
1690 4242 1764 4297 [tens
1776 4241 1828 4295 hn-

74 4347 190 4404 CAPUT
211 4346 359 4402 PiilllUll.
382 4375 417 4386 -
439 4345 535 4401 Omnia
548 4343 643 4399 diuina
662 4339 835 4412 prouidentia
857 4340 924 4407 rapi.
980 4352 1067 4393 mana
1086 4340 1176 4403 curet,
1201 4339 1229 4391 et
1250 4338 1329 4390 tauta
1348 4331 1529 4389 inhumanis
1552 4331 1637 4385 rebus
1661 4326 1829 4401 perversitas

113 4440 138 4491 i.
163 4434 300 4490 Ordinem
321 4449 430 4497 rerum,
458 4431 574 4499 zenobi,
602 4427 741 4502 consequi
769 4409 801 4483 ae⁰
827 4432 926 4483 tenera
981 4440 1189 4497 usquequaque
1199 4423 1301 4480 diffusa
1316 4423 1363 4489 sit,
1378 4427 1478 4478 utnon
1496 4419 1609 4484 divine,
1624 4416 1673 4471 sed
1684 4431 1721 4471 ne
1736 4414 1830 4469 servili

73 4523 180 4596 cuique
194 4522 352 4595 proprium,
363 4525 425 4577 tum
446 4537 511 4576 vero
527 4519 718 4575 universitatis
736 4534 794 4589 quo
812 4533 927 4573 coerce-
983 4512 1098 4586 quidem
1112 4512 1238 4584 cuipiam
1251 4508 1459 4584 procurationi,
1471 4507 1495 4562 si
1508 4507 1535 4561 ei
1549 4509 1628 4560 tanta
1641 4506 1767 4575 potestas
1782 4499 1830 4558 da·

76 4618 126 4668 tur
150 4627 183 4666 ee
204 4609 300 4682 agitur
319 4610 366 4665 hic
389 4610 527 4674 mundus,
548 4609 589 4663 rel
611 4608 707 4663 ridere
734 4606 777 4662 rel
800 4607 927 4679 paudere
982 4607 1071 4667 retur,
1083 4601 1233 4657 tribuenda
1241 4616 1302 4655 essa
1312 4599 1452 4654 videatur.
1464 4593 1655 4660 Quamobrem
1663 4590 1733 4646 illud
1748 4590 1830 4663 quasi

74 4698 278 4755 difficillimum
293 4699 460 4754 bominibus
484 4701 568 4769 alque
592 4695 772 4752 rarissimum
793 4699 845 4749 est.
868 4695 928 4749 linc
982 4690 1176 4746 necessarium
1195 4689 1230 4744 iis
1244 4688 1348 4761 quibus
1367 4686 1435 4742 talia
1458 4687 1525 4738 sunt
1543 4698 1629 4749 curm,
1654 4679 1830 4736 eredendum

74 4787 186 4843 accedit
200 4787 277 4858 quod
301 4786 412 4842 etiamsi
426 4785 490 4858 quis
503 4787 565 4840 hrec
579 4783 678 4855 pessit,
691 4798 749 4838 nou
764 4781 834 4836 illud
853 4795 928 4852 qno-
983 4778 1139 4834 dimittitur
1152 4798 1160 4847 ;
1171 4782 1222 4833 ant
1243 4776 1368 4831 divinam
1391 4770 1599 4845 providentiam
1618 4784 1676 4825 nou
1690 4783 1782 4839 usque
1799 4766 1828 4822 in

77 4892 134 4949 qne
149 4876 242 4931 valeat
258 4874 382 4943 efficere,
397 4886 429 4930 ut
445 4875 565 4945 dignum
581 4871 741 4927 auditorem
754 4875 813 4925 tam
826 4866 929 4924 divinis
984 4866 1045 4923 hrec
1067 4866 1169 4922 ultim
1187 4869 1216 4921 et
1235 4863 1294 4919 ima
1314 4859 1454 4934 pertendi,
1472 4863 1523 4914 aut
1545 4862 1621 4914 certe
1639 4856 1716 4912 mala
1734 4853 1831 4910 omnia

77 4964 265 5036 obscurisque
279 4964 374 5029 rebus,
397 4963 441 5018 vel
460 4963 526 5017 vitae
547 4960 660 5027 merito,
676 4960 720 5015 rel
737 4957 837 5014 habitu
857 4971 929 5028 quo·
985 4955 1036 5011 liei
1054 4956 1201 5010 voluntate
1215 4948 1366 5008 committi.
1383 4950 1542 5018 Utrumque
1555 4945 1689 5016 impium,
1704 4942 1754 4998 sed
1769 4956 1830 4994 ma·

75 5055 145 5112 dam
170 5053 349 5118 eruditionis,
367 5051 502 5107 inveniat.
520 5051 576 5106 Nec
595 5053 692 5104 temen
712 5046 869 5119 quidquam
887 5048 931 5099 est
985 5044 1028 5117 gis
1041 5042 1194 5115 posterius.
1217 5040 1387 5111 Quanquam
1407 5035 1485 5092 anim
1500 5035 1644 5090 desertum
1666 5033 1724 5088 [teo
1747 5027 1831 5126 quid-

79 5141 158 5216 quod
174 5141 267 5212 magis
289 5141 369 5196 avide
386 5143 520 5211 expetant
534 5152 656 5211 queque
674 5135 784 5207 optima
802 5131 928 5204 ingenia,
986 5130 1215 5204 quamcredere,
1230 5143 1295 5183 cum
1311 5123 1643 5200 imperitissimum,tum
1659 5119 1744 5216 etiam
1757 5131 1833 5214 perr·

79 5229 231 5302 magisque
260 5229 359 5284 andire
378 5245 410 5284 ac
436 5228 543 5285 discere
564 5225 698 5282 studeant
724 5222 775 5296 qni
801 5220 932 5293 scopulos
986 5217 1197 5275 culosissimum
1222 5216 1318 5273 animo
1342 5215 1395 5284 sit;
1414 5219 1512 5270 tamen
1530 5212 1562 5266 in
1579 5209 1648 5283 ipsis
1665 5203 1833 5262 homrmbus

49 5305 148 5376 'vitre
172 5319 260 5391 hujus
277 5323 306 5374 et
324 5317 475 5391 procellas,
490 5316 568 5371 velut
591 5318 684 5371 erecto
708 5315 849 5388 quantum
867 5309 934 5365 licet
988 5322 1075 5364 neruo
1086 5320 1261 5378 quemquam
1271 5319 1331 5360 non
1340 5303 1468 5375 potuisse
1476 5297 1584 5372 aliquid
1596 5292 1761 5351 criminatus
1774 5293 1831 5345 est:

111 5433 151 5498 (u)
165 5433 260 5500 Seripti
275 5434 325 5486 sub
339 5434 418 5485 linem
428 5431 492 5483 anui
507 5433 561 5483 eae.
