3884 6112
66 251 136 305 leae
828 253 935 311 LIBER
958 252 1059 310 [taus.
1253 251 1256 255 ’
1757 266 1827 319 1050

62 373 672 448 videat3videtautemperintelligentiam.
689 378 761 433 Huic
773 378 916 434 solienim
969 394 1057 450 quam
1077 377 1113 432 de
1131 377 1167 431 iis
1188 393 1259 449 quas
1280 377 1343 433 istis
1364 380 1453 434 oculis
1474 380 1605 435 videmus
1629 397 1695 436 eum
1720 382 1824 453 pituita

60 461 131 517 lieet
149 462 246 518 videre
265 461 337 516 nihil
360 479 421 518 esse
435 468 466 519 in
479 465 566 520 rebus
578 467 724 538 potentius
739 472 767 522 et
782 467 915 540 magniti·
971 482 1084 537 semper
1093 466 1465 537 bellumgerentibes.0uid
1477 467 1553 523 enim
1565 468 1661 523 minus
1672 469 1823 525 terendum

60 550 175 605 centius
187 550 222 604 iis
234 550 356 620 naturis,
370 568 446 623 quae,
461 558 494 608 ut
504 554 544 608 ita
559 555 662 624 dicam,
679 555 740 610 sine
755 557 916 612 tumoribus
971 560 999 609 et
1014 555 1191 609 audiendum
1206 560 1258 621 est,
1282 571 1369 627 quam
1391 556 1475 611 fateri
1491 572 1542 612 nos
1558 559 1668 612 ratione
1685 562 1823 628 praestare

61 655 125 694 esse
140 638 357 709 intelliguntur:
374 645 471 695 tumor
485 642 563 697 enim
579 660 637 698 non
652 644 775 700 absurde
787 645 916 716 appella·
970 642 1069 698 bestiis
1086 644 1106 709 ¹,
1134 648 1163 697 et
1186 659 1249 698 eam
1267 660 1330 699 rem
1353 644 1436 699 fateri
1454 661 1515 699 esse
1531 645 1642 717 aliquid
1659 662 1745 717 quam
1761 662 1823 700 cor·

60 732 111 781 tur
123 726 249 798 corporis
261 729 440 798 magnitudo,
455 746 520 801 quaa
531 731 555 785 si
568 733 820 804 magnipendenda
830 737 914 801 esset,
970 747 1059 801 poree
1073 730 1184 787 lumine
1200 732 1348 798 sentimus,
1363 749 1452 803 quam
1462 733 1549 786 etiam
1567 735 1715 788 nonnullae
1726 733 1824 789 bestie

59 815 129 886 plus
144 815 227 869 nobis
243 815 369 885 proiecto
384 818 529 890 elephanti
545 827 687 894 saperent.
705 822 786 886 Quod
802 821 826 875 si
841 821 918 893 quis·
971 818 1074 872 melius
1094 824 1230 887 cernunt;
1252 820 1280 873 id
1306 824 1402 874 autem
1427 821 1504 891 quod
1528 821 1640 875 ratione
1664 821 1822 889 intuemur,
1840 856 1844 863 -

62 919 153 974 quam
161 918 261 956 eorum
272 909 409 974 cognatus
420 906 494 961 dicet
504 909 673 979 elephantos
684 925 744 964 esse
756 910 914 980 sapientes,
970 905 1043 960 nihil
1059 921 1119 960 esse
1143 906 1342 961 contendere?
1366 907 1447 971 Quod
1468 907 1492 961 si
1513 907 1656 963 diceretur
1673 910 1729 963 ieie
1750 925 1822 976 esse,

61 990 140 1045 sensi
155 990 233 1045 enim
246 993 376 1062 quamvis
390 994 545 1063 admirans,
560 997 636 1051 sensi
646 1001 744 1053 tamen
754 998 917 1052 etiamhinc
970 995 1055 1065 quale
1073 993 1141 1049 illud
1158 1000 1211 1061 est,
1228 995 1307 1065 quod
1321 995 1397 1049 oculi
1412 995 1519 1064 vident,
1536 996 1608 1051 nihil
1622 998 1751 1067 prolecto
1767 997 1824 1051 diei

60 1077 195 1133 homines
207 1093 282 1148 saepe
292 1081 456 1152 ambigere3
471 1082 553 1151 illud,
568 1091 710 1156 quantum
728 1086 841 1158 opinor,
861 1086 916 1141 sal·
970 1098 1053 1152 posse
1068 1082 1216 1152 indignius
1235 1082 1389 1138 videretur·

60 1170 124 1220 tem
139 1167 283 1236 concedet,
305 1168 370 1238 plns
385 1170 465 1224 asino
489 1187 589 1242 sapere
603 1175 771 1244 speculam:
792 1191 916 1248 quorum
1006 1173 1050 1225 ee.
1069 1173 1103 1226 Ε.
1127 1170 1243 1240 Accipio
1263 1171 1316 1224 ista
1340 1169 1528 1225 libentissime
1555 1176 1640 1242 atque
1664 1172 1822 1227 assentior:

59 1270 230 1325 comparere
241 1256 457 1326 magnitudines
470 1260 536 1330 plus
546 1262 672 1332 proiecto
683 1268 726 1317 est
736 1278 823 1334 quem
834 1262 916 1316 asini-
971 1257 1021 1313 sed
1037 1256 1109 1312 illud
1130 1273 1176 1311 me
1192 1262 1298 1324 movet,
1314 1273 1380 1312 cum
1400 1273 1546 1328 corporeas
1561 1259 1742 1329 quantitatis,
1764 1276 1824 1314 non

60 1358 156 1398 num:
171 1343 216 1397 vel
238 1345 315 1414 quod
342 1346 427 1400 etiam
450 1348 485 1402 de
504 1350 585 1403 oculo
606 1351 781 1418 dicebamus,
797 1351 843 1404 eui
857 1367 916 1404 non
970 1360 1030 1399 esse
1047 1344 1173 1399 animam
1188 1361 1233 1399 res
1244 1343 1285 1398 ita
1299 1345 1376 1398 clara
1389 1344 1425 1399 sit
1438 1345 1519 1412 mihi,
1536 1351 1568 1400 ut
1582 1347 1701 1401 omnino
1717 1363 1822 1418 quem-

61 1429 173 1501 liqueat
191 1432 295 1502 aquilae
318 1435 436 1489 oculum
452 1436 542 1492 multo
558 1454 645 1509 quam
668 1442 766 1493 noster
786 1446 838 1505 est,
855 1453 917 1493 esse
971 1431 1127 1485 admodum
1146 1430 1276 1486 resistam
1297 1430 1344 1484 ilis
1365 1433 1555 1501 argumentis,
1578 1434 1698 1504 etquid
1721 1450 1823 1488 eorum

61 1519 250 1574 breviorem?
265 1538 322 1592 quo
335 1527 432 1578 tamen
454 1525 504 1579 illa
524 1526 646 1581 sublime
669 1527 710 1582 ita
723 1528 831 1595 uolans,
847 1531 881 1583 ut
900 1543 918 1581 a
971 1535 1030 1573 non
1044 1519 1206 1586 ⁰0n00d³¹112
1222 1519 1503 1590 PP⁰f³¹1³it31¹⁰i0m3
1522 1519 1661 1589 Piifflssms
1675 1537 1726 1576 ΜΓ
1740 1526 1824 1576 &iaie

61 1605 148 1662 nobis
162 1607 192 1662 in
216 1613 296 1663 tauta
319 1611 381 1665 luce
405 1612 521 1669 difficile
543 1619 684 1683 cernatur,
706 1616 842 1670 latentem
863 1616 917 1670 sub
971 1613 1004 1662 ui
1018 1623 1122 1678 ⁰⁰PP⁰³
1136 1607 1246 1675 θΐθθῦῑῑι
1260 1607 1301 1662 iii
1314 1612 1343 1662 ei
1352 1607 1449 1662 animi
1460 1609 1502 1663 iel
1517 1614 1626 1663 crescat
1638 1610 1683 1664 iel
1697 1625 1824 1664 0r0⁵⁰⁰r⁰

60 1694 179 1750 sructice
204 1696 395 1767 lepusculum,
425 1702 519 1757 etsub
541 1702 675 1758 fluctibus
692 1703 800 1774 piscem
820 1703 916 1759 videre
970 1694 1280 1759 videatur·0ui⁸0ssim
1295 1699 1382 1766 11⁰8et
1395 1711 1499 1766 lmeros
1514 1696 1650 1763 insanies,
1668 1713 1704 1751 ¹1⁰
1717 1697 1823 1752 bestia·

61 1787 210 1854 comperta
224 1787 276 1840 est.
293 1787 374 1851 Quod
396 1788 465 1844 siin
488 1789 559 1860 ipsis
578 1790 718 1858 sensibus,
739 1791 843 1862 quihus
862 1790 917 1845 nisi
970 1798 1037 1838 rum
1049 1782 1166 1854 quidem
1179 1783 1385 1837 nonnullarum
1399 1783 1513 1837 astutiae
1524 1785 1825 1856 comparandostquis

62 1883 202 1939 corporea
218 1873 324 1929 sentire
340 1892 398 1930 non
412 1877 511 1932 datum
531 1884 583 1940 est,
606 1879 678 1934 nihil
695 1879 730 1934 ad
744 1894 817 1947 rem,
830 1878 860 1933 id
875 1883 918 1933 est
972 1877 1067 1925 autem
1088 1870 1209 1937 dubitet,
1225 1870 1281 1924 illis
1296 1871 1486 1926 crescentibus
1509 1872 1597 1926 etiam
1616 1872 1710 1944 ipsam
1732 1872 1763 1927 in
1783 1873 1823 1927 eis

62 1956 100 2011 nd
112 1957 170 2012 vim
185 1961 336 2031 sentiendi,
351 1966 426 2019 valet
441 1967 569 2037 corporis
583 1967 752 2038 magnitudo
765 1984 771 2034 ;
786 1971 916 2023 metuen-
971 1964 1183 2036 quodammodo
1196 1981 1322 2020 creseere
1334 1966 1500 2021 rationem?
1517 1965 1637 2035 Deinde,
1653 1966 1678 2021 si
1692 1982 1744 2037 per
1758 1982 1824 2037 spe·

62 2045 172 2100 dumne
186 2053 238 2116 est,
254 2066 362 2121 quasso,
378 2069 415 2108 ne
430 2054 544 2109 animus
558 2056 713 2123 humanus,
729 2055 810 2125 cujus
823 2055 916 2110 excel·
970 2052 1046 2109 tium
1060 2053 1103 2108 sui
1116 2054 1244 2124 corporis
1254 2053 1350 2108 anima
1359 2053 1541 2123 distenditur,
1553 2055 1700 2125 quomodo
1713 2054 1823 2110 nultius

62 2133 179 2203 lentior,
194 2141 223 2192 et
238 2143 398 2210 peuesolus
408 2149 540 2214 aspectus
551 2145 665 2216 estipsa
675 2144 749 2199 ratio
760 2160 818 2216 qua
830 2144 916 2200 etiam
971 2141 1138 2213 quantitatis
1160 2144 1224 2197 est?
1246 2142 1270 2196 si
1284 2145 1380 2196 autem
1395 2142 1461 2211 {non
1477 2140 1660 2210 distenditur,
1676 2143 1822 2214 quomodo

62 2236 94 2274 sc
108 2221 239 2280 invenire
251 2229 379 2298 molitur,
396 2231 469 2286 nihil
483 2232 529 2300 sit,
541 2232 564 2286 si
577 2232 659 2287 illum
673 2232 774 2287 eadem
788 2233 872 2299 ratio,
886 2231 917 2288 id
970 2228 1058 2283 sentit
1068 2228 1174 2300 ubique
1189 2230 1435 2300 pungentem‘iA.
1454 2228 1578 2284 Omnino
1593 2246 1628 2284 ea
1641 2229 1823 2301 quaerisque
1909 2250 1912 2257 ’

63 2312 106 2362 est
121 2325 151 2365 se
166 2311 228 2382 ipse
245 2313 254 2346 ¹
269 2317 350 2372 omni
364 2319 572 2390 magnitudine,
592 2336 649 2393 qua
664 2319 811 2377 obtinetur
823 2322 915 2390 loeas,
969 2331 1017 2371 me
1031 2332 1146 2388 quoque
1160 2333 1237 2386 saepe
1251 2322 1423 2371 moverunt:
1439 2316 1537 2389 itaque
1553 2333 1611 2372 non
1623 2333 1686 2372 sum
1700 2318 1824 2388 impara-

62 2412 160 2452 earere
169 2402 342 2461 convicerit?
352 2408 452 2479 Magna
462 2409 605 2479 quedam,
617 2408 787 2474 credemihi,
798 2424 915 2480 magna,
970 2408 1016 2459 tus
1026 2405 1077 2460 tibi
1089 2406 1274 2476 respondere,
1285 2410 1318 2459 ut
1328 2404 1401 2460 mihi
1409 2406 1487 2460 soleo
1500 2425 1507 2473 3
1518 2409 1617 2460 utrum
1629 2411 1725 2460 autem
1737 2405 1823 2474 bene,

62 2483 114 2538 sed
129 2484 191 2541 sine
215 2491 272 2546 ulla
295 2495 370 2551 mole
393 2496 428 2550 de
453 2496 550 2552 animo
569 2496 722 2569 cogitanda
741 2500 817 2552 sunt
834 2497 916 2561 Quod
969 2493 1125 2564 ratioque
1144 2497 1172 2548 te
1192 2493 1252 2564 agit
1269 2493 1430 2564 judicabit:
1451 2494 1662 2565 qualecumque
1681 2493 1712 2549 id
1727 2498 1823 2549 tamen

61 2567 175 2628 facilius
189 2578 331 2651 contingit
354 2580 399 2648 iis,
424 2581 475 2653 qui
499 2586 549 2636 aut
575 2583 648 2637 bene
672 2581 777 2637 eruditi
800 2584 834 2637 ed
854 2583 916 2638 baec
970 2580 1016 2649 sit,
1031 2582 1096 2652 plus
1114 2585 1190 2636 certe
1205 2597 1264 2635 non
1277 2596 1404 2652 possum,
1429 2580 1485 2636 nisi
1506 2580 1581 2636 torte
1596 2580 1705 2652 aliquid
1718 2581 1823 2636 melius

61 2671 211 2735 accedunt,
227 2684 286 2722 non
303 2668 396 2723 studio
411 2668 505 2724 inanis
522 2669 632 2742 gloriae,
647 2671 695 2726 sed
709 2670 805 2726 divino
818 2685 916 2725 amoro
969 2684 1035 2724 cum
1056 2668 1246 2742 disputamus,
1270 2668 1301 2723 in
1323 2674 1452 2724 mentem
1471 2669 1608 2723 divinitus
1630 2669 1750 2723 venerit.
1768 2667 1822 2723 Sed

60 2756 192 2814 veritatis
213 2757 341 2824 accensi3
359 2761 409 2811 aut
423 2757 474 2828 qui
491 2758 554 2829 jam
571 2757 602 2812 in
618 2759 663 2813 his
678 2757 842 2830 quaerendis
856 2773 916 2812 ver·
970 2772 1098 2828 agamus,
1123 2756 1147 2810 si
1169 2757 1272 2827 placet,
1294 2771 1375 2810 more
1394 2760 1502 2823 nostro,
1522 2759 1556 2810 ut
1574 2755 1645 2810 duee
1664 2755 1775 2810 ratione
1789 2759 1822 2809 tu

61 2850 173 2911 santur,
199 2843 330 2915 quamvis
349 2843 443 2899 minus
469 2845 575 2901 eruditi
603 2848 640 2902 ed
664 2845 862 2918 investiganda
882 2861 916 2900 ea
969 2845 1021 2900 tibi
1036 2844 1098 2915 ipse
1112 2843 1294 2916 respondeas.
1312 2845 1352 2898 Ac
1363 2843 1443 2913 prius
1457 2858 1632 2913 quaeramus,
1649 2845 1745 2897 utrum
1761 2858 1822 2896 cre·

62 2932 205 3002 venerint,
220 2931 243 2985 si
254 2931 397 3002 patienter
410 2933 492 2987 bonis
507 2950 537 2988 se
553 2932 659 2989 doeiles
674 2935 814 3004 praebent,
830 2938 915 3005 etque
969 2932 1074 2987 scentia
1089 2947 1154 2986 cum
1176 2946 1297 3002 corpore
1317 2929 1408 2985 animi
1424 2935 1534 2984 certum
1553 2933 1758 3000 argumentum
1773 2929 1820 2997 sit,

61 3022 98 3075 ab
111 3020 191 3074 omni
202 3036 356 3091 corporum
366 3021 586 3085 consuetudine,
601 3022 783 3093 quantumin
795 3022 848 3076 hac
858 3021 915 3077 rita
969 3018 1145 3093 quodaetatis
1156 3015 1818 3087 accessuaptiorhumanaeconsuetudinihomo,

60 3107 250 3182 permittitur,
266 3112 356 3162 semet
371 3113 512 3164 avertunt.
537 3109 613 3165 Fieri
628 3114 726 3165 autem
743 3126 802 3165 non
822 3114 916 3181 potest
969 3113 998 3164 et
1006 3108 1038 3163 in
1050 3123 1084 3163 ea
1094 3106 1186 3178 magis
1195 3105 1344 3178 magisque
1355 3105 1464 3177 peritus
1477 3110 1529 3160 est.
1543 3108 1576 3160 Ε.
1592 3106 1652 3176 Age
1664 3109 1696 3158 ut
1705 3104 1817 3174 placet;

61 3197 188 3269 quadm
200 3195 492 3267 divinaprovidentia,
501 3202 534 3252 ut
543 3198 794 3271 religiosisanimis
804 3198 915 3270 seipsos
969 3200 1084 3251 namet
1106 3212 1160 3267 ego
1183 3195 1212 3250 id
1233 3209 1324 3266 genus
1347 3193 1519 3248 docendiae
1542 3191 1670 3248 discendi
1695 3191 1819 3247 maxime

61 3292 92 3341 et
107 3286 198 3341 Deum
213 3302 307 3353 suum,
324 3285 409 3340 idest
423 3287 571 3343 ueritatem
586 3288 644 3361 pie,
659 3293 734 3344 caste
750 3304 782 3343 ac
796 3288 915 3360 diligen·
967 3284 1076 3356 probo:
1091 3282 1187 3338 nescio
1207 3299 1265 3354 quo
1280 3281 1359 3337 enim
1373 3282 1458 3337 modo
1473 3298 1538 3336 eum
1554 3281 1583 3336 id
1598 3280 1675 3353 quod
1691 3279 1818 3335 nesciens

60 3379 108 3430 ter
121 3374 327 3445 quaerentibus,
342 3374 510 3431 inveniendi
523 3376 643 3431 incultas
658 3375 741 3432 desit.
969 3372 1133 3444 querebam
1147 3372 1209 3442 ipse
1220 3370 1389 3442 respondeo,
1401 3370 1433 3424 tit
1448 3369 1512 3441 ipsa
1525 3368 1652 3425 inventio
1663 3384 1722 3423 non
1732 3368 1818 3424 modo

117 3463 229 3518 CAPUT
243 3463 297 3518 xv,
313 3492 348 3504 -
362 3463 498 3534 Objicitar
510 3467 632 3519 animem
644 3468 723 3520 etate
736 3478 859 3519 crescere.
968 3477 1010 3530 re,
1026 3461 1076 3516 sed
1092 3459 1280 3516 admiratione
1293 3462 1304 3495 ³
1318 3459 1404 3514 ctiam
1417 3458 1537 3513 dulcior.

99 3553 144 3606 25.
160 3550 213 3605 Sed
227 3552 263 3605 ab
273 3551 328 3605 ista
338 3552 507 3622 questione,
517 3551 574 3606 nisi
586 3552 654 3624 quid
666 3553 794 3607 adhucte
808 3556 913 3620 movet,
968 3551 1081 3606 CAPUT
1106 3551 1173 3604 llVl.
1201 3579 1233 3590 -
1254 3548 1440 3618 Respondetur
1460 3547 1605 3616 objectioni
1624 3551 1650 3600 et
1669 3544 1820 3601 ostenditur

57 3639 123 3710 jam
132 3638 310 3705 recedamus,
322 3638 347 3693 si
357 3640 450 3709 placet
461 3658 468 3708 ;
479 3645 508 3695 et
517 3640 618 3695 adalia
627 3645 804 3695 transeamus
814 3656 821 3694 ε
833 3639 916 3711 quid·
1056 3640 1178 3693 animem
1193 3639 1251 3692 siue
1270 3651 1396 3705 corporeo
1413 3638 1575 3690 incremento
1592 3637 1728 3704 proficere.

60 3726 134 3799 quid
147 3732 244 3782 autem
258 3727 294 3782 de
315 3727 374 3781 illis
390 3727 491 3800 liguris
505 3727 653 3800 loquacius
667 3745 684 3783 a
698 3728 782 3783 nobis
795 3728 915 3783 tortasse
1003 3729 1048 3782 27.
1070 3726 1106 3781 A.
1130 3725 1181 3779 llic
1195 3740 1264 3796 ergo
1285 3728 1381 3779 utrum
1396 3722 1450 3778 tibi
1472 3723 1565 3793 majus
1583 3726 1612 3776 et
1634 3720 1738 3777 melius
1761 3721 1819 3776 duo

60 3813 240 3883 disputatum
251 3819 294 3868 est
305 3829 392 3886 quam
404 3814 530 3882 volebas,
543 3814 652 3870 videbis
661 3819 801 3887 quantum
812 3815 848 3870 ad
860 3814 916 3870 alia
968 3814 1111 3886 quosdam,
1126 3830 1165 3868 an
1178 3826 1268 3868 unum
1284 3816 1370 3883 atque
1392 3812 1468 3867 idem
1484 3826 1545 3865 esse
1565 3810 1694 3865 videatur
1709 3808 1821 3864 duobus

59 3901 177 3969 valebit,
202 3901 226 3956 si
248 3902 322 3957 bane
346 3900 585 3974 disceptationem
606 3903 717 3975 aliquid
731 3920 765 3958 eo
787 3903 914 3975 adjutam
967 3902 1133 3959 nominibus
1143 3899 1338 3973 appellatum?
1348 3903 1381 3955 li.
1394 3899 1457 3956 Scio
1468 3899 1547 3953 alind
1557 3896 1704 3970 essequod
1714 3898 1818 3969 majus,

59 4003 124 4043 esse
143 3988 292 4056 concedis3
316 4005 383 4043 nam
404 3994 432 4044 et
455 3994 567 4044 exercet
589 3990 719 4045 animum
740 3990 795 4045 hoc
823 4006 915 4061 genus
967 3991 1047 4046 aliud
1068 3991 1147 4062 quod
1167 3990 1270 4044 melius
1285 3989 1416 4044 dicimus.
1432 3989 1468 4043 A.
1484 3987 1558 4052 Quid
1572 3987 1678 4042 borum
1693 3987 1818 4043 duorum

58 4075 290 4147 disciplinarum,
303 4076 339 4131 ed
347 4076 498 4132 subtiliora
507 4078 660 4147 cernenda,
676 4094 713 4133 nc
723 4078 786 4133 luce
797 4077 915 4133 illorum
968 4083 1011 4134 cst
1020 4078 1101 4151 cujus
1111 4093 1172 4133 esse
1186 4083 1270 4150 putes
1284 4076 1498 4148 quantitatem?
1510 4078 1543 4131 Ε.
1558 4075 1589 4130 ld
1600 4074 1731 4130 videlieet
1740 4073 1818 4145 quod

59 4179 257 4234 repercussus,
275 4168 304 4220 et
320 4180 383 4219 eam
398 4165 539 4221 sustinere
553 4182 612 4221 non
627 4167 733 4235 valens,
751 4165 782 4221 in
799 4164 915 4221 easdem
967 4168 1061 4238 majus
1071 4166 1202 4223 dicimus.
1213 4168 1249 4221 A.
1261 4164 1335 4229 Quid
1345 4180 1410 4220 cum
1420 4165 1542 4220 duarum
1553 4163 1819 4234 figurarumrotun-

59 4251 195 4307 tenebras
216 4267 287 4323 quas
309 4251 409 4324 fugere
428 4252 571 4324 cupiebat,
591 4252 712 4309 libenter
726 4252 870 4326 retugiot3
886 4257 916 4310 et
966 4254 1183 4326 damquadrata
1197 4252 1347 4307 meliorem
1360 4248 1817 4321 essecontitemuriquantitasne

60 4339 146 4394 affert
160 4345 340 4411 argumenta,
351 4340 408 4396 nisi
422 4340 516 4409 fallor,
535 4339 703 4411 certissima,
718 4341 822 4412 quibus
836 4340 914 4413 quod
966 4342 995 4398 id
1008 4341 1085 4409 tacit,
1101 4358 1138 4396 an
1151 4340 1220 4412 quid
1232 4339 1335 4395 aliud?
1348 4343 1382 4398 Ε.
1399 4340 1483 4396 ΝιιΙΙο
1498 4339 1582 4394 modo
1597 4335 1753 4409 quantitas,
1768 4335 1817 4390 sed

59 4426 150 4483 fuerit
161 4427 310 4483 inventum
323 4433 410 4500 atque
420 4428 593 4500 coniectum,
604 4429 802 4500 impudentem
812 4429 915 4484 habeat
966 4429 1017 4486 illa
1025 4429 1061 4484 de
1071 4445 1129 4501 qua
1138 4427 1270 4499 superius
1284 4428 1407 4498 egimus,
1420 4426 1570 4498 aequalitas
1580 4425 1666 4496 hujus
1676 4423 1817 4478 excellen-

60 4513 282 4583 dubitationem,
310 4521 451 4588 quantum
466 4515 579 4571 homini
593 4515 662 4572 talia
675 4516 815 4589 vestigare
827 4518 839 4553 2
851 4532 915 4589 per·
966 4518 1014 4573 tiae
1028 4533 1113 4572 eausa
1127 4521 1178 4572 est.
1195 4518 1231 4573 A.
1246 4517 1327 4571 Nunc
1342 4531 1410 4587 ergo
1425 4514 1497 4570 illud
1513 4512 1638 4579 attende,
1652 4515 1751 4567 uuum
1764 4509 1818 4565 tibi

60 4602 183 4658 missum
207 4609 250 4658 est
273 4608 294 4660 ¹.
314 4604 408 4660 Minus
428 4604 507 4660 enim
526 4620 579 4677 ego
594 4606 629 4661 de
643 4605 690 4661 his
703 4606 789 4673 rebus
802 4605 911 4671 dubito,
966 4606 1097 4661 videatur
1111 4605 1200 4660 virtus
1219 4603 1367 4677 equalitas
1390 4603 1524 4676 quasdam
1538 4616 1598 4655 esse
1613 4600 1689 4668 vitae,
1711 4599 1818 4656 rationi

95 4743 103 4776 ¹
119 4740 162 4792 Sic
176 4744 239 4793 m
248 4743 281 4793 At
292 4745 333 4793 Er·
348 4748 375 4794 ot
388 4745 448 4794 Im·
461 4743 561 4795 habent
571 4744 666 4807 ipsam,
967 4693 1096 4764 undique
1121 4692 1334 4747 consentientis.
1359 4691 1431 4746 Nam
1450 4689 1474 4745 si
1498 4688 1577 4743 aliud
1592 4687 1627 4742 ab
1642 4686 1697 4743 atio
1713 4686 1744 4742 in
1760 4687 1818 4742 vita

92 4803 177 4854 'Pau
192 4809 219 4855 et
234 4806 287 4862 Er..
308 4812 441 4870 quantam
456 4807 557 4858 toenitii
576 4807 628 4860 toli
645 4807 812 4871 invecticari.
837 4807 914 4866 Van..
967 4807 1085 4872 metipsis
1100 4809 1207 4858 incente
1220 4809 1361 4863 ueneat:
1381 4802 1716 4876 quodaenaeinvidieim
1740 4802 1818 4853 uden-

60 4866 232 4928 taeesttoare,
250 4924 255 4931 ⁶
966 4871 1098 4920 tissimum
1110 4880 1167 4920 esee
1184 4871 1259 4920 ratio
1273 4867 1462 4930 proiecitque
1475 4866 1699 4916 omnreabsunta
1734 4864 1776 4915 ed.
1791 4871 1817 4915 et

93 4927 159 4976 ¹llic
168 4928 218 4977 loci
229 4930 272 4978 Er.
281 4930 374 4979 etbov.
383 4930 915 4993 interponuntietbeeverba:impudens
967 4933 1058 4981 elles.
1071 4957 1101 4967 -
1115 4931 1219 4981 Abeunt
1232 4929 1312 4980 etiarn
1327 4941 1342 4977 e
1355 4930 1413 4978 Par.
1446 4928 1481 4977 dl.

61 4988 192 5040 detectio
204 4991 307 5041 duobis
323 4992 406 5041 moitis
421 4992 479 5048 lieet
492 4995 674 5056 copuosciiur:
684 4993 752 5043 dum
766 4996 817 5043 cat
831 4991 914 5042 bomo
999 4995 1092 5049 1ιον..
1103 4993 1288 5043 uobisrcticne
1297 4990 1533 5054 praetorebeatice.
1546 4988 1597 5040 Sed
1607 4988 1817 5060 legendumcum

60 5050 109 5114 qai
122 5053 224 5102 ratione
235 5055 273 5102 uti
281 5055 371 5115 potest,
381 5052 525 5104 intentum
535 5052 611 5104 liedes
619 5056 744 5118 piperque
753 5055 789 5103 ert
798 5067 913 5117 quereu-
967 5054 1025 5105 aliis
1037 5054 1114 5104 editis
1125 5058 1152 5104 et
1161 5055 1222 5103 blas.
1237 5052 1382 5111 codicibus,
1395 5055 1562 5102 uectatione
1590 5055 1703 5102 restare
1714 5049 1816 5121 bestiis.

60 5112 126 5162 dom
136 5114 268 5164 ceritatem
275 5111 400 5178 efficitur,
408 5120 438 5166 at
443 5115 610 5177 piassetitin
620 5115 732 5166 tenebris
740 5115 868 5166 vanitatis
876 5129 915 5165 re-
968 5117 996 5166 ld
1024 5117 1101 5180 uippe
1112 5116 1259 5179 Augustino
1272 5114 1467 5164 intolerandum
1480 5113 1557 5163 hievi
1576 5113 1818 5183 etur,siqu1econ·

59 5186 183 5233 manere,
202 5189 283 5239 qaam
299 5179 328 5226 in
342 5190 371 5227 eo
385 5179 456 5240 quod
468 5191 485 5227 c
499 5178 622 5227 creatore
632 5190 680 5227 sec
693 5179 728 5226 eat
741 5177 864 5229 conditus
879 5177 915 5228 ad
966 5131 1058 5228 territat
1067 5177 1201 5240 objectum
1210 5177 1322 5248 rationis
1331 5189 1389 5227 esse
1399 5175 1817 5248 nibit.dumipsiusv1suscorpo-

59 5240 175 5299 seipsum
184 5239 264 5288 semet
274 5241 301 5289 et
311 5242 393 5288 Deum
405 5251 557 5289 suuaaoerc
565 5239 771 5290 ratiomucticue
779 5241 916 5290 inoenien-
967 5241 1002 5290 rei
1016 5240 1147 5302 obiectum
1160 5252 1217 5288 esse
1229 5238 1329 5303 aliquid
1339 5237 1454 5288 letemur
1464 5253 1470 5287 :
1480 5241 1645 5288 strationem
1658 5233 1742 5292 ehem,
1754 5245 1816 5294 qma

60 5297 126 5348 dam
148 5299 415 5365 iaceatiqoudumque
426 5300 569 5360 letorore3
588 5305 636 5352 cut
648 5304 704 5351 tam
716 5302 838 5363 improbo
852 5315 914 5350 con-
966 5301 1068 5351 ratione
1083 5300 1191 5363 quidem
1207 5305 1363 5364 prestamus
1383 5300 1484 5368 bestiis,
1503 5300 1566 5363 ipsa
1585 5309 1646 5348 aare
1662 5296 1817 5359 plerumque

60 5362 185 5410 tomacla
198 5373 231 5411 ea
245 5363 420 5425 quaeaeaue
433 5362 621 5414 laborantibus
629 5363 743 5414 studiose
753 5364 777 5412 et
811 5366 915 5427 teque
965 5363 1039 5413 usus
1052 5362 1237 5426 perspicuitate
1251 5362 1329 5412 nobie
1361 5367 1478 5413 meunt.
1765 5415 1770 5427 ‚

60 5421 179 5472 rentibus
186 5426 211 5474 et
217 5425 328 5476 invento
338 5423 487 5488 etconiecic
494 5431 566 5482 aaut,
576 5426 691 5474 investiri
698 5431 723 5475 et
734 5436 779 5475 σοι
821 5425 914 5489 'posse
997 5425 1096 5495 ¹bov..
1109 5426 1193 5495 culmi
1207 5427 1311 5474 ratione
1319 5439 1327 5496 3
1343 5377 1513 5496 iibrariopum
1533 5421 1608 5492 lapsu
1624 5431 1671 5482 pro
1685 5428 1817 5470 ammire-

60 5481 200 5534 duciture:
218 5497 299 5549 aeque
311 5487 397 5538 uliam
410 5487 441 5538 ob
455 5497 564 5538 caesam
577 5485 684 5551 {uoluat
694 5489 744 5538 uisi
754 5486 827 5551 quod
840 5498 858 5538 e
871 5498 912 5536 ae·
967 5487 1045 5547 tione,
1060 5489 1098 5535 uti
1110 5489 1236 5550 scriptum
1251 5491 1308 5535 erat
1318 5500 1346 5535 ur
1360 5491 1476 5549 antiquie
1488 5482 1630 5533 codicibus.
