3884 6112
258 39 404 133 '.'

128 219 176 273 121
308 221 317 231 “
427 267 430 270 .
731 209 819 269 VITA
837 209 869 267 S.
892 205 1087 266 AUGUSTlNl
1107 202 1277 260 EPlSCOl‘I.
1831 201 1880 256 128

124 337 196 406 buit,
210 351 296 410 quam
310 335 497 393 adscribimus
511 333 631 392 inferius
646 334 654 407 (
669 336 759 404 lasea,
774 351 802 390 n.
823 334 862 406 9).
884 334 973 389 Porro
1029 326 1255 395 decimotertio,
1276 325 1355 382 horis
1375 324 1609 382 antemeridianis
1634 322 1780 397 prosecuti
1804 329 1871 380 sunt

124 429 184 483 haec
199 425 369 482 instituendi
383 426 467 497 ratio,
478 442 565 499 quam
582 425 759 497 Augustinus
772 423 847 491 iniit,
861 425 974 478 tantum
1029 416 1098 481 Quae
1111 416 1245 472 triduana
1263 414 1419 487 disputatio
1433 431 1467 470 ex
1490 414 1582 470 tribus
1597 413 1678 471 libris
1696 417 1797 470 1011111
1810 415 1880 469 Aca-

124 516 257 588 trygetio
280 519 309 571 at
335 514 459 571 Licentia
479 514 599 587 profuit,
616 513 805 587 utquiprius
824 525 972 567 10111011-
1029 505 1154 561 demicus
1178 504 1299 577 scriptis,
1325 503 1451 576 priorem
1479 503 1638 560 constituit.
1664 503 1755 568 Quem
1783 503 1880 574 Augu·

124 606 199 670 rant,
215 599 262 655 vix
278 599 426 655 crederent
444 599 485 655 sic
508 599 571 655 illos
593 599 628 654 ad
649 614 695 653 ras
713 612 831 669 magnas
855 592 974 650 investi·
1029 594 1121 650 atinus
1135 594 1265 662 absolvit,
1280 593 1377 649 dicens
1391 594 1464 649 hanc
1478 591 1702 648 controversiam
1717 591 1816 664 paucis
1829 609 1882 663 po-

123 688 231 760 gandae
259 686 406 755 exarsisse,
432 691 461 743 et
484 687 512 741 id
535 685 627 741 {etatis
652 685 844 740 adolescentes
865 683 973 737 bellum
1029 683 1117 740 tuisse
1138 682 1279 750 concludi,
1313 682 1368 738 nisi
1392 683 1443 738 1101
1473 682 1665 737 adolescentes
1688 697 1831 748 exercere,
1855 684 1884 736 et

123 775 258 833 indixisse
277 777 469 849 voluptatibus
483 781 528 840 (111
549 777 659 841 Ordine,
676 775 723 830 tib.
740 777 768 842 t,
783 789 815 828 n.
835 771 889 843 29).
911 772 974 827 Non
1029 787 1130 828 eorum
1144 787 1292 828 nervosae
1307 771 1400 828 studia
1414 770 1558 843 inprimis
1572 772 1719 841 explorare
1735 768 1880 826 voluisset.

124 865 269 922 immerito
282 865 379 937 itaque
394 862 722 920 Licentiusfelicissimos
736 861 798 916 illos
814 861 883 931 dies,
903 876 975 933 quos
1064 863 1094 918 4.
1114 862 1181 917 Post
1194 856 1465 932 illud'colloquium,
1480 864 1587 932 septem
1604 859 1663 915 fere
1679 859 1780 915 diebus
1794 874 1811 913 a
1825 858 1883 914 dis·

123 972 188 1012 cum
204 959 300 1011 sancto
317 958 435 1011 11011011
450 954 480 1008 in
495 954 585 1010 ltalia
599 952 695 1009 medio
711 951 971 1024 interjacundissi·
1028 950 1175 1023 putatione
1204 949 1375 1022 quieveruut
1397 950 1489 1020 llbtrl„
1513 949 1562 1005 lib.
1586 953 1615 1020 2,
1639 966 1667 1006 11.
1693 951 1750 1018 10).
1774 950 1829 1004 Per
1852 946 1881 1003 id

125 1044 244 1100 maotia
264 1047 451 1116 transegerat,
469 1042 523 1098 sibi
542 1047 642 1114 postea
659 1041 786 1098 revocari
805 1040 976 1114 peroptabat
1030 1039 1108 1095 enim
1143 1038 1292 1112 temporis,
1327 1039 1496 1111 priusquam
1537 1038 1626 1094 libros
1663 1039 1697 1094 de
1735 1036 1884 1093 Academi-

126 1135 260 1199 (Carminc
288 1132 325 1187 ad
355 1135 473 1202 August.
508 1137 709 1203 preceptorem,
739 1147 809 1187 vers.
848 1133 881 1185 52
912 1144 973 1199 sqq.
1030 1129 1070 1185 cis
1097 1129 1274 1197 absolvisset,
1309 1129 1414 1184 librum
1449 1128 1484 1183 de
1518 1129 1604 1182 Beata
1627 1126 1690 1182 Vita
1724 1126 1886 1198 composuit

124 1225 153 1278 111
179 1227 248 1278 tomo
273 1224 302 1291 1,
328 1222 419 1291 Epist.
447 1223 502 1291 tt).
532 1220 678 1293 Quidquid
705 1219 736 1275 in
760 1219 806 1275 his
829 1218 976 1276 dicabatur
1031 1217 1157 1287 (11111111.
1178 1219 1226 1273 lib.
1253 1221 1278 1283 1,
1299 1234 1358 1288 cap.
1382 1217 1409 1289 2)
1433 1232 1467 1273 ex
1490 1215 1650 1288 colloquiis,
1673 1231 1737 1287 quae
1761 1231 1813 1287 pcr
1832 1214 1884 1270 tri-

126 1305 289 1378 colloquiis,
306 1306 432 1362 adhibito
448 1305 560 1361 notario
584 1304 680 1360 statim
702 1304 768 1359 stilo
782 1301 977 1373 excipiebatur
1029 1309 1130 1375 duum,
1142 1306 1253 1362 decimo
1266 1307 1363 1373 tertio,
1380 1305 1604 1377 decimoquarto
1618 1309 1647 1359 et
1659 1304 1884 1377 decimequinto

124 1396 171 1465 (De
190 1396 300 1464 Ordine,
331 1395 377 1451 lt'b-
404 1399 430 1461 l,
453 1411 482 1450 n.
508 1395 545 1466 5).
574 1394 657 1459 Quod
680 1409 794 1467 semper
820 1391 976 1464 usurpabat
1030 1392 1885 1467 novembrishorispomeridianishabuit.lluosetiamlibros

123 1483 310 1556 Augustinus,
338 1488 400 1540 tum
424 1499 460 1539 ue
481 1483 550 1556 quid
575 1482 643 1539 boni
664 1482 757 1555 perire
776 1480 974 1555 'permitteret
1030 1486 1065 1542 de
1079 1485 1185 1541 Ordine
1196 1484 1287 1556 (ibid,
1303 1500 1363 1555 cap.
1378 1484 1415 1557 3),
1431 1483 1484 1539 hoc
1495 1488 1547 1552 est,
1562 1483 1688 1556 priorem
1698 1482 1748 1555 qui
1761 1482 1885 1538 duorum

124 1575 187 1628 tum
205 1573 280 1644 quod
302 1574 332 1629 id
350 1572 506 1629 ualetudini
525 1589 584 1628 sure
603 1572 763 1629 conducere
778 1570 885 1626 viderat
902 1586 908 1625 :
926 1568 975 1624 ali·
1030 1574 1154 1642 dierum,
1173 1573 1277 1629 docimi
1295 1572 1367 1628 sexti
1381 1576 1410 1629 et
1433 1571 1537 1628 decimi
1562 1570 1677 1644 septimi
1698 1573 1742 1640 (ut
1761 1570 1883 1638 ridetur)

123 1676 181 1733 qua
209 1661 287 1717 enim
315 1662 451 1735 loquendi
481 1661 648 1718 difficultate
666 1661 823 1728 laborabat,
852 1663 881 1714 et
908 1674 975 1713 euni
1031 1663 1173 1735 colloquia
1187 1662 1387 1736 complectitur
1399 1661 1447 1733 (lle
1461 1662 1570 1728 Oratim,
1585 1661 1634 1717 tib.
1653 1663 1679 1727 1,
1695 1677 1724 1715 u.
1738 1660 1796 1730 27).
1816 1660 1886 1716 ilinc

124 1753 193 1806 tunc
204 1750 321 1806 tenebat
335 1751 520 1806 incommoda
534 1750 676 1816 valetudo,
692 1766 757 1821 quac
771 1764 824 1804 uec
840 1764 907 1804 eum
922 1763 972 1801 sua
1031 1752 1208 1824 Augustinus
1229 1752 1260 1807 in
1274 1751 1348 1807 libro
1363 1751 1397 1807 de
1414 1752 1500 1806 Beata
1520 1750 1583 1806 Vita
1607 1748 1717 1811 scribit,
1734 1765 1769 1804 ex
1784 1765 1884 1807 eorum

126 1855 212 1894 manu
222 1840 344 1894 scribere
359 1839 521 1911 patiebatur
530 1839 747 1910 (soliloquiorum
761 1838 810 1892 lib.
829 1840 853 1903 l,
868 1852 897 1891 11.
916 1835 971 1906 ra).
1031 1835 1114 1891 dictis
1126 1840 1231 1905 totum,
1245 1834 1322 1907 quod
1337 1851 1402 1890 cum
1417 1833 1592 1890 Academicis
1605 1838 1800 1906 susceperant,
1815 1850 1884 1890 con·

161 1928 305 1983 1111111
329 1927 481 2000 colloquiis
502 1926 581 1983 varia
601 1927 734 1998 prodiere
758 1923 896 1998 opuscula
919 1925 975 1978 Au·
1031 1925 1138 1980 lectum
1167 1940 1227 1979 esse
1251 1924 1409 1996 negotium,
1433 1927 1461 1979 et
1483 1922 1638 1978 licentium
1663 1921 1771 1994 ubique
1789 1925 1885 1993 partes

124 2014 233 2088 gustini
250 2015 280 2072 in
294 2016 413 2072 modum
433 2015 612 2089 dialogorum
628 2016 712 2082 edita,
729 2014 878 2087 inquibus
894 2011 977 2068 fami·
1032 2012 1266 2069 Academicorum
1289 2013 1428 2068 sustinere
1449 2012 1495 2084 (lie
1515 2014 1599 2068 Beata
1624 2013 1698 2080 Vita,
1718 2027 1744 2066 u.
1767 2011 1826 2081 13).
1852 2012 1883 2066 11

124 2102 209 2158 lieres
237 2104 398 2177 eruditique
419 2104 462 2160 1111
485 2120 665 2176 congressus,
689 2104 785 2161 nativo
808 2118 926 2175 prorsus
948 2104 976 2157 et
1032 2101 1127 2174 priore
1150 2105 1247 2157 autem
1269 2101 1342 2157 libro
1365 2102 1400 2157 de
1424 2101 1528 2157 Ordine
1548 2100 1697 2172 'frygetius
1715 2100 1880 2156 exclamat:

121 2190 248 2262 jucundo
270 2209 402 2248 sermone
417 2199 611 2265 exponuntur.
634 2193 734 2249 Refert
752 2191 897 2266 ipsissima
913 2206 978 2246 ver·
1032 2189 1166 2246 Habemus
1176 2189 1247 2260 jum,
1263 2189 1336 2261 quod
1351 2190 1415 2260 ptus
1430 2193 1480 2258 est,
1500 2189 1653 2244 Licentimn
1668 2203 1721 2243 11011
1741 2188 1885 2243 Academi·

124 2278 169 2346 ba,
193 2280 297 2352 quibus
322 2280 354 2336 in
370 2280 474 2337 iisdem
488 2281 637 2354 colloquiis
652 2286 715 2337 tum
737 2281 809 2353 ipse,
833 2286 896 2336 tum
910 2281 976 2352 Aly·
1033 2294 1093 2334 cum
1112 2278 1351 2351 (1110111111111.
1373 2282 1399 2349 1,
1415 2294 1444 2334 u.
1463 2278 1522 2349 l0);
1543 2294 1592 2333 eos
1611 2277 1689 2333 euim
1709 2277 1759 2333 ille
1775 2276 1884 2333 studio·

125 2366 191 2440 pius
209 2368 253 2424 usi
266 2369 397 2436 fuerant3
413 2369 537 2425 aliorum
556 2373 652 2426 autem
668 2369 848 2425 solummodo
863 2371 978 2424 senteu-
1032 2365 1143 2423 sissima
1157 2367 1309 2422 defendere
1324 2366 1442 2423 solebat.

126 2454 179 2512 tias
194 2455 317 2512 reddidit
331 2456 444 2529 (Contra
460 2458 644 2525 Academicos,
663 2458 714 2515 tib.
736 2458 855 2529 1,11.1).
872 2457 978 2512 11011111
1069 2461 1095 2513 5.
1114 2441 1213 2512 Paucis
1234 2455 1391 2513 admodum
1406 2455 1516 2525 diebus,
1533 2455 1623 2512 trihus
1638 2459 1688 2511 aut
1704 2459 1830 2530 quatuor
1849 2455 1883 2510 11

126 2544 257 2601 omnium
275 2562 341 2618 qua
365 2562 417 2618 per
437 2546 467 2602 id
483 2546 632 2619 temporis,
648 2563 712 2602 cum
734 2563 763 2601 se
777 2545 911 2602 omnibus
929 2545 978 2599 ab·
1033 2562 1190 2614 summum,
1209 2545 1344 2618 elapsisb
1364 2545 1478 2619 gemino
1497 2545 1547 2601 illo
1562 2545 1717 2618 colloquio,
1733 2561 1792 2616 quo
1815 2543 1884 2599 liber

125 2633 227 2689 dicatis
242 2634 276 2689 ad
292 2633 454 2691 christianae
472 2635 538 2691 ritae
551 2634 643 2691 otium
657 2633 832 2703 contulisset,
850 2633 978 2689 nondum
1033 2637 1067 2691 dc
1083 2635 1188 2692 Ordine
1206 2634 1316 2707 primus
1331 2639 1451 2703 constat,
1477 2634 1637 2690 Mediolano
1656 2633 1742 2689 rcdiit
1765 2632 1884 2706 Alypius

127 2721 287 2794 baptizatus
311 2724 478 2792 elaboravit,
499 2725 627 2796 primum
645 2729 688 2780 est
708 2741 780 2796 opus
798 2727 899 2780 contra
912 2723 979 2778 Aca·
1033 2726 1123 2793 (1111,
1137 2725 1183 2780 lib.
1200 2728 1227 2792 2,
1242 2740 1270 2779 u.
1287 2724 1322 2797 1).
1338 2726 1416 2780 Tunc
1429 2724 1604 2797 Augustinus
1618 2723 1814 2779 intermissam
1826 2729 1883 2778 acto

129 2811 266 2882 demicus,
280 2814 324 2868 111
338 2814 372 2868 11
393 2813 568 2870 Academicis
586 2815 722 2886 scriptum
737 2815 979 2884 (detractationem
1033 2818 1099 2869 ante
1119 2814 1218 2869 diebus
1243 2813 1277 2869 de
1299 2814 1477 2870 Academicis
1502 2813 1691 2885 quaestionem
1715 2815 1884 2883 prosecutus

127 2901 174 2956 tib.
189 2905 214 2969 1,
229 2917 290 2973 cop.
303 2901 343 2974 1).
363 2902 532 2971 luillornm,
550 2907 582 2959 ut
590 2903 726 2974 diximus,
736 2902 974 2975 philosophorum
1034 2907 1076 2959 est
1088 2902 1203 2976 (Contra
1223 2904 1325 2973 Acad,
1344 2904 1391 2958 lib.
1413 2906 1482 2972 1,11.
1501 2905 1557 2966 111).
1576 2901 1719 2957 licentius
1734 2899 1882 2956 Academi·

128 3006 239 3046 errores
261 2991 407 3056 inciderat,
434 2991 485 3064 qui
514 2992 672 3064 sapientem
704 2991 840 3064 cuiquam
868 2987 920 3055 rei,
947 2989 981 3041 ut
1034 3008 1133 3048 corum
1154 2997 1249 3064 partes
1269 2996 1366 3047 contra
1385 2991 1550 3063 'frygetium
1571 2995 1599 3045 et
1611 2990 1707 3062 ipsum
1724 2989 1813 3045 etiam
1830 2993 1883 3045 Au·

127 3084 214 3134 certae
241 3084 270 3134 et
298 3079 468 3149 manifesta,
489 3081 621 3135 assentiri
646 3081 848 3151 prohibebant,
872 3085 900 3134 et
921 3092 980 3131 0111-
1034 3081 1181 3154 gustinum
1193 3081 1361 3154 aliquandiu
1370 3080 1560 3149 sustinuit;ac
1570 3077 1885 3136 subindelocumceseit

128 3167 177 3222 nia
197 3166 279 3223 nobis
297 3168 418 3223 obscura
439 3173 467 3224 et
483 3168 571 3224 dubia
593 3170 726 3224 solebant
748 3170 855 3227 rideri:
872 3172 979 3244 quique
1031 3171 1151 3244 Alypio:
1167 3187 1290 3243 quocum
1304 3169 1490 3242 Augustinus,
1503 3186 1560 3225 non
1576 3170 1638 3241 jam
1652 3168 1816 3224 oblectandi
1828 3167 1884 3223 ani·

128 3256 184 3310 hoc
197 3260 278 3326 pacto
292 3255 351 3311 veri
366 3255 532 3311 inveniendi
546 3257 775 3329 desperationem
791 3261 888 3316 multis
902 3261 981 3333 inge
1036 3260 1076 3315 mi
1101 3260 1193 3332 gratia
1214 3261 1387 3332 praeludens,
1415 3263 1448 3314 ut
1474 3264 1558 3314 antea
1585 3275 1649 3313 cum
1675 3258 1814 3325 Licentia,
1838 3256 1884 3312 sed

129 3344 240 3400 rebant.
257 3345 360 3416 Opinio
375 3344 434 3414 illa,
450 3362 537 3418 quam
556 3346 627 3402 falsa
641 3363 742 3403 eorum
762 3353 932 3421 argumenta
950 3350 979 3405 in
1035 3349 1109 3407 serio
1126 3350 1202 3405 velut
1218 3365 1280 3405 rem
1294 3348 1491 3422 gravissimam
1513 3348 1640 3421 agitavit.
1656 3348 1695 3402 Eo
1708 3351 1808 3403 tamen
1829 3345 1882 3412 dic,

129 3431 207 3489 iliius
228 3433 324 3489 animo
345 3434 561 3506 impresserant.
581 3436 705 3492 necdum
733 3436 849 3508 penitus
871 3438 981 3493 oblitta-
1035 3445 1068 3496 ut
1083 3443 1112 3495 et
1133 3444 1261 3512 postero,
1285 3438 1472 3511 quaestionem
1487 3437 1689 3493 tantummodo
1711 3437 1882 3492 delibarunt

136 3527 199 3579 rata
215 3523 318 3579 fuerat.
338 3523 391 3580 Sed
413 3529 510 3580 tamen
529 3524 606 3598 quod
632 3524 726 3597 operis
746 3525 833 3598 hnjus
853 3526 980 3599 quodam
1037 3531 1140 3584 Verum
1159 3527 1204 3583 die
1223 3527 1317 3596 terlio,
1340 3527 1485 3599 cumipse
1504 3527 1623 3600 Alypius
1649 3525 1883 3582 Academicorum

128 3613 192 3669 loco
214 3612 264 3681 ait,
286 3629 316 3668 se
343 3613 416 3668 nihil
430 3613 501 3669 certi
520 3614 612 3670 adhuc
636 3614 741 3670 habere
763 3614 839 3687 quod
866 3615 978 3684 sentiat,
1036 3633 1161 3687 causam,
1172 3631 1259 3688 quam
1269 3616 1414 3683 tuebatur,
1427 3615 1606 3679 deseruisset,
1619 3618 1708 3670 totam
1719 3614 1884 3686 disputatio·

130 3703 186 3758 nisi
196 3702 274 3775 qnod
289 3702 345 3758 illis
358 3702 509 3774 probabile
523 3703 615 3760 visum
631 3707 748 3760 estnon
762 3720 844 3777 possa
857 3704 979 3761 inveniri
1036 3720 1103 3759 nem
1118 3703 1295 3775 Augustinus
1311 3703 1520 3760 orationebene
1531 3704 1617 3775 longa
1627 3703 1885 3776 couclusitzexqua

130 3792 290 3859 vamtatem,
316 3791 372 3846 sibi
403 3796 500 3848 autem
522 3793 644 3848 inveniri
665 3810 748 3867 posse
771 3794 919 3866 probabile
938 3799 982 3851 est
1036 3794 1166 3866 profecto
1182 3793 1310 3848 oratione
1327 3793 1487 3865 periculum
1507 3808 1605 3847 comm
1625 3791 1675 3863 qui
1689 3808 1723 3846 11
1744 3790 1884 3864 probabili

130 3881 244 3949 (Gerrtro
256 3879 442 3946 Academicos,
459 3880 507 3936 1111.
526 3883 597 3949 1,11.
615 3882 674 3951 23);
690 3882 752 3954 quis
767 3899 825 3937 non
839 3882 982 3956 intelligat
1037 3882 1172 3956 opinione
1195 3881 1283 3937 vitam
1302 3881 1458 3937 instituunt
1478 3881 1569 3953 (11111,
1586 3882 1632 3937 lib.
1660 3884 1812 3951 3,111ι.3“ο’,
1829 3881 1884 3951 31).

131 3969 167 4024 ab
180 3968 242 4041 ipso
265 3967 374 4023 dictum
393 3968 486 4040 ligura
501 3970 635 4042 quadam,
659 3970 781 4025 solemni
801 3971 980 4043 dialogorum
1037 3971 1162 4043 prudens
1182 3971 1306 4043 quisque
1327 3970 1403 4027 satis.
1419 3970 1571 4043 intelligat.
1595 3969 1780 4025 Academicos
1801 3969 1885 4024 etium

131 4073 236 4119 moret,
265 4057 498 4131 quandoquidem
529 4059 590 4130 jam
615 4058 679 4131 ipsi,
708 4063 741 4114 ut
772 4059 840 4116 alibi
868 4059 982 4116 disertis
1036 4077 1159 4134 purgare
1172 4059 1327 4127 contendit,
1343 4063 1371 4114 et
1384 4059 1533 4115 ostendere
1548 4059 1577 4114 iu
1592 4075 1625 4114 ea
1643 4058 1707 4113 illos
1723 4075 1782 4112 non
1801 4058 1886 4113 luisse

131 4146 225 4202 verbis
251 4145 330 4213 dicit,
361 4151 440 4202 certa
469 4146 617 4218 perceptio
650 4147 788 4216 raritatis,
823 4147 988 4220 (danteseia
1036 4150 1187 4217 sententia,
1217 4152 1249 4204 ut
1272 4165 1371 4203 rerum
1394 4148 1518 4204 inveniri
1551 4164 1608 4203 non
1631 4163 1713 4219 posse
1738 4147 1888 4203 crederent

131 4253 205 4304 reum,
221 4236 268 4293 lib.
287 4238 303 4292 8
316 4251 377 4306 cop.
388 4239 414 4304 5,
431 4251 459 4290 n.
476 4237 544 4302 1111
557 4237 698 4292 Caetcrum
709 4253 774 4292 cum
788 4254 821 4292 aa
832 4253 876 4292 res
892 4237 979 4293 maxi·
1037 4238 1129 4311 (laid,
1144 4255 1193 4294 1111.
1207 4241 1251 4307 31,
1268 4240 1326 4309 38).
1341 4238 1410 4303 Quas
1425 4237 1588 4310 conjectura
1603 4236 1681 4293 utilis
1695 4240 1766 4303 erat,
1786 4237 1810 4292 si
1829 4252 1887 4291 non

131 4323 172 4379 mi
197 4328 271 4379 esset
298 4324 333 4378 ad
358 4323 480 4379 salntem
502 4322 651 4391 momenti,
675 4325 760 4379 hosce
784 4323 982 4397 philosophos,
1035 4331 1111 4384 carta
1125 4330 1223 4400 (Epist.
1240 4331 1272 4392 1).
1289 4326 1426 4382 0111111111
1439 4327 1533 4382 adhuc
1546 4326 1888 4398 rariasphilosophorum

132 4411 183 4484 qui
215 4410 341 4467 veritatis
375 4411 492 4481 ostium,
528 4412 607 4468 omni
634 4429 684 4485 spe
712 4413 791 4469 illam
820 4413 983 4469 inveniendi
1036 4421 1124 4474 sectas
1139 4417 1173 4473 nd
1188 4433 1275 4471 uuam
1287 4420 1354 4472 tunc
1369 4417 1497 4472 redactae
1507 4415 1607 4472 videri.
1624 4415 1766 4471 Ceterum
1781 4432 1816 4470 ea
1832 4414 1889 4470 dis·

134 4501 277 4572 adempta,
296 4499 353 4572 ipsi
370 4501 598 4574 praeludebant,
618 4501 734 4574 quantis
756 4507 852 4574 posset
867 4502 984 4559 rationi·
1036 4505 1161 4580 captatio
1176 4504 1354 4578 argumentis
1368 4504 1615 4571 Academicorum,
1631 4520 1696 4576 quae
1711 4503 1785 4559 forte
1799 4520 1888 4575 nego·

131 4589 186 4646 bus
202 4588 319 4663 aggredi
341 4590 497 4647 coustituit.
521 4590 622 4647 Paucis
641 4607 709 4663 ergo
724 4608 807 4647 1110
830 4591 861 4646 in
883 4593 981 4647 sillam
1036 4595 1109 4652 tium
1122 4595 1215 4651 adhuc
1224 4594 1411 4663 facessebant,
1422 4594 1553 4651 animum
1563 4594 1625 4666 ejus
1635 4592 1788 4649 miserante
1803 4597 1889 4665 atque

132 4697 242 4737 secessu
265 4682 414 4737 transactis
438 4683 548 4751 diebus,
572 4683 738 4755 Trygetium
764 4687 793 4740 et
817 4683 977 4740 Licentium
1036 4683 1616 4757 1111111011010110111111(11111111.111.
1639 4686 1664 4751 1,
1685 4697 1745 4752 cup.
1765 4686 1830 4752 l,a.
1851 4680 1890 4752 1),

131 4786 227 4826 secum
250 4769 373 4826 invicem
398 4773 570 4829 contendere
593 4773 629 4829 de
651 4773 704 4828 hac
724 4789 754 4828 re
775 4773 871 4845 jussit,
887 4772 927 4829 ita
952 4776 983 4829 ut
1036 4773 1164 4845 illudque
1185 4772 1301 4844 penitus
1315 4773 1430 4846 abrupit
1444 4772 1646 4835 retinaculum,
1673 4788 1731 4844 quo
1746 4771 1783 4826 ab
1799 4771 1889 4827 ubere

131 4859 178 4916 hic
196 4863 290 4932 partes
304 4859 538 4917 Academicorum
553 4862 718 4930 sustineret,
740 4862 788 4917 illc
808 4878 906 4918 coram
920 4861 983 4936 ipso
1037 4861 1237 4937 philosophia,
1253 4861 1452 4935 desperatione
1474 4860 1640 4917 inveniendi
1655 4859 1725 4926 reri,
1742 4874 1825 4915 meus
1840 4873 1891 4913 sua

132 4947 293 5023 Augustino
317 4951 345 5003 et
366 4949 468 5021 Alypio
493 4949 686 5023 impugnaret.
710 4952 815 5007 Aderat
838 4950 982 5024 Navigius,
1037 4956 1102 5007 ante
1117 4950 1331 5006 conversionem
1342 4950 1539 5007 refrenabatur
1554 4949 1653 5021 (Epist.
1672 4952 1697 5016 l,
1712 4963 1740 5003 u.
1759 4949 1799 5019 3).
1818 4946 1891 5012 Qua·

133 5039 183 5094 sed
194 5053 284 5110 pauca
297 5037 431 5109 protulit.
449 5039 567 5111 Alypius
578 5040 666 5096 etiam
681 5042 843 5113 paulopost
857 5040 985 5097 discessit
1037 5045 1155 5116 propter
1169 5040 1257 5094 linem
1273 5038 1353 5111 operi
1367 5039 1529 5111 imponens,
1545 5038 1696 5109 profitetur
1716 5053 1745 5092 sc
1760 5037 1795 5092 de
1809 5052 1889 5093 com·

134 5128 244 5199 (Contra
265 5127 450 5195 Academicos,
471 5129 518 5183 lib.
538 5130 562 5195 1,
583 5144 612 5184 u.
628 5130 665 5201 8),
682 5146 747 5185 cum
770 5131 823 5186 iter
838 5130 867 5185 iu
882 5131 984 5187 urbem
1006 5166 1010 5172 »
1038 5131 1164 5204 paranda
1178 5129 1318 5200 sapientia
1333 5144 1390 5184 non
1404 5127 1528 5200 amplius
1541 5128 1703 5198 desperare,
1717 5142 1804 5197 sequa
1821 5125 1891 5182 huic

134 5217 327 5273 Mediolanum
348 5221 423 5271 essct
437 5216 491 5289 ipsi
508 5218 692 5274 constitutum
706 5220 800 5290 (ibid,
813 5237 841 5278 u.
861 5221 909 5293 5)i
930 5220 985 5276 Alii
1038 5219 1241 5294 adipiscendae,
1256 5218 1425 5289 posthabitis
1435 5217 1542 5273 crateris
1557 5217 1690 5273 omuibus
1704 5231 1769 5288 quae
1783 5220 1891 5271 morta·

133 5310 230 5362 tamen
256 5306 431 5378 colloquium
456 5306 556 5380 *tribus
591 5308 735 5364 continuis
761 5309 860 5366 diebus
891 5310 983 5379 (leid,
1039 5310 1080 5366 les
1095 5309 1191 5380 magni
1206 5307 1324 5371 faciunt,
1335 5307 1469 5363 insudare
1479 5307 1760 5379 statuisse3cumqua
1772 5305 1890 5378 gemino

134 5409 181 5449 uu.
208 5395 563 5468 11,15),1111111010111,
589 5397 740 5454 undecimo
761 5403 790 5455 et
814 5398 984 5455 duodecimo
1038 5398 1174 5472 pondere,
1198 5395 1374 5452 auctoritatis
1397 5400 1481 5469 atque
1506 5394 1638 5465 rationis,
1663 5394 1699 5450 ad
1721 5394 1891 5450 discendum

135 5485 306 5554 novembris,
330 5490 363 5542 ut
390 5486 510 5553 videtur,
539 5487 581 5541 vel
612 5489 726 5560 quarto,
757 5487 928 5544 duodecimo
956 5492 984 5545 et
1041 5487 1233 5561 impellamur,
1266 5503 1295 5542 se
1317 5501 1460 5560 nusquam
1484 5489 1500 5542 'a
1521 5483 1625 5542 Christi
1656 5483 1835 5551 auctoritate,
1859 5488 1893 5539 ut
